3178 5185
744 396 998 451 RERVM
1039 395 1511 452 RVSTIOARVM
1548 397 1677 453 LIB.
1717 399 1741 452 I
1782 391 2025 451 44-45
2405 397 2534 462 183

283 565 542 646 alescunt,
606 564 799 625 adulta
864 566 1234 645 concipiunt,
1299 567 1637 643 praegnatia
1703 565 1830 646 [L],
1897 583 2033 626 cum
2092 573 2232 625 sunt
2287 572 2533 645 matura,

283 675 495 751 pariunt
534 690 703 751 poma
749 680 850 732 aut
896 674 1137 752 spicam,
1186 673 1271 731 sic
1310 671 1436 731 alia.
1520 689 1551 731 a
1591 690 1708 750 quo
1747 672 2079 750 profectum
2118 671 2274 731 redit
2312 690 2532 731 semen.

284 781 457 857 itaque
506 781 555 838 si
606 778 811 838 florem
870 764 1222 838 acerbumre
1278 780 1473 857 pirum
1530 777 1761 839 aliudve
1820 779 1960 858 quid
2018 779 2415 857 decerpseris,
2471 780 2532 838 iu

283 886 463 946 eodem
505 885 628 946 loco
674 885 880 945 eodem
924 904 1079 944 anno
1116 885 1263 945 nihil
1301 887 1655 966 renascitur,
1704 885 1859 964 quod
1898 887 2336 964 praegnationis
2375 885 2533 944 idem

238 993 363 1053 abis
404 992 601 1053 habere
647 1011 766 1053 non
815 999 1027 1071 potest.
1120 1000 1187 1052 ut
1233 994 1388 1053 enim
1436 992 1719 1053 mulieres
1765 992 1983 1053 habent
2023 993 2093 1053 ad
2130 999 2366 1073 partum
2407 992 2533 1052 dies

279 1109 476 1180 certoS,
519 1102 600 1160 sic
648 1099 892 1160 arbores
939 1117 1005 1159 ac
1054 1100 1273 1177 fruges

435 1206 684 1267 Primum
740 1206 1093 1285 plerumque
1151 1226 1183 1266 e
1239 1213 1399 1266 terra
1453 1208 1574 1266 exit
1629 1206 1917 1266 hordeum
1975 1205 2185 1266 diebus
2240 1221 2366 1286 vn,
2423 1225 2533 1266 nec
2573 1205 2720 1265 XLV

283 1312 445 1374 multo
485 1323 612 1393 post
648 1315 944 1395 triticum3
992 1313 1285 1391 legumina
1327 1314 1449 1374 fere
1490 1313 1821 1392 quadriduo
1861 1321 1963 1373 aut
2003 1315 2264 1392 quinque
2304 1312 2532 1394 diebuS,

281 1429 657 1501 praeterquam
716 1420 873 1482 faba:
932 1441 997 1481 ea
1055 1423 1213 1483 enim
1271 1422 1463 1481 serius
1510 1420 1810 1500 ailquanto
1858 1421 2073 1500 prodit,
2122 1438 2291 1498 seges
2338 1430 2533 1480 osten·

222 1545 261 1583 ιο
284 1526 372 1588 dit.
455 1530 585 1589 item
630 1527 859 1589 milium
908 1535 968 1588 et
1005 1531 1217 1588 sesima
1258 1536 1319 1590 et
1356 1536 1550 1589 cetera
1593 1527 1864 1588 similiter
1901 1530 2106 1606 aequis
2145 1528 2269 1588 fere
2308 1527 2536 1607 diebuS,

282 1644 658 1715 praeterquam
718 1637 914 1715 siquid
971 1637 1143 1714 regio
1192 1643 1295 1696 aut
1348 1643 1670 1714 tempestas
1728 1636 1830 1695 viti
1885 1634 2108 1715 attulit,
2166 1653 2282 1713 quo
2339 1636 2537 1695 minus

282 1743 350 1800 ita
401 1743 504 1804 fiat.
590 1763 738 1822 quae
795 1746 856 1804 in
914 1745 1230 1804 seminario
1278 1750 1438 1824 nata,
1495 1745 1547 1803 si
1594 1742 1722 1803 loca
1769 1750 1946 1803 erunt
1992 1743 2321 1824 frigidiora,
2380 1746 2587 1821 quae2

283 1846 423 1907 molli
473 1858 673 1910 natura
730 1860 897 1930 sunt,
952 1869 1061 1929 per
1118 1850 1406 1911 brumalia
1463 1858 1730 1928 tempora
1788 1857 1989 1928 tegere
2046 1857 2282 1929 oportet
2328 1849 2537 1910 froude

284 1962 370 2013 aut
424 1959 765 2018 stramentis,
860 1960 910 2017 si
967 1965 1144 2017 erunt
1199 1956 1421 2017 imbres
1478 1960 1695 2038 secuti,
1751 1958 2067 2018 videndum
2122 1957 2340 2019 necubi
2388 1975 2537 2036 aqua

222 2074 260 2113 15
285 2063 559 2123 consistat:
614 2083 906 2124 venenum
962 2066 1120 2124 enim
1177 2065 1373 2142 gelum
1421 2064 1721 2125 radicibus
1768 2064 2018 2125 tenellis
2113 2064 2223 2126 sub
2271 2071 2431 2124 terra
2479 2071 2539 2123 et

286 2184 441 2244 supra
490 2171 728 2249 virgulta
788 2190 862 2231 ne
919 2172 1126 2232 eodem
1181 2179 1447 2251 tempore
1495 2190 1682 2251 aeque
1730 2179 2025 2232 crescunt.
2117 2190 2252 2231 nam
2298 2171 2587 2232 radices3

286 2281 533 2337 autumno
588 2286 688 2339 aut
738 2279 933 2339 hieme
981 2281 1165 2356 magis
1212 2278 1324 2339 sub
1371 2287 1532 2338 terra
1581 2298 1755 2358 quam
1804 2297 1983 2357 supra
2031 2248 2322 2357 aiescunt,
2379 2276 2536 2356 quod

287 2387 449 2441 tectae
515 2391 703 2446 terrae
768 2395 972 2466 tepore
1028 2395 1458 2467 propagantur,
1525 2404 1707 2464 supra
1764 2394 1981 2447 terram
2038 2403 2174 2445 aere
2231 2384 2538 2462 frigidiore

288 2488 575 2565 tinguntur.
667 2495 867 2572 itaque
924 2495 1005 2553 ita
1062 2512 1192 2553 esse
1250 2494 1466 2553 docent
1520 2493 1837 2573 silvestria,
1895 2494 1966 2554 ad
2016 2503 2164 2572 quae
2213 2501 2373 2553 sator
2420 2510 2539 2552 non

435 2687 469 2733 3
513 2681 697 2749 itaque
744 2682 791 2736 si
837 2682 1029 2737 florem
1074 2683 1336 2753 Theophr.
1386 2701 1532 2738 caus.
1573 2685 1755 2753 plant.
1796 2684 1840 2737 I
1875 2688 1962 2750 14,
2000 2688 2032 2737 1
2215 2688 2244 2736 7
2294 2683 2540 2737 Primum

286 2765 575 2837 plerumque
618 2772 883 2841 Theophr.
931 2774 1053 2827 hist.
1099 2775 1282 2842 plant.
1329 2773 1491 2827 VIII
1521 2780 1571 2839 1,
1612 2780 1644 2828 5
1830 2778 1894 2826 15
1942 2772 2044 2825 sub
2092 2776 2242 2827 terra.
2279 2776 2337 2827 et
2373 2789 2541 2841 supra.

291 2854 524 2927 Theophr.
558 2877 704 2916 caus,
740 2861 916 2931 plant.
956 2862 999 2913 I
1020 2867 1116 2928 -12,
1157 2868 1189 2916 1
1226 2880 1336 2932 sqq.

408 3042 432 3088 1
489 3039 809 3109 praegnatia
864 3043 1023 3109 (corr.
1071 3041 1408 3110 praegnatia,
1452 3040 1528 3109 A)
1571 3039 1677 3096 .1.
1707 3057 1832 3093 cum
1890 3041 2021 3093 sunt
2064 3039 2186 3094 AB
2231 3030 2564 3108 praegnan-⁸

291 3118 371 3175 ia.
398 3123 450 3181 L.
497 3144 615 3180 cum
661 3130 791 3182 sunt
828 3128 884 3182 P
922 3127 1296 3199 praegnantia
1343 3129 1435 3182 uel
1483 3147 1611 3182 cum
1657 3129 1786 3182 sunt
1831 3145 1862 3182 v
2019 3127 2261 3181 maturia
2297 3128 2351 3181 A
2399 3144 2536 3182 corr.

293 3249 477 3304 matura
515 3252 593 3306 A2
640 3258 700 3306 ut
746 3254 963 3308 videtur
1142 3263 1173 3307 2
1220 3271 1388 3324 poma
1432 3273 1470 3320 u
1517 3254 1618 3306 aut
1661 3254 1716 3308 B
1870 3259 1901 3305 3
1951 3230 2252 3306 decerpserit
2296 3270 2433 3308 corr.
2473 3285 2539 3293 —

294 3334 354 3388 ris
384 3339 433 3391 A
561 3347 594 3394 4
631 3340 808 3396 nichil
846 3344 901 3395 A
1046 3349 1079 3397 6
1117 3342 1384 3397 harbores
1422 3343 1478 3398 A

412 3471 437 3518 7
473 3484 499 3520 e
533 3445 653 3524 te¹ra
689 3467 745 3522 A
856 3475 886 3522 9
925 3469 1059 3523 faba.
1107 3468 1218 3524 VB
1255 3468 1387 3522 fab-a,
1424 3468 1478 3522 A
1589 3484 1748 3538 seges
1789 3468 2036 3522 ostendit
2072 3468 2263 3522 delevit
2310 3468 2543 3522 Ursinus

303 3646 306 3650 ,
413 3596 471 3646 10
512 3560 689 3649 sesima
727 3595 781 3648 A
962 3596 1185 3649 caetera,
1234 3593 1286 3646 V
1464 3598 1526 3646 11
1577 3592 1705 3646 uitii
1751 3591 1925 3646 VAB
2106 3591 2275 3646 atulit
2310 3591 2366 3645 A

300 3714 351 3764 13
390 3697 548 3787 tegere
577 3721 634 3775 A
790 3726 856 3774 15
904 3719 1159 3775 consistit
1194 3717 1250 3772 A
1405 3718 1596 3788 gelum
1634 3718 1815 3773 PAR
1861 3717 1994 3787 gelu
2040 3734 2072 3770 v
2223 3714 2447 3769 tenellis
2497 3715 2548 3766 V

298 3803 337 3850 et
379 3812 781 3879 superscriptum
825 3810 881 3863 B
946 3808 1164 3863 tenedis
1219 3810 1312 3862 sed
1367 3808 1452 3861 dis
1507 3809 1572 3861 in
1625 3823 1832 3861 rasura
1876 3805 1930 3858 A
1977 3804 2232 3859 tenendis
2277 3822 2330 3857 m
2478 3810 2542 3857 16

298 3902 353 3939 110
375 3895 553 3950 ,eodem
581 3898 763 3953 PAR
803 3914 903 3951 nec
941 3896 1135 3951 eodem
1172 3913 1204 3949 v
1354 3902 1417 3949 17
1457 3896 1725 3949 autumno
1755 3896 1809 3947 A
1848 3896 2095 3949 autunno
2125 3896 2181 3949 B
2219 3897 2462 3948 auctfino
2499 3892 2552 3945 V

414 3987 547 4050 quod
600 3988 783 4041 tectae
838 3987 1022 4039 terrae
1077 3987 1272 4055 tepore
1318 3986 1439 4039 AB
1497 4002 1607 4052 quo
1664 3985 1813 4038 tecte
1868 3986 2053 4038 terrae
2108 3986 2300 4053 tepore
2337 3983 2394 4036 P
2434 3999 2542 4051 quo

302 4069 421 4123 certe
446 4074 583 4129 terra
608 4077 861 4144 tempore
891 4074 1074 4129 tectae
1102 4091 1133 4127 v
1283 4080 1345 4128 19
1384 4073 1678 4142 tinguntur
1705 4073 1881 4127 VAB
1909 4072 2205 4141 ringantur
2237 4072 2543 4125 Iucundus.

304 4151 438 4212 ‘Aere
470 4162 754 4233 frigidiore
794 4162 1090 4231 tinguntur
1120 4205 1130 4216 .
1165 4164 1353 4217 Manu
1389 4164 1585 4231 scripti
1623 4164 1754 4217 libri
1780 4164 1860 4216 sic
1886 4164 2080 4215 habent
2110 4179 2121 4212 ε
2152 4159 2370 4214 Excusi
2397 4176 2545 4224 uero,

303 4239 582 4314 Rinyuntur
611 4274 623 4306 ε
652 4260 852 4308 neutra
881 4253 1034 4307 lectio
1062 4254 1198 4307 satis
1218 4254 1432 4321 plana:
1455 4282 1523 4291 -
1544 4252 1823 4317 Fortasse,
1855 4251 2207 4319 Tanyuntur,
2236 4249 2341 4316 le9i
2369 4249 2539 4302 debet’

309 4326 541 4395 Victorius
569 4385 580 4397 .
610 4342 961 4411 stringuntur
997 4342 1302 4395 Pontedera
1330 4358 1389 4408 p.
1429 4343 1534 4393 161
1683 4340 1876 4407 itaque
1906 4339 1988 4391 ita
2020 4353 2139 4390 esse
2170 4337 2351 4390 PAB
2378 4337 2544 4405 idque

306 4414 368 4472 ita
412 4441 515 4482 esse
565 4448 637 4484 v.
668 4432 901 4498 fortasse
954 4431 1122 4498 atqne
1169 4427 1254 4482 ita
1299 4445 1417 4483 esse
1562 4429 1635 4482 ad
1682 4443 1825 4497 quae
1873 4428 2027 4480 sator
2061 4424 2246 4479 A²mv
2295 4428 2354 4479 ab
2401 4441 2545 4494 quae

306 4510 427 4564 sator
459 4517 507 4570 P
537 4521 655 4589 atq3
697 4521 851 4574 sator
886 4519 1005 4572 AB
