3178 5185
319 1017 346 1056 5

287 1553 344 1591 10

288 2086 340 2126 15

854 406 1109 461 RERVM
1150 406 1624 465 RVSTIOARVM
1661 409 1796 463 LIB.
1836 408 1913 462 111
1959 403 2198 460 11-12
2561 409 2690 473 299

377 573 628 634 Fulvius
687 573 982 653 Lippinus
1049 573 1269 634 dicitur
1335 574 1556 634 habere
1624 577 1686 634 in
1744 575 2163 654 Tarquiniensi
2229 585 2430 655 saepta
2486 554 2692 654 iugera

380 681 810 762 quadraginta,
863 682 926 740 in
983 700 1101 760 quo
1158 689 1299 741 sunt
1353 681 1583 742 inclusa
1640 700 1760 742 non
1818 682 2007 744 solum
2064 702 2131 744 ea
2181 702 2329 762 quae
2379 683 2528 764 dixi,
2586 683 2689 743 sed

377 789 559 847 etiam
618 806 764 848 oves
812 789 997 869 ferae,
1054 790 1232 848 etiam
1280 789 1392 848 hoc
1439 791 1631 849 maius
1677 789 1775 849 hic
1824 792 1885 849 in
1934 790 2298 851 Statoniensi
2343 799 2402 850 et
2450 791 2690 869 quidam

376 896 444 953 in
510 894 664 955 locis
722 894 879 975 aliis;
944 897 1006 955 in
1063 894 1246 955 Gallia
1302 914 1442 955 vero
1499 895 1863 975 transalpina
1919 896 1983 957 T.
2074 896 2391 976 Pompeius
2448 906 2677 958 tantum
2702 904 2737 959 2

376 1010 659 1080 saeptum
717 1003 1077 1082 venationiS,
1134 1010 1200 1062 ut
1261 1003 1502 1062 circiter
1550 1020 1631 1062 00
1677 1021 1756 1061 00
1803 1021 1883 1062 00
1931 1021 2011 1061 00
2064 1022 2302 1083 passum
2359 1003 2553 1064 locum
2601 1006 2686 1064 in·

375 1109 618 1170 clusum
666 1108 900 1169 habeat.
966 1117 1274 1188 praeterea
1320 1112 1382 1169 in
1430 1109 1641 1170 eodem
1687 1120 2006 1191 consaepto
2055 1112 2180 1172 fere
2227 1110 2446 1171 habere
2496 1110 2687 1171 solent

378 1215 482 1293 [de
544 1215 927 1292 animalibus]
996 1216 1271 1277 cocliaria
1337 1225 1514 1296 atque
1584 1216 1799 1278 alvaria
1866 1227 2043 1298 atque
2100 1221 2277 1278 etiam
2337 1218 2519 1299 dolia,
2586 1218 2689 1279 ubi

374 1323 641 1384 habeant
708 1323 1023 1384 conclusos
1079 1324 1274 1403 glires,
1378 1323 1480 1384 sed
1541 1324 1755 1384 horum
1814 1327 2077 1386 omnium
2136 1325 2429 1407 custodia,
2495 1328 2685 1385 incre-

373 1439 653 1490 mentum
720 1440 780 1492 et
845 1433 1035 1511 pastio
1101 1441 1331 1512 aperta,
1398 1440 1813 1511 praeterquam
1872 1432 1944 1493 de
1990 1431 2230 1512 'apibus
2330 1436 2464 1513 quis
2520 1436 2736 1497 enim3

373 1538 620 1615 ignorat
677 1548 879 1617 saepta
927 1557 958 1599 e
1005 1541 1283 1599 maceriis
1329 1540 1408 1598 ita
1458 1558 1588 1600 esse
1638 1549 1915 1619 oportere
1963 1543 2024 1600 in
2070 1541 2395 1623 leporario,
2455 1551 2519 1603 ut
2567 1551 2687 1603 tec-

374 1646 539 1704 torio
587 1653 747 1706 tacta
794 1647 915 1706 sint
961 1655 1022 1707 et
1068 1649 1187 1706 sint
1235 1644 1393 1707 alta?
1466 1647 1722 1707 alterum
1768 1666 1843 1707 ne
1891 1648 2058 1708 faelis
2104 1657 2207 1709 aut
2252 1649 2457 1710 maelis
2505 1650 2688 1711 aliave

374 1771 536 1831 quae
595 1752 787 1813 bestia
843 1756 1093 1814 introire
1148 1756 1363 1835 possit,
1419 1754 1675 1815 alterum
1734 1773 1806 1815 ne
1864 1756 2040 1835 lupus
2091 1757 2422 1838 transilire3
2486 1758 2688 1836 ibique

374 1878 518 1919 esse
577 1860 865 1941 latebraS,
921 1859 1027 1921 ubi
1073 1860 1309 1939 lepores
1357 1862 1653 1922 interdius
1701 1861 2037 1923 delitiscant
2084 1865 2144 1922 in
2193 1863 2465 1942 virgultis
2511 1872 2688 1942 atque

373 1966 619 2047 herbiS,
677 1976 738 2028 et
784 1967 1029 2028 arbores
1075 1968 1294 2047 patulis
1341 1971 1539 2049 ramiS,
1586 1987 1737 2048 quae
1785 1969 2015 2048 aquilae
2063 1970 2370 2048 inpediant
2418 1979 2685 2032 conatus,

375 2075 522 2152 quis
560 2075 703 2133 item
744 2078 953 2154 nescit,
990 2092 1213 2154 paucos
1251 2077 1303 2135 si
1338 2075 1592 2157 leporeS,
1629 2094 1824 2136 mares
1864 2084 1931 2136 ut
1964 2076 2230 2151 feminaS,
2270 2079 2678 2158 intromiserit,
2700 2082 2740 2138 4

375 2180 553 2240 brevi
610 2188 878 2261 tempore
938 2181 1065 2242 fore
1114 2190 1180 2242 ut
1227 2180 1570 2262 inpleatur?
1637 2190 1797 2243 tanta
1847 2183 2178 2244 fecunditas
2226 2183 2404 2244 huius
2452 2185 2686 2263 quadri-

324 2290 325 2293 ’
375 2288 579 2367 pediS.
659 2297 941 2367 quattuor
990 2289 1163 2348 modo
1211 2291 1370 2349 enim
1418 2291 1742 2350 intromisit
1791 2292 1851 2349 in
1899 2290 2276 2370 leporarium,
2324 2290 2490 2351 brevi
2539 2291 2688 2352 solet

286 2623 347 2662 20

376 2394 624 2474 repleri.
728 2380 950 2456 etenim
1017 2415 1219 2476 saepe,
1285 2414 1422 2456 cum
1494 2396 1716 2457 habent
1785 2397 2011 2457 catulos
2067 2406 2367 2477 recenteS,
2424 2398 2568 2458 alios
2626 2401 2687 2459 in

375 2510 591 2562 ventre
651 2501 869 2563 habere
928 2506 1326 2582 reperiuntur.
1420 2505 1622 2582 itaque
1680 2503 1752 2563 de
1803 2505 1874 2563 iis
1922 2504 2247 2568 Archelaus
2294 2505 2532 2587 scribit,
2589 2525 2687 2565 an-

380 2629 604 2671 norum
645 2621 791 2689 quot
829 2614 907 2672 sit
947 2613 1050 2690 qui
1088 2611 1227 2671 velit
1258 2613 1431 2693 scire,
1469 2614 1767 2690 inspicere
1799 2621 2075 2691 oportere
2106 2614 2393 2674 foramina
2425 2621 2687 2696 naturae,

498 2825 524 2871 1
565 2817 821 2888 Fulvius]
854 2816 1055 2871 fluuius
1084 2819 1203 2873 Am
1311 2818 1561 2888 lippinus
1596 2819 1781 2873 PAB
1807 2818 2032 2889 lupinus
2060 2838 2154 2875 mv
2261 2820 2607 2890 tarquinensi
2635 2823 2692 2877 Β

474 2908 640 2976 septa.
678 2907 732 2959 V
819 2914 850 2960 2
881 2908 1031 2978 sunt]
1064 2907 1177 2961 sint
1205 2909 1324 2964 Bm
1414 2907 1633 2961 inclusa
1662 2908 1957 2964 Iucundus
1983 2908 2230 2965 inclusae
2263 2911 2376 2965 VB
2402 2910 2613 2967 incluse
2637 2913 2690 2965 A

515 3038 546 3085 3
584 3031 679 3085 hic
717 3030 779 3084 in
817 3030 1151 3086 statoniensi
1200 3033 1252 3086 V
1284 3033 1376 3087 hic
1414 3033 1474 3086 in
1512 3011 1829 3089 statoffensi
1864 3033 1920 3087 A
1958 3033 2016 3086 in
2053 3032 2382 3088 statoniensi
2418 3034 2512 3087 hio
2550 3052 2687 3090 corr.

379 3119 480 3175 hic
518 3120 575 3174 in
606 3120 942 3175 statoniensi
969 3123 1025 3175 Β
1055 3121 1113 3175 in
1142 3122 1488 3177 straconensi
1515 3140 1569 3177 m
1678 3130 1711 3176 4
1747 3122 2019 3192 ponpeius
2047 3121 2102 3175 A
2211 3127 2243 3175 5
2283 3125 2502 3191 septum
2537 3123 2591 3175 V

380 3226 466 3265 00
497 3226 578 3266 00
608 3225 687 3265 00
718 3205 798 3265 00
835 3227 1062 3279 passum
1112 3211 1168 3262 P
1209 3226 1289 3266 00
1322 3227 1398 3266 00
1436 3210 1540 3263 XX
1584 3212 1795 3281 passim
1843 3213 1896 3265 A
1934 3210 2139 3264 XXXX
2185 3229 2406 3281 passum
2441 3213 2497 3265 Β
2537 3213 2691 3267 XXX

381 3316 652 3369 passuum
690 3316 744 3353 m
780 3296 987 3352 XXXX
1026 3298 1184 3354 milia
1220 3317 1487 3368 passuum
1521 3318 1554 3354 v
1701 3309 1732 3355 6
1776 3303 2043 3369 consepto
2092 3301 2144 3354 V
2281 3301 2396 3355 fere
2434 3319 2532 3356 om.
2573 3304 2690 3357 Am

507 3395 535 3442 7
576 3389 646 3442 de
687 3387 1025 3442 animalibus
1062 3390 1289 3443 inclusit
1327 3389 1597 3443 Gesnerus
1635 3395 1855 3444 auctore
1900 3389 2099 3443 Ursino
2218 3390 2482 3445 cocliaria.
2518 3395 2690 3461 atque

381 3478 603 3532 alnaria.
641 3477 758 3530 ΡΒ
805 3476 1072 3531 cocliaria.
1118 3478 1297 3546 adque
1348 3478 1565 3532 alnaria
1604 3480 1657 3532 A
1707 3478 1987 3534 coclearia
2024 3481 2192 3547 atque
2231 3480 2480 3535 aluearia
2516 3500 2548 3537 v

382 3571 415 3620 8
455 3567 681 3637 horum]
723 3582 882 3620 orum
913 3567 968 3621 A
1059 3573 1090 3619 9
1131 3567 1226 3637 de]
1258 3567 1332 3621 da
1361 3584 1497 3623 corr.
1530 3568 1600 3622 de
1629 3567 1684 3621 A
1779 3574 1844 3621 10
1883 3569 2044 3636 septa
2083 3568 2134 3620 V
2225 3575 2286 3621 11
2326 3572 2482 3625 tacta
2509 3572 2690 3626 PAB

382 3658 540 3711 tecta
587 3673 682 3709 mv
831 3655 975 3726 alta]
1025 3656 1180 3721 altitu.
1226 3657 1281 3711 A
1426 3655 1553 3729 felis
1603 3660 1702 3711 aut
1746 3657 1910 3730 melis
1955 3658 2073 3711 ΡΒ
2121 3657 2249 3711 felis
2297 3660 2394 3712 aut
2438 3658 2599 3714 melis
2635 3661 2690 3712 A

384 3745 526 3800 feles
555 3748 657 3800 aut
682 3745 859 3800 meles
886 3763 920 3800 v
1032 3751 1096 3799 13
1134 3744 1407 3816 interdius
1444 3748 1499 3800 A
1528 3746 1772 3815 interdiu
1809 3747 1921 3800 VB
2029 3746 2352 3800 delitiscunt
2384 3748 2438 3799 P
2464 3749 2690 3802 delites-

387 3838 519 3889 cant
547 3834 712 3889 ABv
828 3839 894 3886 14
931 3833 1224 3902 inpediant
1258 3836 1314 3890 A
1350 3835 1664 3905 impediant
1703 3836 1814 3888 VB
1926 3842 1989 3888 15
2029 3837 2165 3890 item
2192 3836 2313 3890 AB
2349 3837 2498 3890 enim
2537 3838 2590 3890 V

388 3940 568 3979 mares
614 3925 682 3977 ut
726 3921 964 3978 feminas
1002 3923 1124 3977 AB
1167 3942 1349 3979 mares
1397 3929 1461 3979 ut
1504 3924 1781 3979 foeminas
1818 3925 1875 3978 P
1909 3942 2091 3979 mares
2130 3927 2229 3979 aut
2267 3925 2537 3980 foeminas
2574 3944 2688 3981 mv.

391 4012 593 4068 ‘Mares
640 4014 706 4066 ut
742 4011 1034 4067 foeminas.
1113 4014 1193 4067 In
1228 4015 1440 4069 excusis
1478 4020 1670 4080 antea,
1720 4015 1913 4069 Mares
1948 4016 2013 4068 in
2046 4016 2342 4082 foeminaS,
2392 4021 2645 4085 corrupte
2672 4038 2688 4069 .-

386 4109 543 4158 uetus
581 4103 740 4158 lectio
777 4107 829 4155 et
864 4118 1013 4170 uera,
1053 4108 1102 4156 et
1130 4105 1343 4172 eleyans
1369 4104 1468 4158 est’
1539 4103 1830 4159 Victorius
1887 4105 2120 4170 fortasse
2148 4121 2327 4159 mares
2358 4122 2421 4159 ac
2451 4104 2688 4159 feminas

529 4199 596 4247 16
634 4194 837 4259 tepore
872 4190 928 4244 A
1071 4192 1373 4261 impleatur
1415 4192 1600 4247 PAB
1636 4193 1923 4262 repleatur
1958 4211 1990 4247 v
2133 4192 2482 4247 foecunditas
2531 4192 2584 4245 V

386 4280 754 4350 quadripedis
798 4279 982 4333 PAR
1019 4281 1394 4357 quadrupedis
1433 4298 1463 4335 v
1576 4289 1641 4336 17
1682 4286 1922 4350 quatuor
1959 4282 2107 4335 enim
2146 4281 2314 4336 modo
2352 4281 2399 4334 si
2436 4281 2687 4336 intromi-

384 4372 515 4425 seris
552 4371 857 4425 Iueundus
1001 4368 1310 4424 intromisit
1346 4371 1527 4424 PAB
1565 4370 1900 4425 intromissis
1937 4389 1968 4424 v
2067 4376 2154 4423 ·18
2194 4369 2400 4424 etenim
2451 4371 2689 4425 Ursinus

381 4463 442 4515 ut
477 4460 630 4516 enim
674 4458 857 4512 VAB
953 4465 1017 4512 19
1057 4459 1126 4513 de
1164 4458 1233 4512 iis
1268 4460 1383 4513 ΡΒ
1421 4461 1491 4514 de
1528 4461 1638 4513 hiis
1667 4462 1785 4514 Am
1813 4462 1881 4514 de
1909 4459 1997 4513 his
2025 4477 2056 4512 v
2149 4466 2218 4514 20
2255 4462 2321 4529 qt
2349 4460 2424 4513 sit
2454 4461 2504 4512 A
2536 4461 2688 4528 quod

378 4551 450 4605 sit
480 4552 539 4605 P
573 4549 735 4620 quod
775 4549 936 4618 (corr.
976 4550 1134 4616 quot)
1174 4548 1287 4601 sint
1314 4554 1377 4602 ut
1401 4551 1617 4604 videtur
1645 4550 1701 4602 Β
1728 4552 1867 4618 quot
1903 4549 2017 4602 sint
2039 4543 2074 4602 'v
2184 4549 2308 4618 quis
2337 4549 2479 4604 uelit
2511 4549 2686 4604 VAB
