3178 5185
491 1423 558 1483 ln
609 1427 818 1502 priore
875 1424 1053 1484 huius
1109 1425 1389 1485 editionis
1444 1433 1611 1504 parte
1660 1424 1939 1485 Varronis
1997 1443 2199 1485 rerum
2254 1430 2614 1489 rustic-arum

325 1529 450 1590 libri
510 1550 629 1594 una
695 1549 835 1593 cum
896 1531 1133 1592 Catonis
1195 1527 1266 1592 de
1329 1532 1692 1610 agricultura
1754 1532 1905 1592 libro
1965 1533 2046 1593 ita
2105 1533 2247 1594 editi
2304 1544 2500 1611 erant,
2551 1544 2617 1596 ut

325 1640 611 1717 scriptura
662 1638 881 1698 horum
927 1638 1242 1719 librorum,
1290 1657 1439 1717 quae
1487 1641 1547 1698 in
1598 1637 2034 1718 exemplaribus
2082 1649 2250 1700 antea
2310 1644 2617 1721 impressis

326 1745 705 1806 vehementer
769 1754 1047 1825 corrupta
1111 1746 1439 1827 ferebatur,
1496 1746 1565 1806 ad
1626 1746 1801 1806 fidem
1861 1747 2075 1806 veteris
2132 1747 2383 1830 codiciS,
2439 1768 2615 1827 quem

330 1851 458 1912 olim
488 1852 761 1932 Angelus
799 1852 1127 1913 Politianus
1167 1864 1226 1912 et
1263 1853 1478 1913 Petrus
1518 1853 1816 1914 Victorius
1853 1865 2302 1937 usurpaverant,
2331 1865 2617 1934 quantum

325 1962 442 2020 fieri
488 1969 723 2042 posset,
772 1968 1169 2021 revocaretur.
1264 1978 1398 2020 nam
1447 1978 1516 2020 ex
1567 1961 1681 2020 hoc
1730 1978 1849 2021 uno
1897 1960 2101 2021 codice
2150 1980 2253 2021 eos
2309 1965 2414 2041 qui
2463 1981 2620 2023 nunc

325 2076 642 2145 supersunt
693 2086 902 2127 omnes
951 2076 1246 2146 tamquam
1293 2086 1365 2127 ex
1405 2069 1709 2127 communi
1757 2067 1918 2128 sonte
1967 2067 2264 2128 derivatos
2311 2087 2443 2129 esse
2483 2088 2620 2129 con-

326 2181 445 2233 stat.
550 2174 1031 2235 emendationem
1099 2192 1304 2234 eorum
1373 2193 1522 2253 quae
1591 2177 1652 2233 in
1715 2174 2034 2254 archetypo
2102 2183 2386 2254 corrupta
2453 2185 2622 2236 erant

326 2290 551 2360 praeter
599 2281 952 2341 manifestos
1001 2281 1228 2341 librarii
1275 2300 1512 2342 errores
1553 2290 1613 2342 et
1662 2283 1797 2341 vitia
1839 2282 2125 2361 quaedam
2174 2284 2506 2361 scripturae
2549 2302 2620 2343 ex

325 2391 653 2467 antiquiore
705 2395 897 2448 aetate
936 2398 1276 2471 propagata,
1314 2406 1464 2467 quae
1504 2397 1667 2449 certa
1708 2390 2053 2450 coniectura
2095 2389 2447 2451 videbantur
2494 2409 2621 2450 cor-

250 2474 253 2477 *
326 2506 477 2556 recta
534 2515 703 2577 esse,
763 2498 1228 2577 commentariiS,
1285 2495 1502 2574 quibus
1561 2495 1742 2555 altera
1801 2495 2078 2555 editionis
2135 2515 2274 2575 pars
2332 2498 2623 2559 destinata

327 2610 461 2685 erat,
508 2606 836 2665 reservavi.
908 2612 1114 2683 postea
1153 2602 1432 2664 Varronis
1473 2602 1658 2663 libros
1696 2605 1880 2682 magis
1920 2604 2265 2665 emendatos
2306 2608 2623 2685 separatim

329 2710 475 2771 edidi
540 2730 590 2771 a.
665 2707 858 2771 1889.
951 2728 1135 2789 quare
1203 2729 1361 2771 nunc
1428 2709 1500 2769 ad
1567 2719 1912 2789 susceptum
1981 2729 2129 2790 opus
2194 2712 2624 2790 perficiendum

329 2824 520 2896 aptum
567 2836 708 2879 esse
749 2819 936 2877 visum
986 2827 1078 2878 est
1116 2836 1244 2877 eam
1293 2819 1857 2877 commentariorum
1896 2826 2144 2899 partem,
2183 2837 2333 2897 quae
2373 2819 2443 2879 ad
2483 2818 2622 2879 Var-

272 2920 278 2925 ’
331 2927 482 2985 ronis
529 2925 725 2985 libros
772 2927 1125 3006 pertineret,
1172 2927 1429 3004 primum
1480 2926 1678 2986 edere.

494 3033 582 3093 Ad
634 3033 1115 3093 constituendam
1163 3041 1360 3093 autem
1408 3032 1715 3112 archetypi
1763 3035 2138 3111 scripturam,
2187 3049 2219 3091 a
2267 3051 2381 3111 qua
2429 3036 2623 3094 omnis

338 3140 665 3200 emendatio
718 3139 1040 3219 repetenda
1089 3148 1197 3218 est,
1239 3149 1476 3218 praeter
1515 3158 1581 3200 ea
1624 3158 1775 3219 quae
1816 3157 1886 3199 ex
1924 3141 2054 3219 ipso
2093 3148 2295 3200 vetere
2343 3140 2546 3201 codice
2591 3161 2621 3201 a

338 3243 620 3308 Politiano
674 3255 737 3306 et
783 3244 1043 3306 Victorio
1093 3246 1366 3308 adnotata
1416 3256 1586 3307 erant
1633 3246 1771 3307 olim
1821 3247 1938 3306 duo
1986 3245 2317 3325 apographa
2365 3247 2623 3328 adhibui,

333 3339 588 3413 codicem
620 3354 965 3413 Parisinum
993 3354 1041 3413 A
1073 3353 1421 3414 duodecimo
1453 3354 1545 3414 vel
1581 3356 1758 3415 tertio
1799 3353 2028 3414 decimo
2068 3353 2303 3413 saeculo
2334 3356 2623 3433 scriptum

335 3467 387 3518 et
420 3459 894 3522 Laurentianum
941 3460 986 3519 B
1035 3462 1244 3539 quinto
1293 3461 1522 3521 decimo
1572 3461 1808 3522 saeculo
1857 3464 2165 3541 scriptum,
2204 3479 2459 3539 quorum
2508 3461 2621 3522 lec·
2655 3475 2674 3482 ·

335 3568 515 3628 tiones
574 3570 640 3628 in
707 3567 1084 3629 adnotatione
1142 3567 1406 3628 subiecta
1464 3568 1798 3647 adscriptae
1856 3577 2010 3629 sunt.
2104 3568 2390 3647 quaedam
2447 3570 2623 3628 etiam

341 3691 404 3732 ex
450 3673 722 3735 Mediceo
772 3674 975 3735 codice
1024 3678 1145 3736 sive
1192 3674 1588 3736 Laurentiano
1638 3673 1743 3756 30,
1788 3673 1893 3757 10,
1942 3677 2042 3754 qui
2099 3693 2157 3735 m
2205 3675 2399 3736 littera
2448 3677 2624 3754 signi-

338 3779 547 3841 ficatus
583 3789 698 3863 est,
747 3781 1037 3842 adnotavi.
1111 3783 1202 3842 his
1250 3781 1418 3842 libris
1465 3801 1625 3843 nunc
1663 3785 1868 3861 paucis
1916 3782 2062 3843 locis
2102 3782 2299 3842 addidi
2336 3781 2625 3844 lectiones

337 3884 581 3947 duorum
614 3888 911 3970 codicum,
942 3889 1013 3949 de
1044 3888 1262 3968 quibus
1303 3892 1363 3948 in
1403 3890 1770 3966 praefatione
1811 3892 2027 3968 prioris
2058 3889 2371 3949 voluminis
2400 3889 2622 3950 dictum

347 4000 446 4072 est,
482 3993 872 4055 Laurentiani
911 3990 1015 4077 51,
1059 3993 1113 4077 1,
1161 4014 1339 4074 quem
1378 3994 1787 4056 Florentinum
1838 3994 1975 4075 dixi,
2015 4003 2074 4055 et
2111 3994 2466 4078 CaesenatiS,
2505 4015 2623 4057 non

340 4116 446 4176 quo
494 4102 823 4180 quidquam
871 4103 1024 4177 novi,
1064 4102 1220 4181 quod
1270 4104 1329 4161 in
1380 4096 2117 4181 melioribusapographis
2154 4104 2458 4163 inventum
2505 4123 2622 4165 non

341 4217 516 4288 esset,
572 4227 648 4268 ex
718 4207 811 4267 his
878 4208 1162 4269 accedere
1219 4218 1449 4291 posset3
1506 4209 1606 4269 sed
1667 4206 2156 4269 dissentientibus
2212 4210 2367 4269 inter
2416 4228 2479 4270 se
2528 4229 2624 4271 ex-

344 4317 556 4392 cerptis
603 4315 879 4376 Politiani
928 4324 987 4376 et
1033 4316 1412 4397 apographiS,
1458 4317 1517 4377 id
1580 4317 1739 4395 quod
1788 4317 2023 4393 saepius
2069 4314 2310 4395 accidit,
2356 4318 2426 4378 ad
2472 4318 2623 4379 iudi-

345 4420 492 4479 cium
549 4423 622 4482 de
684 4421 1006 4501 archetypo
1054 4422 1380 4504 regendum
1438 4441 1556 4483 non
1614 4421 1820 4484 inutile
1878 4422 1989 4482 fuit
2043 4422 2303 4503 novisse,
2360 4423 2499 4501 quid
2561 4427 2624 4485 in

351 4524 468 4585 aliis
504 4528 866 4609 apographis
896 4532 1163 4608 quamvis
1203 4532 1399 4591 minus
1439 4538 1714 4590 accurate
1745 4530 1983 4608 scriptis
2022 4528 2336 4607 legeretur.
2385 4541 2623 4609 apparet
