3178 5185
760 386 1018 441 RERVM
1055 384 1524 440 RVSTICARVM
1562 386 1696 440 LIB.
1737 388 1788 440 II
1831 383 1904 438 11
2391 389 2550 453 263.

287 555 344 615 ad
387 573 531 614 usum
571 555 874 613 nauticum
924 562 982 613 et
1025 552 1094 612 ad
1135 552 1345 613 bellica
1384 561 1679 614 tormenta
1718 565 1778 615 et
1815 554 2042 615 fabrilia
2082 575 2234 616 vasa.
2327 575 2521 634 neque

287 681 382 723 non
426 662 682 741 quaedam
731 662 998 720 nationes
1046 661 1253 720 harum
1302 659 1559 739 pellibus
1609 669 1746 721 sunt
1794 664 2057 744 vestitae,
2107 665 2269 722 utin
2311 663 2521 723 Gaetu-

286 770 347 829 lia
403 778 452 829 et
505 771 555 828 in
611 768 900 828 Sardinia.
1002 770 1174 828 cuius
1239 785 1414 827 usum
1479 776 1623 846 aput
1687 770 1914 828 anticos
1972 788 2207 849 quoque
2265 770 2521 830 Graecos

287 878 437 936 fuisse
483 884 738 955 apparet,
798 874 953 953 quod
1012 877 1073 934 in
1132 874 1450 953 tragoediis
1508 893 1682 935 senes
1740 876 1810 934 ab
1868 875 1977 935 hae
2035 877 2186 955 pello
2235 885 2521 937 vocantur

244 983 625 1063 sdiphtheriae‚
683 991 745 1042 et
799 985 860 1042 in
917 982 1238 1042 comoediis
1297 984 1397 1060 qui
1449 984 1509 1042 in
1559 985 1786 1043 rustico
1835 1000 2014 1061 opere
2065 992 2397 1064 morantur,
2455 991 2522 1043 ut

283 1099 403 1169 aput
433 1090 730 1149 Caecilium
770 1091 828 1148 in
870 1088 1330 1168 Hypobolimaeo
1367 1089 1546 1150 habet
1584 1089 1951 1171 adulescenS‚
1998 1098 2140 1168 aput
2176 1090 2522 1150 Terentium

281 1200 329 1256 in
362 1196 996 1257 Heautontimorumeno
1035 1214 1233 1256 senex.
1326 1197 1667 1277 tondentur,
1708 1197 1862 1276 quod
1903 1200 2131 1276 magnis
2170 1198 2318 1258 villis
2357 1205 2515 1278 sunt,
2538 1200 2618 1256 12

283 1306 332 1363 iu
387 1322 564 1383 magua
627 1312 796 1383 parte
853 1303 1169 1384 Phrygiae3
1234 1304 1391 1363 unde
1458 1303 1649 1364 cilicia
1716 1312 1774 1364 et
1840 1313 2034 1364 cetera
2104 1307 2231 1365 eius
2288 1308 2523 1383 generis

283 1410 440 1471 solent
480 1412 614 1472 fieri.
710 1410 811 1470 sed
863 1411 1020 1490 quod
1069 1413 1329 1490 primum
1378 1431 1440 1471 ea
1491 1420 1736 1472 tonsura
1778 1414 1834 1471 in
1877 1411 2080 1472 Cilicia
2119 1415 2195 1473 sit
2233 1414 2524 1493 instituta,

227 1535 265 1573 10
284 1536 460 1578 nomen
501 1520 550 1579 id
602 1518 816 1580 Cilicas
863 1519 1150 1579 adiecisse
1200 1519 1421 1579 dicunt.
1496 1509 1499 1512 “

427 1626 501 1686 11Ιί
536 1627 666 1707 hoc,
706 1644 900 1705 neque
937 1624 1010 1685 ab
1049 1626 1162 1686 hoc
1192 1626 1347 1705 quod
1378 1635 1636 1687 mutaret
1666 1626 1986 1687 Cossinius,
2054 1636 2111 1686 et
2142 1627 2317 1687 simul
2346 1626 2525 1687 Vituli

282 1730 484 1795 libertus
537 1737 595 1794 in
657 1733 865 1794 urbem
923 1735 1165 1793 veniens
1223 1752 1293 1793 ex
1350 1730 1542 1794 hortis
1599 1734 1927 1794 devertitur
1983 1733 2052 1793 ad
2103 1753 2212 1793 nos
2260 1743 2345 1812 et,
2400 1734 2525 1811 Ego

280 1840 336 1899 ad
392 1848 437 1901 te
495 1844 741 1921 miSSUS‚
808 1842 1027 1921 inquit,
1094 1839 1248 1900 ibam
1320 1841 1559 1900 domum
1626 1849 1894 1919 rogatum
1963 1859 2037 1900 ne
2095 1841 2251 1901 diem
2307 1842 2522 1902 festum

282 1947 463 2008 faceres
516 1949 863 2022 breviorem⁶
910 1957 968 2009 et
1024 1956 1253 2009 mature
1303 1951 1554 2008 venires
1649 1948 1852 2027 ltaque
1901 1948 2263 2009 discedimus
2311 1966 2419 2027 ego
2467 1957 2527 2008 et

223 2065 259 2105 15
282 2052 449 2114 Scrofa
509 2058 567 2115 in
632 2056 840 2116 hortos
907 2056 977 2116 ad
1042 2055 1330 2136 vitulum,
1395 2055 1576 2135 Niger
1644 2056 1757 2134 [in]
1825 2055 2081 2116 Turrani
2148 2062 2375 2136 noster,
2442 2053 2527 2113 illi

281 2164 454 2237 partim
486 2163 765 2245 domum,
811 2166 1026 2242 partim
1076 2164 1146 2224 ad
1195 2162 1504 2224 Menatem.

396 2358 423 2406 9
465 2355 555 2408 sed
600 2354 752 2423 quod
798 2354 1040 2424 primum
1088 2371 1155 2408 ea
1189 2355 1421 2407 tonsura
1463 2353 1712 2422 Philary.
1750 2354 1814 2406 in
1860 2352 2017 2422 Very.
2055 2368 2230 2422 yeory.
2267 2351 2394 2403 III
2418 2354 2527 2404 313

458 2538 485 2584 2
519 2534 713 2586 harum
749 2549 781 2586 v
820 2534 1017 2587 horum
1063 2532 1244 2587 PAB
1449 2538 1480 2586 3
1521 2534 1659 2601 aput
1696 2532 1753 2585 P
1783 2531 1933 2602 apud
1967 2531 2093 2600 Bv,
2130 2547 2232 2585 om.
2270 2529 2324 2583 A

289 2619 464 2675 anticos
489 2623 538 2676 A
573 2624 834 2692 antiquos
871 2623 984 2676 VB
1127 2639 1398 2692 gregocos
1438 2626 1599 2693 (corr.
1629 2624 1845 2691 grecos)
1872 2621 2016 2676 fuise
2044 2622 2100 2676 A
2245 2625 2279 2673 4
2307 2620 2528 2687 tragoe-

289 2706 373 2762 diis
413 2710 458 2762 V
484 2712 750 2783 tragediis
789 2713 845 2766 A
881 2711 1154 2785 tragediis
1194 2714 1250 2766 Β
1392 2717 1424 2766 5
1472 2711 1825 2781 diphtheriae
1875 2711 1927 2764 V
1959 2707 2238 2780 diptherie
2275 2709 2329 2762 A
2369 2708 2528 2777 diph-

288 2796 430 2853 teriae
457 2801 505 2854 B
642 2801 950 2856 comoediis
986 2801 1040 2854 V
1070 2801 1338 2855 comediis
1371 2803 1420 2854 A
1458 2800 1726 2873 comediis
1752 2801 1808 2854 Β
1954 2806 1984 2853 6
2024 2800 2163 2868 aput
2192 2796 2444 2851 cecilium
2475 2796 2531 2850 A

291 2888 404 2954 apud
423 2889 659 2944 cecilium
691 2890 907 2958 Vapud
927 2889 1216 2944 caecilium
1257 2891 1314 2944 Β
1420 2888 1853 2958 hypobolimaeo
1885 2886 2316 2957 Vhypobolima
2346 2889 2355 2952 Ι
2388 2902 2454 2939 eo
2474 2885 2530 2939 A

292 2973 585 3043 hipobolima
619 2997 687 3034 eo
715 2981 772 3033 Β
916 2979 1243 3034 adulescens
1278 2979 1390 3032 PA
1430 2978 1755 3032 adulescens
1794 2993 1931 3032 corr.
1964 2977 2285 3031 adolescens
2312 2977 2367 3028 Β
2397 2975 2528 3028 ado-

291 3061 467 3120 lescens
499 3086 528 3124 v
703 3072 844 3140 aput
878 3068 1181 3124 terentium
1218 3069 1272 3121 A
1311 3067 1461 3137 apud.
1495 3066 1798 3120 terentium
1849 3066 1962 3121 VB
2144 3072 2173 3120 7
2209 3062 2530 3118 heautonti-

291 3168 565 3213 morumeno
600 3161 717 3214 PB
764 3177 832 3214 ea
879 3161 945 3213 ut
979 3176 1093 3214 non
1130 3157 1502 3212 timorumeno
1539 3158 1594 3211 A
1634 3160 1841 3211 eaubon
1875 3156 2247 3210 timorumeno
2284 3171 2318 3208 v

1868 3258 1892 3285 1·

291 3294 544 3354 tondentur
567 3319 597 3356 v
624 3303 894 3358 tondetur
921 3301 1100 3356 PAB
1246 3304 1375 3355 sunt.
1402 3318 1501 3354 om.
1532 3300 1586 3354 A
1733 3306 1764 3353 8
1802 3298 2009 3369 phygie
2038 3297 2094 3351 A
2230 3297 2452 3350 caetera
2484 3295 2537 3348 V

405 3393 432 3439 9
473 3407 634 3460 quoq;
682 3391 927 3460 primum
973 3407 1108 3445 corr.
1158 3390 1309 3458 quod
1354 3389 1600 3458 primum
1638 3387 1692 3441 A
1840 3394 1904 3441 10
1950 3401 2152 3441 nomen
2197 3386 2531 3453 superscrip-

292 3475 382 3526 tum
411 3477 465 3530 in
496 3480 547 3531 A
685 3478 959 3533 adiaeisse
993 3479 1050 3532 Β

408 3566 462 3617 11
515 3567 792 3622 Cossinius
849 3572 905 3622 et,
959 3568 1125 3621 simul
1182 3567 1236 3621 V
1286 3566 1528 3620 cosinius
1577 3568 1637 3619 et
1683 3563 1847 3617 simul
1894 3563 1948 3616 Β
1998 3579 2102 3616 con
2134 3566 2142 3632 1
2176 3563 2349 3617 sinius
2394 3579 2531 3618 eor-r.

298 3663 376 3702 eon
407 3655 554 3710 simul
587 3659 639 3711 A
827 3664 889 3710 12
931 3674 998 3711 ex
1033 3656 1212 3711 hortis
1248 3674 1341 3709 mv
1381 3672 1448 3708 ex
1484 3654 1661 3708 hartis
1702 3653 1885 3706 PAB
2065 3653 2376 3706 deuertitur
2418 3651 2535 3704 PB

296 3734 544 3798 dinei-titur
577 3747 733 3801 Amv
917 3751 982 3800 13
1038 3745 1223 3813 inquit
1265 3744 1375 3798 VB
1411 3743 1616 3811 ⁴inquid
1653 3743 1710 3797 A
1891 3746 1956 3794 15
2003 3739 2064 3794 in
2110 3743 2262 3796 ortos
2300 3742 2352 3793 A

297 3822 384 3879 ‘Ad
421 3829 670 3891 Vitulum.
747 3837 923 3904 Niger
976 3834 1036 3888 in
1082 3834 1341 3888 Turranii
1387 3831 1704 3887 nostrizilli
1754 3832 1985 3901 partim,
2034 3835 2140 3886 etc.
2224 3831 2304 3883 In
2356 3837 2533 3886 uetus-

296 3913 479 3974 tissimis
502 3926 657 3978 etiam
685 3925 961 3979 codicibus
991 3926 1138 3978 locus
1165 3925 1528 3992 deprauatus:
1556 3927 1767 3976 secutus
1795 3923 1991 3976 ueteris
2020 3923 2264 3976 lectionis
2282 3923 2534 3991 aestima,

297 4000 363 4054 ita
391 4014 671 4068 emendam.-
707 4030 812 4068 nee
840 4018 1020 4067 tamen
1054 4014 1269 4079 firmam
1305 4013 1728 4066 emendationem
1764 4011 1907 4063 hane
1935 4015 2091 4078 puto,
2123 4040 2189 4048 —
2228 4011 2535 4078 Antiquam

299 4088 367 4144 hic
395 4101 698 4168 scripturam
732 4119 954 4171 ponam,
990 4119 1154 4171 quam
1190 4102 1425 4156 studiosi
1461 4105 1715 4155 accurate
1738 4101 2075 4168 perpendent
2104 4116 2117 4147 ε
2145 4099 2232 4151 Ad
2266 4098 2532 4152 Vitulum.

302 4176 441 4249 Niger
469 4187 522 4243 in
556 4190 791 4245 Turrani
826 4192 886 4244 in
924 4194 1061 4260 oste,
1107 4190 1210 4256 illi,
1251 4190 1379 4244 etc?
1457 4189 1731 4243 Victorius
1875 4188 2051 4256 Niger
2076 4186 2309 4240 Turrani
2346 4188 2536 4240 noster

311 4265 502 4332 Ursinus
535 4281 687 4349 niger
722 4281 782 4334 in
811 4278 1051 4334 Turrani
1087 4279 1146 4333 in
1184 4281 1301 4334 oste
1341 4279 1386 4333 c'
1426 4279 1608 4332 nostri
1639 4277 1695 4330 P
1723 4275 1885 4347 niger
1912 4275 1974 4327 in
2001 4279 2129 4330 tura
2156 4276 2216 4328 ni
2242 4275 2302 4328 in
2331 4276 2450 4330 oste
2481 4275 2537 4329 A

303 4353 429 4425 niger
464 4366 516 4419 in
547 4370 757 4424 tut-rani
794 4369 976 4423 inoste
1014 4370 1070 4423 Β
1108 4368 1343 4437 Nigrum
1382 4365 1757 4421 Turi-annium
1792 4363 1921 4418 Mox
1960 4382 1991 4418 v
2134 4363 2245 4434 illi]
2286 4362 2385 4417 alii
2433 4365 2534 4418 Ur-

305 4444 428 4504 sinus
554 4463 616 4512 16
655 4459 821 4513 domu
858 4459 914 4513 A
1056 4457 1372 4513 Maenatem
1421 4457 1657 4511 Ursinus
1692 4454 1935 4509 lenatem
1985 4453 2163 4506 VAB
