3178 5185
479 435 612 500 294
1168 442 1550 497 ΟΟΜΜΕΝΤ.
1587 441 1671 496 IN
1707 441 2083 497 VARROMS

481 599 693 660 deinde
750 616 1001 660 caeram
1057 604 1115 659 et
1167 602 1286 659 mel
1326 597 1655 659 Politianus
1708 599 1768 657 in
1827 599 2095 677 principe
2153 596 2414 658 editione
2475 615 2596 657 non
2645 616 2772 658 cor·

481 708 652 770 rexit.
728 726 761 768 e
796 710 954 767 malo
992 713 1051 767 et
1087 708 1231 782 piro
1269 707 1534 767 silvestri
1576 722 1787 766 ceram
1824 712 1884 766 et
1918 709 2037 766 mel
2079 705 2235 766 edita
2273 713 2408 765 ante
2448 704 2771 765 Victorium

483 812 866 893 exemplaria,
912 832 946 875 e
999 816 1157 873 malo
1204 819 1264 872 et
1309 815 1471 889 piris
1528 814 1905 873 silvestribus
1951 814 2151 874 cibum
2198 819 2256 872 et
2300 815 2420 872 mel
2461 810 2775 872 Victorius

483 939 517 982 e
567 938 884 997 papavere
942 936 1150 981 ceram
1210 926 1269 980 et
1327 923 1445 980 mel
1495 917 1818 979 Iucundus.
1909 918 2125 999 duplex
2187 920 2585 979 ministerium
2647 936 2776 978 esse

485 1026 692 1088 dicunt
737 1026 881 1086 illud
931 1025 1088 1106 quod
1137 1044 1170 1086 e
1218 1024 1367 1086 malo
1417 1032 1476 1085 et
1520 1026 1670 1104 piris
1717 1024 2092 1086 silvestribus
2137 1027 2231 1109 fit,
2279 1024 2478 1086 cibum
2528 1033 2589 1087 et
2646 1026 2777 1108 mel,

484 1136 628 1193 item
676 1132 819 1193 illud
866 1132 1024 1210 quod
1073 1150 1105 1192 e
1151 1149 1441 1211 papavere
1487 1132 1571 1213 fit,
1620 1149 1817 1191 ceram
1865 1141 1924 1193 et
1972 1132 2103 1192 mel.
2177 1131 2315 1192 olim
2354 1136 2529 1194 cibus
2572 1137 2783 1194 etmel

488 1248 548 1302 et
594 1239 807 1301 deinde
869 1257 1019 1300 cera
1066 1246 1125 1301 et
1183 1243 1303 1300 mel
1358 1240 1742 1321 scripseram,
1803 1246 1870 1299 ut
1930 1242 2095 1314 quod
2151 1241 2591 1300 coniunctionis
2651 1240 2777 1299 loco

486 1350 747 1427 positum
795 1353 971 1407 esset.
1728 1322 1736 1331 ⁴

665 1453 760 1514 Ex
817 1453 982 1514 aliis
1038 1451 1352 1513 floribus
1408 1453 1507 1512 ita
1564 1470 1862 1531 carpere
1931 1461 2005 1514 ut
2064 1452 2244 1514 alias
2309 1454 2390 1514 ad
2458 1454 2780 1533 singulas

487 1580 603 1623 res
651 1567 931 1622 sumant
968 1559 1101 1619 alia
1149 1558 1228 1619 ad
1277 1558 1525 1639 plures
1563 1577 1693 1619 nec
1732 1578 1866 1619 non
1907 1562 2119 1620 etiam
2159 1560 2349 1622 aliud
2388 1561 2778 1622 discrimen

488 1678 887 1747 sequantur
933 1669 1002 1726 in
1050 1674 1391 1746 carptura
1440 1674 1557 1726 aut
1604 1684 1724 1725 eas
1771 1674 2121 1745 sequatur
2168 1675 2244 1728 ut
2289 1670 2359 1728 in
2417 1668 2653 1747 melle]
2713 1670 2783 1730 Ut

487 1779 645 1837 alias
691 1773 1041 1855 apographa,
1087 1781 1156 1833 ut
1200 1777 1328 1834 alia
1374 1774 1436 1832 in
1484 1774 1753 1852 principe
1801 1773 2059 1834 editione
2107 1773 2436 1835 Politianus
2484 1793 2604 1835 non
2653 1794 2779 1835 cor-

488 1885 659 1962 rexit,
706 1889 776 1943 ut
819 1885 977 1942 alias
1023 1880 1216 1941 deleta
1260 1900 1290 1941 s
1335 1879 1534 1941 littera
1580 1882 1642 1940 in
1691 1880 2013 1960 archetypo
2060 1882 2246 1941 fuisse
2297 1881 2545 1942 videtur.
2584 1914 2673 1926 --
2716 1891 2782 1943 ut

488 2008 594 2051 eas
638 1995 932 2063 sequatur
979 1988 1236 2048 coniecit
1275 1985 1538 2065 Scaliger
1586 1987 1697 2047 hac
1744 1986 1939 2047 addita
1986 1989 2498 2069 interpretatione,
2545 1984 2648 2050 ‘ut
2686 2008 2783 2050 eas

488 2094 703 2157 herhas
750 2102 1035 2173 sequatur
1083 2089 1412 2176 carptura',
1462 2096 1637 2154 aliud
1681 2112 1785 2155 eas
1830 2102 2126 2169 sequatur
2174 2094 2265 2155 vel
2310 2099 2590 2171 sequitur
2634 2096 2783 2157 Pon·

490 2202 693 2262 tedera
758 2220 813 2279 p.
849 2195 1001 2261 457.
1094 2219 1207 2261 nec
1270 2218 1391 2261 non
1449 2203 1633 2261 etiam
1688 2203 1863 2261 aliud
1925 2204 2253 2263 discrimen
2319 2210 2658 2278 sequuntur
2723 2208 2785 2264 in

495 2317 817 2386 carptura,
863 2316 932 2368 ut
977 2311 1039 2368 in
1085 2310 1259 2368 melle
1296 2305 1718 2367 SchneideruS.
1783 2326 2033 2368 acumen
2071 2310 2356 2369 orationis
2392 2309 2788 2371 Varronianae

490 2418 852 2494 interpretes
900 2433 1017 2474 non
1066 2413 1626 2474 animadverterunt.
1719 2433 1854 2475 nam
1913 2433 1984 2475 ex
2040 2414 2341 2476 nonnullis
2397 2416 2648 2477 floribus
2706 2420 2786 2478 ita

492 2540 738 2603 carpere
813 2522 1093 2582 dicuntur
1158 2538 1324 2602 apeS,
1399 2529 1465 2581 ut
1529 2529 1769 2602 praeter
1834 2539 1899 2581 ea
1966 2521 2335 2605 discrimina,
2400 2541 2551 2602 quae
2618 2533 2787 2585 antea

493 2632 648 2692 dicta
714 2637 908 2712 erant,
974 2630 1151 2688 etiam
1215 2627 1369 2688 aliud
1438 2628 1757 2690 discrimen
1824 2637 2151 2709 sequantur
2207 2630 2299 2690 vel
2360 2633 2586 2712 potiuS,
2645 2650 2784 2710 quo·

493 2739 650 2797 niam
714 2735 858 2797 illud
922 2737 1119 2795 invitis
1176 2734 1385 2813 apibus
1440 2737 1679 2818 accidit,
1736 2739 1893 2816 ipsas
1950 2744 2263 2816 carpentes
2319 2736 2640 2799 discrimen
2699 2759 2785 2800 se·

495 2849 738 2926 quatur,
795 2844 951 2903 sicut
997 2843 1056 2902 in
1106 2841 1278 2902 melle
1326 2842 1408 2924 fit,
1456 2861 1592 2903 cum
1640 2861 1708 2903 ex
1758 2842 1888 2904 aliis
1934 2843 2224 2922 liquidum
2272 2844 2388 2903 mel
2436 2845 2670 2929 iaciant,
2719 2865 2790 2906 ex

494 2950 623 3012 aliis
670 2952 947 3029 spissum.

673 3053 760 3117 26
824 3055 872 3115 Ε
922 3058 1152 3116 sisere
1200 3055 1412 3133 flore]
1462 3057 1562 3116 Ex
1618 3059 1828 3117 siseris
1875 3060 2035 3131 flore
2079 3056 2410 3140 IucunduS,
2466 3077 2546 3120 ex
2598 3063 2792 3121 sisere

487 3169 647 3240 flore
690 3164 1017 3244 VictoriuS,
1064 3182 1144 3224 ex
1187 3166 1428 3224 sisarae
1466 3166 1627 3237 flore
1674 3162 1965 3243 Scaliger,
2016 3166 2118 3243 qui
2173 3163 2246 3225 de
2306 3166 2465 3225 crica
2511 3165 2625 3226 hoc
2673 3165 2793 3226 dici

497 3271 727 3332 volebat
775 3269 903 3330 coll.
933 3268 1082 3329 Plin.
1112 3265 1307 3329 §1142
1345 3271 1741 3330 Athenienses
1779 3273 2136 3332 tamaricem
2173 3275 2498 3348 appellant,
2538 3274 2792 3334 Euboea

496 3381 767 3456 sisirum,
818 3382 1162 3455 putantque
1221 3377 1437 3451 apibus
1498 3394 1628 3437 esse
1681 3381 2125 3452 qratissimam:
2191 3396 2326 3437 nam
2386 3377 2468 3437 ibi
2528 3381 2791 3439 sisaram

498 3484 637 3544 olim
683 3481 1007 3562 legebatur.
1096 3485 1330 3543 siserae
1377 3501 1446 3542 ex
1495 3482 1749 3543 lectione
1798 3485 2101 3564 archetypi
2157 3486 2386 3564 recepi,
2434 3503 2790 3564 quamquam

503 3588 575 3650 ab
641 3589 768 3649 aliis
833 3590 1117 3650 feminino
1183 3607 1400 3667 genere
1466 3591 1714 3649 siseram
1778 3609 1887 3669 pro
1952 3593 2140 3651 sisere
2201 3591 2416 3652 dictam
2478 3609 2609 3651 esse
2672 3610 2790 3652 non

498 3698 715 3757 inveni.
1219 3685 1225 3690 ⁴

678 3801 761 3864 27
850 3800 1006 3863 Cibi
1079 3821 1242 3882 pars
1308 3802 1488 3882 quod
1555 3805 1754 3883 potio
1830 3811 1900 3863 et
1963 3822 2039 3864 ea
2103 3806 2193 3864 iis
2261 3822 2438 3883 aqua
2513 3802 2789 3883 liquida

501 3910 685 3972 unde
760 3908 1012 3969 bibant
1085 3927 1243 3969 esse
1318 3916 1609 3989 oportet
1682 3929 1973 3989 eamque
2056 3913 2527 3991 propinquam
2613 3928 2790 3989 quae

499 4016 984 4099 praeterfluat
1048 4025 1166 4077 aut
1230 4019 1298 4077 in
1361 4016 1672 4096 aliquem
1737 4017 1971 4078 locum
2035 4016 2325 4095 influat]
2389 4018 2463 4078 In
2529 4021 2791 4093 aliquem

502 4130 701 4187 lacum
759 4125 991 4202 scripsi.
1083 4123 1155 4182 de
1212 4123 1485 4207 reliquiS,
1542 4126 1605 4186 in
1662 4124 1880 4203 quibus
1938 4124 2076 4184 olim
2126 4123 2386 4204 Scaliger
2434 4132 2494 4184 et
2540 4122 2793 4185 Ursinus

502 4231 936 4311 laboraverunt,
982 4248 1101 4289 non
1150 4238 1279 4290 erat
1325 4249 1434 4292 cur
1482 4230 1874 4291 dubitaretur.
1950 4232 2226 4309 quoniam
2266 4230 2338 4291 ad
2377 4229 2576 4291 cibum
2615 4249 2795 4310 apum

505 4340 679 4400 etiam
728 4339 889 4415 potio
938 4338 1215 4419 pertinet,
1252 4340 1415 4417 potio
1463 4346 1660 4398 autem
1699 4340 1773 4398 iis
1812 4356 1962 4416 aqua
2001 4337 2220 4416 liquida
2261 4345 2369 4418 est,
2407 4355 2617 4416 aquarn
2658 4357 2794 4399 esse

504 4451 741 4523 oportet
787 4443 944 4503 unde
990 4442 1212 4526 bibant,
1259 4462 1507 4523 eamque
1555 4447 1946 4523 propinquam
1995 4444 2085 4503 vel
2133 4443 2652 4523 praeterfluentem
2701 4447 2797 4506 vel

504 4552 565 4610 in
614 4550 804 4609 lacum
853 4549 1125 4631 aliquem,
1175 4553 1275 4629 qui
1324 4552 1453 4611 eius
1500 4553 1587 4611 rei
1636 4569 1810 4612 causa
1859 4550 2050 4611 factus
2098 4559 2215 4632 est,
2262 4549 2624 4612 influentem.
2718 4553 2797 4615 de
