3178 5185
567 449 703 514 320
918 448 1289 504 VARRONIS
1327 448 1589 504 RERVM
1627 447 2104 504 Rvs'rmARvM
2142 449 2275 505 ΜΒ.
2307 449 2382 504 111
2418 447 2496 504 17

568 623 732 676 tanta
796 614 1041 676 ardebat
1097 634 1267 696 cura,
1335 623 1406 676 ut
1459 615 1788 676 architecto
1843 617 2186 693 permiserit
2250 615 2340 676 vel
2406 626 2473 678 ut
2537 635 2702 678 suam
2759 637 2856 696 pe-

568 724 802 783 cuniam
868 730 1274 803 consumeret,
1339 722 1661 783 dummodo
1716 722 2077 801 perduceret
2133 740 2348 801 specus
2404 741 2437 783 e
2492 723 2744 803 piscinis
2798 727 2857 786 in

565 847 730 889 mare
807 828 1202 910 obiectaculo‚
1280 848 1396 909 qua
1461 838 1662 890 aestus
1725 828 1824 889 bis
1895 830 2113 890 cotidie
2180 829 2253 890 ab
2318 838 2520 892 exorta
2586 831 2724 892 luna
2789 832 2857 892 ad

565 938 896 1014 proximam
962 955 1174 996 novam
1238 939 1490 997 introire
1550 955 1619 997 ae
1676 936 1873 996 redire
1930 955 2143 998 rursus
2199 940 2262 997 in
2319 956 2481 999 mare
2537 947 2740 1017 posset
2795 957 2860 998 ac

562 1043 919 1122 refrigerare
965 1046 1242 1123 piscinas,
2908 1056 2943 1098 s

464 1153 546 1211 10
743 1149 864 1211 Nos
920 1149 1086 1211 haec.
1178 1158 1239 1210 at
1293 1152 1584 1230 strepitus
1640 1150 1713 1211 ab
1771 1151 1979 1211 dextra
2037 1159 2097 1211 et
2152 1168 2288 1212 cum
2344 1150 2459 1211 lata
2516 1150 2863 1212 candidatus

564 1265 769 1317 noster
816 1256 1161 1335 designatus
1217 1256 1425 1317 aedilis
1483 1255 1602 1335 [se]
1661 1258 1723 1316 in
1778 1256 1992 1318 villam.
2085 1260 2183 1319 eui
2242 1275 2353 1318 nos
2411 1258 2751 1318 oncedimus
2806 1266 2868 1318 et

563 1362 844 1442 gratulati
887 1365 950 1423 in
988 1362 1345 1442 Capitolium
1381 1365 1821 1443 prosequimur.
1895 1363 1993 1424 ine
2030 1363 2168 1423 inde
2207 1363 2364 1424 endo
2399 1381 2567 1424 suam
2605 1364 2868 1446 domum,

564 1488 674 1530 nos
713 1477 997 1550 nostram,
1036 1488 1073 1528 o
1110 1469 1287 1530 Pinni
1325 1477 1546 1549 noster,
1586 1487 1861 1529 sermone
1901 1469 1973 1529 de
2011 1472 2281 1549 pastione
2320 1470 2573 1532 villatica
2612 1489 2861 1532 summa-

564 1576 677 1634 tim
720 1574 860 1655 hoc,
910 1592 1087 1653 quem
1134 1577 1407 1656 exposui,
1453 1574 1674 1636 habito,
2635 1650 2638 1653 Α
2887 1591 2938 1629 10

710 1770 738 1818 1
787 1763 958 1819 uelud
994 1765 1032 1832 Γ
1164 1771 1196 1819 2
1245 1763 1445 1833 pisinis
1483 1765 1539 1819 A
1685 1769 1722 1817 3
1757 1763 2108 1820 obieetaeulo
2145 1763 2375 1819 Merula
2418 1763 2772 1822 obiectueulo
2806 1768 2862 1822 A

560 1853 842 1909 abiectulo
872 1855 904 1908 b
941 1854 1164 1908 abiecta
1200 1854 1363 1908 oculo
1400 1853 1438 1920 Γ
1553 1860 1589 1909 4
1625 1853 1943 1923 proximum
1978 1856 2032 1908 A
2043 1854 2080 1920 Γ
2169 1848 2220 1908 '5
2257 1853 2461 1924 refrige
2494 1857 2502 1921 Ι
2533 1854 2780 1923 piscinas
2806 1854 2863 1910 A

707 1949 738 1997 6
786 1960 887 1998 nos
924 1942 1064 1997 haec
1103 1943 1328 1997 Merula
1363 1958 1476 1997 11011
1512 1942 1654 1998 haec
1690 1943 1837 2011 Abf
1969 1942 2042 1997 ad
2081 1941 2349 2012 strepitus
2386 1942 2458 1997 ab
2496 1940 2694 1998 dextra
2728 1944 2766 2011 Γ
2791 1942 2864 1997 ad
2919 1984 2922 1987 1

562 2031 830 2100 strepitus
867 2032 941 2086 ad
979 2032 1176 2086 dexia-a
1202 2031 1302 2086 Ab
1446 2031 1588 2102 laba]
1628 2032 1745 2086 leta
1770 2033 1806 2098 Γ
1943 2037 1973 2086 ’1
2012 2030 2295 2086 edilissem
2331 2030 2531 2086 uillam
2573 2032 2611 2099 Γ
2744 2031 2862 2103 eui]

559 2118 658 2188 qui
704 2121 736 2174 b
935 2119 1251 2175 oceedimus
1297 2119 1668 2176 Schneiderue
1708 2119 2014 2176 occidimus
2061 2120 2158 2175 Ab
2168 2121 2205 2187 Γ
2394 2126 2426 2175 8
2474 2121 2865 2190 prosequimur

559 2209 787 2265 Merula
830 2207 1219 2279 persequimur
1255 2208 1401 2276 Abf
1571 2211 1714 2264 endo
1751 2211 1789 2278 Γ
1825 2210 1971 2266 efido
1999 2210 2056 2264 A
2102 2210 2285 2266 eundo
2323 2211 2355 2266 b
2537 2215 2570 2264 9
2621 2226 2654 2265 o
2697 2207 2868 2263 Pinni

560 2300 749 2354 noster
794 2299 1076 2354 Mercerus
1120 2299 1184 2352 in
1232 2298 1364 2353 Tac.
1409 2316 1541 2356 ann.
1592 2300 1716 2353 III
1767 2303 1844 2356 42
1903 2299 2156 2370 opinioni
2209 2301 2401 2356 noster
2444 2299 2546 2366 ΑΓ
2585 2297 2868 2369 opinionis

558 2390 785 2442 nostrae
824 2389 856 2442 b
1036 2402 1348 2442 sermonem
1386 2388 1418 2443 b
1588 2389 1874 2460 pastione]
1912 2389 2192 2459 piestione
2229 2389 2266 2455 Γ
2438 2391 2505 2444 10
2542 2387 2684 2442 haee
2721 2403 2863 2455 quae

561 2475 793 2546 exposui
829 2474 1037 2532 habeto
1075 2477 1107 2531 b
1251 2477 1325 2531 M.
1365 2475 1635 2532 Varronis
1675 2518 1689 2533 .
1724 2476 1971 2532 ReRVM
2004 2522 2015 2534 .
2045 2474 2517 2532 RVSTICARVM
2546 2517 2560 2531 .
2590 2475 2729 2531 LIB.
2767 2475 2861 2530 111.

561 2562 899 2620 EXPLICIT
955 2565 1010 2620 A
1064 2563 1297 2620 MARCI
1355 2564 1705 2621 TERENTII
1759 2564 2137 2622 VARRONIS
2190 2564 2288 2620 DE
2335 2563 2864 2620 AGRICVLTVRA

561 2653 823 2710 RERVM
869 2653 1342 2710 RVS'I'ICARVM
1388 2653 1585 2709 LIBRI
1631 2655 2081 2711 EXPLIOIVNT
2128 2653 2566 2710 FOELICITER
2613 2655 2652 2710 b
2691 2653 2764 2708 M.
2801 2653 2861 2710 T.

560 2742 828 2798 Varronis
873 2760 1057 2797 rerum
1104 2742 1436 2798 rusticarum
1483 2744 1554 2799 de
1601 2743 1869 2799 uillatieis
1917 2743 2275 2800 Pasbionibus
2321 2744 2465 2800 liber
2509 2743 2724 2800 tercius
2772 2760 2864 2799 ex·

561 2831 725 2901 plicit
760 2831 1002 2886 feliciter
1037 2833 1074 2899 Γ
