3178 5185
536 336 667 401 310
1194 421 1200 427 ι
1523 334 1899 390 VARRONIS

533 503 902 563 Menecrates
952 502 1187 583 scribit,
1235 503 1379 583 duo,
1437 504 1607 581 niger
1663 510 1724 561 et
1774 503 1996 582 variUS,
2054 504 2156 581 qui
2200 504 2282 562 ita
2328 503 2566 584 melior,
2625 513 2698 564 ut
2752 522 2861 564 ex-

537 609 738 689 pediat
786 609 1069 691 mellario,
1116 629 1252 670 cum
1302 610 1420 670 duo
1469 611 1587 670 sint
1635 613 1698 670 in
1746 609 1951 669 eadem
2000 610 2145 691 alvo,
2192 612 2531 671 interficere
2582 614 2862 691 nigrum,

538 736 674 778 etim
732 719 810 778 sit
871 736 1007 778 cum
1056 717 1242 778 altero
1291 735 1458 798 rege,
1516 735 1649 776 esse
1697 717 2045 777 seditiosum
2092 726 2152 778 et
2198 737 2583 797 corrumpere
2634 720 2862 798 alvom,

443 831 520 887 19
544 825 703 903 quod
770 826 935 902 suget
999 835 1099 885 ant
1165 843 1303 885 eum
1367 825 1746 885 multitudine
1812 824 2069 902 fugetur.
2174 825 2246 884 de
2313 824 2559 904 reliquis
2627 825 2861 904 apibus

536 935 754 1011 optima
821 942 911 991 est
977 950 1153 1011 parva
1221 933 1379 991 varia
1447 932 1723 992 rutunda.
1837 932 1933 991 fur
1999 933 2103 1010 qui
2168 931 2499 1011 vocabitur,
2566 931 2641 991 ab
2712 931 2860 991 aliis
2918 942 2944 981 5

536 1040 726 1120 fuouS,
776 1047 867 1099 est
905 1047 1032 1099 ater
1075 1036 1220 1115 [est]
1261 1037 1378 1097 lato
1419 1046 1643 1098 ventre.
1735 1056 1929 1116 vespa,
1978 1056 2129 1116 quae
2168 1036 2621 1098 similitudinem
2662 1037 2860 1097 habet

537 1148 690 1226 apiS,
749 1164 941 1225 neque
999 1146 1159 1205 socia
1215 1153 1306 1204 est
1361 1146 1561 1223 operis
1609 1153 1670 1204 et
1716 1163 1933 1205 nocere
1982 1144 2132 1205 solet
2179 1163 2409 1218 morsu,
2469 1163 2650 1224 quam
2700 1162 2859 1222 apes

538 1273 569 1313 a
626 1272 690 1313 se
748 1260 1086 1313 secernunt.
1187 1251 1297 1312 hae
1354 1252 1637 1312 differunt
1693 1254 1850 1312 inter
1906 1270 1995 1331 se,
2067 1244 2215 1330 quae
2273 1253 2429 1312 ferae
2488 1261 2548 1312 et
2603 1254 2861 1313 cicures

540 1368 695 1420 sunt.
788 1379 946 1420 nunc
1007 1360 1162 1419 feras
1220 1359 1380 1438 dico,
1441 1377 1589 1437 quae
1648 1360 1709 1417 in
1768 1357 2141 1418 silvestribus
2199 1358 2343 1419 locis
2381 1362 2706 1439 pascitant,
2772 1361 2860 1419 ei-

539 1485 741 1546 cureS,
810 1485 958 1545 quae
1025 1468 1084 1525 in
1152 1465 1346 1526 cultis,
1440 1464 1745 1525 silvestres
1802 1467 2062 1525 minores
2120 1474 2260 1525 sunt
2315 1444 2728 1545 magnitudine
2794 1475 2860 1526 et
2889 1477 2943 1516 1⁰

543 1573 781 1653 pilosae,
831 1572 935 1632 sed
983 1573 1225 1650 opifices
1274 1573 1476 1650 magiS.

717 1678 782 1738 ln
830 1677 1079 1738 emendo
1128 1686 1458 1756 emptorem
1505 1679 1706 1738 videre
1755 1687 2014 1759 oportet,
2063 1678 2294 1739 valeant
2340 1697 2414 1739 an
2454 1681 2573 1740 sint
2611 1698 2857 1758 aegrae.

445 1789 530 1846 20
552 1787 818 1846 sanitatis
877 1788 1066 1865 signa,
1124 1786 1175 1844 si
1233 1792 1380 1846 sunt*
1422 1785 1876 1864 frequentes‘in
1924 1787 2218 1865 examine,
2275 1795 2332 1845 et
2380 1787 2432 1846 si
2479 1786 2732 1867 nitidae,
2797 1796 2861 1847 et

542 1896 594 1953 si
651 1912 800 1973 opus
866 1892 1021 1971 quod
1090 1892 1314 1951 faciunt
1371 1900 1462 1951 est
1519 1891 1824 1971 aequabile
1885 1912 1952 1953 ae
2009 1893 2153 1953 leve.
2260 1895 2458 1953 minus
2516 1893 2851 1954 valentium

543 2003 738 2081 signa,
797 2003 847 2060 si
909 2009 1050 2060 sunt
1095 1999 1317 2078 pilosae
1366 2008 1425 2059 et
1470 1999 1776 2080 horridae,
1834 2009 1902 2060 ut
1946 1998 2419 2079 pulverulentae,
2477 2001 2596 2059 nisi
2644 2002 2859 2079 opifici
2888 2009 2940 2049 1⁵

544 2126 644 2167 eas
721 2116 894 2186 urget
959 2115 1222 2186 tempus:
1298 2114 1424 2166 tum
1492 2108 1651 2166 enim
1715 2115 1962 2186 propter
2026 2106 2287 2169 laborem
2356 2114 2709 2184 asperantur
2786 2126 2858 2167 ac

449 2219 527 2274 21
554 2223 945 2275 marcescunt.
1049 2215 1099 2274 si
1165 2213 1611 2273 transferendae
1670 2222 1811 2273 sunt
1871 2211 2083 2291 [alvos]
2142 2216 2200 2273 in
2260 2213 2439 2273 alium
2496 2212 2719 2294 locum,
2797 2214 2858 2273 id

546 2323 740 2382 facere
789 2320 1106 2398 diligenter
1155 2328 1390 2399 oportet
1438 2328 1498 2379 et
1546 2328 1831 2399 tempora,
1878 2320 2094 2399 quibus
2132 2320 2191 2379 id
2232 2321 2608 2399 potissimum
2647 2321 2856 2401 faciaS,

548 2427 1136 2489 animadvertendum
1192 2435 1253 2486 et
1309 2426 1462 2506 loca,
1531 2445 1648 2505 quo
1707 2426 2058 2509 transferaS,
2120 2427 2328 2487 idonea
2385 2427 2858 2506 providendum:

548 2544 842 2614 tempora,
900 2543 966 2594 ut
1024 2551 1205 2594 verno
1263 2535 1462 2613 potius
1522 2552 1698 2612 quam
1745 2533 2021 2615 hiberno,
2081 2534 2237 2614 quod
2285 2535 2478 2595 hieme
2526 2534 2856 2597 difficulter
2885 2542 2937 2582 20

550 2650 952 2702 consuescunt
1000 2640 1212 2720 [quod]
1263 2640 1579 2701 translatae
1626 2660 1893 2722 manere,
1951 2644 2151 2721 itaque
2199 2642 2434 2719 fugiunt
2478 2640 2857 2722 plerumque.

551 2752 601 2810 si
669 2768 700 2808 e
766 2748 922 2808 bono
988 2749 1118 2809 loeo
1181 2748 1558 2808 transtuleris
1626 2767 1722 2828 eo,
1788 2747 1893 2807 ubi
1955 2749 2164 2809 idonea
2223 2748 2520 2827 pabulatio
2576 2768 2694 2809 non
2756 2752 2859 2832 sit,

693 2944 724 2991 2
765 2936 1022 2992 mellaria
1049 2939 1171 2994 AB
1198 2937 1478 2992 melliaria
1511 2937 1566 2990 P
1593 2937 1869 2992 melliario
1897 2954 1929 2992 v
2069 2954 2192 2991 eum
2222 2938 2331 2992 duo
2362 2936 2475 2992 sint
2503 2938 2700 2993 eadem
2729 2938 2858 2993 AB

562 3027 838 3081 Victorius
885 3042 1009 3081 oum
1060 3027 1170 3082 duo
1219 3029 1349 3080 sunt
1392 3027 1588 3081 eadem
1638 3028 1748 3082 Vm
1892 3034 1923 3081 3
1971 3044 2097 3081 cum
2137 3027 2212 3081 sit
2251 3027 2434 3082 PAB
2471 3044 2635 3096 quem
2676 3027 2788 3083 seit
2826 3046 2858 3082 v

692 3116 878 3170 aluom
919 3116 1095 3171 PAB
1153 3116 1344 3170 aluum
1390 3133 1420 3169 v
1568 3122 1600 3170 5
1657 3115 1873 3185 optima
1930 3118 2015 3170 est
2068 3133 2246 3185 parua
2293 3117 2588 3172 Iucundus
2637 3118 2860 3187 optima

552 3204 612 3258 et
664 3221 840 3273 parua
898 3205 1011 3259 VA
1068 3205 1280 3275 optime
1337 3207 1396 3258 et
1449 3222 1628 3274 parua
1670 3206 1726 3258 Β
1870 3205 2113 3258 rutunda
2163 3204 2345 3259 PAB
2392 3206 2634 3260 rotunda
2677 3223 2710 3260 v

552 3290 849 3347 uocabitur
890 3294 1071 3348 PAB
1109 3295 1343 3348 uocatur
1378 3311 1411 3348 v
1577 3300 1609 3348 6
1647 3294 1831 3365 fucus]
1869 3294 2052 3348 faetus
2090 3294 2144 3347 A
2310 3294 2395 3348 est
2433 3293 2578 3348 alter
2615 3297 2699 3350 est
2735 3296 2857 3350 lato

554 3384 749 3435 uentre
800 3382 975 3436 VAB
1013 3385 1139 3437 ater
1177 3385 1263 3437 est
1298 3383 1416 3436 lato
1455 3385 1651 3437 uentre
1690 3382 1934 3451 Scaliyer
2071 3390 2098 3436 7
2142 3382 2289 3436 sotia
2324 3384 2379 3436 A
2508 3383 2693 3452 operis
2743 3384 2860 3438 VB

554 3470 708 3540 operi
746 3469 863 3525 Am
986 3477 1017 3525 8
1057 3488 1169 3539 qua
1205 3470 1357 3525 ferae
1398 3473 1456 3524 et
1485 3472 1695 3525 cicures
1735 3471 2093 3526 Schneiderus
2210 3471 2393 3525 cicure
2421 3474 2614 3540 priore
2650 3475 2764 3529 loco
2803 3475 2859 3529 A

731 3565 763 3613 9
812 3576 954 3627 quae
1000 3560 1059 3613 in
1107 3560 1456 3614 siluestribus
1492 3560 1679 3615 A²mv
1727 3560 1821 3629 qui
1868 3559 1928 3613 in
1976 3560 2325 3615 siluestribus
2364 3561 2545 3615 PAB
2731 3580 2859 3632 pas·

553 3647 733 3703 citant
781 3648 891 3702 Vm
926 3648 1204 3718 pastitant
1241 3649 1362 3703 AB
1493 3654 1556 3701 11
1598 3650 1716 3719 sed]
1758 3652 1816 3703 et·
1849 3650 1905 3704 A
2014 3647 2228 3718 opificis
2266 3649 2322 3703 A
2360 3665 2499 3703 corr.
2539 3680 2607 3689 -—
2648 3666 2741 3704 ces
2779 3650 2858 3704 A²

648 3742 714 3790 14
733 3736 1014 3792 fatiuntA
1111 3744 1174 3793 15
1195 3738 1390 3793 horide
1410 3739 1474 3792 ut
1493 3740 1654 3808 (corr.
1676 3738 1889 3807 autA2)
1909 3736 2366 3808 puluerulenteA
2457 3737 2670 3807 opificii
2691 3740 2858 3795 VAB

665 3831 731 3880 16
760 3843 824 3880 ac
845 3827 965 3881 AB
1003 3827 1279 3882 Victorius
1307 3830 1364 3881 et
1394 3828 1446 3881 V
1553 3833 1617 3883 17
1648 3830 2000 3882 marcescunt
2023 3827 2140 3881 PB
2168 3830 2545 3882 marcesseunt
2563 3830 2618 3881 A
2646 3845 2857 3883 maces-

554 3917 692 3969 cunt
727 3932 759 3968 v
905 3915 952 3969 si
987 3916 1401 3971 transferendae
1441 3919 1571 3970 sunt
1609 3917 1769 3971 aluos
1797 3917 1979 3970 PAB
2019 3916 2067 3970 si
2103 3916 2474 3970 transferendi
2504 3919 2635 3970 sunt
2664 3918 2781 3972 alui
2809 3935 2860 3972 m

556 4005 604 4058 si
640 4004 1060 4059 transferendae
1099 4007 1228 4060 sunt
1256 4006 1373 4060 alui
1399 4005 1528 4060 A²v
1644 4012 1708 4060 19
1748 4010 1804 4059 et
1832 4005 1961 4060 loca
1990 4037 2048 4045 -
2084 4004 2492 4075 prouidendum
2521 4005 2585 4058 i‘n
2611 4008 2860 4077 maryine

555 4095 766 4161 scripta
790 4099 921 4149 sunt
949 4096 1012 4148 in
1029 4094 1086 4148 Β
1185 4101 1254 4149 20
1283 4111 1455 4149 uerno
1483 4096 1735 4180 ternpore
1763 4095 1952 4164 potius
1971 4097 2028 4150 Β
2127 4095 2379 4165 hyberno
2408 4094 2558 4162 quod
2585 4095 2791 4163 hyeme
2818 4093 2867 4149 V

667 4207 731 4253 21
765 4201 915 4269 quod
944 4200 1253 4255 translatae
1291 4200 1467 4254 VAB
1496 4218 1604 4268 quo
1633 4202 1941 4256 translatae
1963 4200 2107 4256 A²m
2137 4218 2245 4269 quo
2276 4202 2407 4254 sunt
2432 4201 2742 4255 translatae
2763 4202 2859 4256 Iu-

558 4290 770 4344 ewndus
895 4307 1124 4344 manere
1161 4291 1225 4344 in
1263 4292 1467 4344 lacuna
1500 4306 1600 4345 om.
1632 4292 1688 4344 Β
1813 4289 2119 4360 plerunque
2160 4289 2271 4343 VB
2300 4306 2606 4359 perumque
2636 4291 2691 4343 A
2722 4306 2858 4345 corr.

558 4378 886 4448 plerumque
925 4378 1004 4433 Α2
1041 4385 1104 4433 ut
1138 4380 1354 4433 videtur
1462 4384 1529 4432 22
1569 4378 1859 4447 pabulatio
1899 4382 1959 4434 in
1988 4381 2193 4435 lacuna
2219 4397 2319 4435 om.
2357 4379 2414 4434 B
2521 4394 2636 4432 non
2665 4378 2782 4448 sint
2809 4378 2862 4434 A

554 4484 672 4522 non
710 4466 824 4521 sint
860 4467 974 4520 ΡΒ
1008 4483 1118 4521 non
1159 4466 1237 4520 sic
1273 4482 1328 4520 m
1365 4483 1476 4521 non
1514 4468 1600 4521 est
1637 4483 1668 4521 v

346 4741 547 4872 Ἣ.

534 4873 547 4888 ιι
