3178 5185
888 371 1147 426 RERVM
1186 371 1659 427 RVSTICARVM
1701 374 1834 428 LIB.
1873 373 1952 426 III
1992 368 2027 423 9
2488 375 2618 438 293

322 535 524 596 mollis
587 545 752 618 atque
821 541 1116 620 apricum3
1182 542 1410 600 intento
1474 559 1654 618 supra
1714 548 1867 621 rete,
1934 541 2088 619 quod
2149 542 2461 620 prohibeat
2518 562 2616 603 eas

320 651 491 705 extra
548 653 734 724 saepta
780 645 1012 706 evolare
1062 654 1122 706 et
1170 649 1227 706 in
1278 665 1376 706 eas
1414 646 1675 708 involare
1722 650 2092 709 extrinsecus
2131 650 2476 727 accipitrem
2514 659 2615 710 ant

321 751 463 828 quid
529 752 687 832 aliut3
744 755 1061 822 evitantem
1111 753 1408 814 caldorem
1457 762 1516 814 et
1565 756 1770 835 friguS,
1820 756 1974 834 quod
2028 764 2346 835 utrumque
2396 759 2468 817 iis
2517 758 2614 816 ad-

319 876 579 920 versum.
666 880 799 919 cum
859 862 971 920 iam
1032 859 1244 939 pinnas
1301 860 1632 941 habebunt,
1691 863 2257 924 consuefaciundum
2316 871 2380 923 ut
2437 883 2613 924 unam

266 974 421 1025 5aut
472 967 614 1027 (luas
661 976 966 1028 sectentur
1013 967 1284 1048 gallinaS,
1333 977 1565 1028 ceterae
1617 977 1683 1029 ut
1730 971 1927 1047 potins
1974 968 2044 1029 ad
2094 970 2445 1047 pariendum
2494 972 2612 1030 sint

314 1074 640 1151 expeditae,
684 1093 858 1153 quam
900 1076 960 1135 in
1000 1077 1300 1136 nutricatu
1340 1088 1678 1154 occupatae.
1745 1076 2027 1136 incubare
2067 1084 2303 1154 oportet
2340 1078 2603 1156 incipere
2631 1082 2706 1137 16

314 1181 642 1240 secundum
708 1200 918 1242 novam
987 1181 1211 1263 lunam,
1279 1183 1433 1262 quod
1503 1183 1627 1243 fere
1696 1202 1846 1262 quae
1915 1193 2076 1262 ante,
2143 1183 2424 1261 pleraque
2491 1202 2608 1243 non

314 1287 659 1347 succedunt.
762 1288 973 1349 diebus
1040 1289 1163 1349 fere
1230 1292 1440 1367 viginti
1505 1290 1823 1351 excudunt.
1918 1291 1989 1350 de
2058 1290 2275 1369 quibus
2341 1289 2609 1351 villaticis

312 1397 593 1472 quoniam
642 1394 730 1454 vel
780 1397 1028 1456 nimium
1078 1396 1330 1476 dictum,
1379 1397 1668 1457 brevitate
1720 1396 1944 1476 reliqua
1993 1397 2384 1476 conpensabo.

239 1523 285 1560 10
495 1502 749 1563 Gallinae
818 1505 1076 1564 rusticae
1134 1513 1276 1564 sunt
1330 1506 1392 1564 in
1452 1504 1599 1564 urbe
1658 1524 1853 1585 rarae,
1917 1524 2026 1566 nec
2086 1506 2209 1565 fere
2267 1512 2607 1565 mansuetae

309 1612 441 1670 sine
490 1629 660 1671 cavea
710 1611 988 1671 videntur
1034 1611 1270 1690 Romae,
1319 1611 1541 1671 similes
1591 1613 1736 1671 facie
1777 1630 1895 1671 non
1936 1612 2025 1672 his
2065 1612 2296 1690 gallinis
2336 1611 2607 1672 villaticis

310 1720 549 1800 nostris,
587 1718 686 1778 sed
728 1719 1025 1778 africanis,
1090 1726 1333 1796 aspectu
1373 1738 1439 1779 ac
1481 1719 1628 1778 facie
1667 1721 2160 1779 incontaminatae
2201 1721 2259 1780 in
2291 1719 2598 1780 ornatibus
2624 1722 2699 1778 17

308 1823 564 1902 publicis
611 1825 805 1885 solent
851 1827 992 1903 poni
1040 1844 1175 1885 cum
1225 1827 1492 1905 psittacis
1542 1844 1609 1885 ac
1657 1825 1904 1885 merulis
1952 1825 2128 1903 albis,
2178 1827 2317 1885 item
2369 1825 2496 1884 aliis
2546 1826 2603 1884 id

308 1949 496 2008 genus
544 1930 724 1992 rebus
773 1933 1089 1997 inusitatis
1158 1950 1351 2011 neque
1401 1932 1523 1991 fere
1572 1934 1633 1991 in
1683 1931 1834 1991 villis
1881 1950 1987 1991 ova
2027 1951 2092 1992 30
2131 1931 2326 2010 pullos
2365 1933 2605 2012 faciunt,

237 2055 281 2094 15
309 2038 412 2098 sed
472 2040 532 2098 in
590 2037 772 2097 silvis,
866 2038 937 2097 ab
995 2038 1088 2097 his
1145 2037 1377 2116 gallinis
1431 2038 1651 2098 dicitur
1698 2039 1888 2099 insula
1939 2038 2251 2099 Gallinaria
2300 2040 2606 2119 appellata,

309 2163 458 2224 quae
500 2153 591 2205 est
627 2146 687 2205 in
729 2147 880 2205 mari
918 2145 1112 2205 Tusco
1152 2146 1477 2207 secundum
1519 2146 1745 2206 ltaliam
1785 2154 1988 2206 contra
2029 2156 2261 2207 montes
2300 2146 2605 2225 LiguscoS,

309 2251 654 2312 Intimilium
693 2252 907 2312 Album
947 2252 1304 2331 Ingaunum:
1343 2253 1440 2313 alii
1479 2253 1549 2313 ab
1587 2254 1681 2313 his
1722 2253 1992 2313 villaticis
2031 2255 2279 2314 invectis
2319 2273 2349 2313 a
2391 2255 2603 2332 nautiS,

304 2358 383 2418 ibi
437 2359 579 2419 seris
626 2360 798 2419 factis
843 2361 1187 2437 procreatis,
1253 2359 1500 2437 gallinae
1548 2360 1839 2421 africanae
1889 2368 2027 2421 sunt
2063 2362 2333 2441 grandeS,
2382 2362 2696 2440 variae,18

304 2465 603 2546 gibberae,
652 2484 799 2545 quas
847 2465 1235 2544 meleagridas
1283 2467 1580 2546 appellant
1627 2467 1852 2527 Graeci.
1945 2467 2090 2527 haec
2139 2469 2491 2528 novissimae
2540 2470 2599 2527 in

234 2590 278 2630 20
305 2572 631 2633 triclinium
699 2575 1016 2651 genanium
1079 2576 1442 2635 introierunt
1499 2595 1530 2635 e
1587 2574 1782 2635 culina
1840 2583 2085 2655 propter
2142 2576 2441 2637 fastidium
2501 2576 2599 2636 110-

451 2795 517 2844 18
555 2789 802 2859 gallinae
840 2790 1120 2845 africanae
1160 2792 1310 2845 Ptin.
1351 2797 1446 2857 10,
1486 2796 1554 2845 74

451 3002 478 3048 1
518 2999 686 3063 atque
724 2996 820 3049 Bv
858 2997 1040 3063 adque
1078 2997 1193 3050 PA
1336 2995 1635 3065 prohibeat
1680 2995 1791 3051 VB
1828 2996 2166 3065 prohibeant
2203 2997 2257 3050 A
2366 3003 2397 3050 2
2436 2998 2600 3066 septa

296 3085 528 3139 euolare
589 3086 643 3138 P
692 3087 920 3154 saeptae
978 3083 1170 3152 301313
1221 3087 1277 3139 Β
1331 3086 1487 3154 septe
1535 3087 1693 3154 (corr.
1743 3087 1906 3153 septa
1950 3085 2052 3153 ΑΞ)
2101 3086 2293 3139 uolare
2340 3087 2395 3140 A
2441 3087 2601 3154 septa

294 3173 494 3228 uolare
527 3191 562 3227 v
708 3180 740 3227 3
780 3173 915 3243 quid
954 3174 1098 3228 31131
1129 3175 1244 3228 PA
1285 3173 1418 3243 quid
1460 3174 1613 3227 aliud
1642 3175 1737 3227 Βυ
1857 3176 2133 3243 utrunque
2170 3174 2222 3227 V
2322 3174 2390 3227 iis
2418 3173 2598 3229 PAB

290 3264 386 3316 his
422 3280 456 3317 v
600 3271 634 3317 4
673 3263 1201 3318 consuefaciundum
1235 3264 1417 3318 PAB
1455 3264 1977 3318 consuefaoiendum
2008 3282 2038 3317 v
2185 3270 2216 3316 5
2256 3267 2507 3317 caeterae
2550 3262 2601 3315 V

440 3357 473 3404 7
513 3352 666 3421 quod
702 3353 846 3419 ferre
882 3352 938 3406 A
1082 3359 1114 3407 9
1153 3351 1371 3421 reliqua
1405 3355 1833 3422 superscrsptum
1868 3354 1933 3406 in
1960 3351 2016 3405 A
2160 3352 2511 3421 conpensabo
2540 3351 2596 3405 A

301 3441 682 3510 compensabo
731 3442 845 3497 VB
1122 3509 1129 3516 .

478 3536 544 3585 10
591 3547 694 3584 330
741 3530 891 3585 ferae
937 3530 990 3584 V
1165 3537 1229 3585 11
1279 3530 1398 3584 sine
1445 3546 1620 3585 cauea
1669 3531 1720 3583 V
1761 3531 1875 3585 5131
1919 3546 2095 3586 03333
2129 3532 2251 3585 ΑΒ
2430 3532 2518 3585 1115
2562 3548 2594 3586 v

291 3619 385 3674 hic
415 3620 601 3675 PAB
715 3625 779 3673 12
809 3636 875 3674 30
903 3619 1046 3675 facie
1088 3620 1199 3673 VB
1228 3638 1263 3674 3
1290 3619 1434 3673 facie
1455 3618 1572 3673 Am
1686 3626 1749 3673 13
1779 3619 2010 3689 psitaeis
2041 3620 2092 3673 V
2116 3620 2231 3689 sipt
2256 3621 2417 3674 13035
2455 3637 2590 3674 corr.

293 3740 360 3748 —
399 3709 483 3763 015
521 3708 578 3762 A
615 3696 888 3778 syptztacis
927 3710 983 3763 B
1103 3714 1170 3762 14
1205 3725 1385 3776 neque
1424 3709 1575 3763 ferae
1624 3709 1675 3762 V
1786 3707 1995 3762 1311331,
2030 3709 2086 3761 A
2202 3714 2267 3762 15
2307 3707 2593 3777 appellata

292 3815 391 3852 om,
447 3797 509 3865 V,
550 3798 679 3852 add.
719 3797 842 3852 AB
952 3803 1016 3850 17
1058 3795 1397 3852 intiminium
1439 3798 1629 3851 album
1670 3798 1972 3865 ingaunum
2015 3798 2191 3851 PAB
2228 3796 2591 3851 uintimilium

292 3886 780 3955 albumingauium
830 3904 878 3941 v.
965 3886 1363 3956 ‘lut-iminium,
1421 3886 1657 3953 Album,
1714 3885 2036 3955 ingaunum.
2133 3887 2298 3942 Vetus
2340 3888 2471 3942 haec
2516 3892 2593 3941 est

291 3978 450 4032 lectio
479 3998 493 4029 ε
522 3993 683 4042 nam,
743 3976 1143 4043 Vintimilium,
1191 3978 1334 4044 quod
1381 3982 1544 4031 antea
1591 3978 1655 4030 in
1701 3978 1917 4031 excusis
1962 3983 2107 4043 erat,
2153 3978 2441 4043 manifesto
2479 3993 2591 4031 cor-

290 4066 540 4135 ruptum’
606 4066 898 4119 Victorius,
973 4064 1327 4119 Intemelium
1375 4065 1795 4133 Albingaunum
1843 4067 2070 4120 coniecit
2116 4067 2257 4119 idem
2402 4067 2589 4119 333115

292 4154 401 4209 sibi
429 4154 486 4208 A
598 4160 664 4209 18
695 4153 959 4208 affricane
989 4157 1116 4208 sunt
1142 4155 1194 4207 A
1226 4156 1323 4209 ubi
1349 4158 1375 4208 1
1403 4155 1633 4209 31111Α2
1745 4161 1808 4209 19
1839 4154 2066 4223 gibbere
2084 4155 2140 4208 A
2167 4154 2455 4223 gibberiae
2475 4155 2590 4209 PB

293 4245 522 4314 giberae
559 4261 614 4298 m
663 4231 937 4312 gilberiae
974 4261 1007 4299 v
1150 4245 1524 4312 meleagridas
1562 4245 1743 4299 PAB
1783 4244 2150 4313 meleagrides
2187 4261 2218 4296 v
2361 4242 2502 4298 haec
2541 4244 2597 4297 P

294 4334 398 4388 hec
435 4335 491 4386 A
530 4334 636 4388 hae
675 4334 732 4388 Β
746 4350 778 4386 υ
941 4339 1009 4386 20
1047 4333 1345 4402 genanium
1389 4335 1568 4389 PAB
1607 4334 1907 4405 genauium
1944 4351 1975 4386 v
2013 4331 2337 4403 ganearium
2377 4334 2586 4387 Iucun-

296 4424 414 4477 dus,
490 4422 576 4475 ‘In
621 4420 933 4476 triclinium
980 4424 1319 4492 ganearium.
1396 4423 1591 4479 Prisca
1639 4426 1791 4481 lectio
1836 4424 2059 4478 diuersa
2095 4428 2197 4491 est,
2246 4421 2583 4478 Genanium’

306 4511 578 4567 Victom'us
1046 4524 1055 4535 ‘
