<?xml version="1.0" encoding="UTF-8"?>
<!DOCTYPE html PUBLIC "-//W3C//DTD XHTML 1.0 Transitional//EN"
    "http://www.w3.org/TR/xhtml1/DTD/xhtml1-transitional.dtd">
<html xmlns="http://www.w3.org/1999/xhtml" xml:lang="en" lang="en">
 <head>
  <title>
</title>
<meta http-equiv="Content-Type" content="text/html;charset=utf-8" />
  <meta name='ocr-system' content='tesseract 3.04.00' />
  <meta name='ocr-capabilities' content='ocr_page ocr_carea ocr_par ocr_line ocrx_word'/>
</head>
<body>
  <div class='ocr_page' id='page_1' title='image "./mporcicatonisde01catogoog_0081.png"; bbox 0 0 3178 5185; ppageno 0'>
   <div class='ocr_carea' id='block_1_1' title="bbox 788 389 2584 458">
    <p class='ocr_par' dir='ltr' id='par_1_1' title="bbox 788 389 2584 458">
     <span class='ocr_line' id='line_1_1' title="bbox 788 389 2584 458; baseline 0.008 -14"><span class='ocrx_word' id='word_1_1' title='bbox 788 390 1043 445; x_wconf 85' lang='lat' dir='ltr'><strong>RERVM</strong></span> <span class='ocrx_word' id='word_1_2' title='bbox 1078 389 1552 446; x_wconf 86' lang='lat' dir='ltr'><strong><em>RVSTICARVM</em></strong></span> <span class='ocrx_word' id='word_1_3' title='bbox 1589 392 1724 450; x_wconf 91' lang='lat' dir='ltr'><strong>LIB.</strong></span> <span class='ocrx_word' id='word_1_4' title='bbox 1762 394 1789 447; x_wconf 95' lang='lat' dir='ltr'>I</span> <span class='ocrx_word' id='word_1_5' title='bbox 1826 392 2065 452; x_wconf 83' lang='lat'>29—31</span> <span class='ocrx_word' id='word_1_6' title='bbox 2458 393 2584 458; x_wconf 88' lang='grc'>169</span> 
     </span>
    </p>
   </div>
   <div class='ocr_carea' id='block_1_2' title="bbox 229 557 2641 2036">
    <p class='ocr_par' dir='ltr' id='par_1_2' title="bbox 229 557 2641 2036">
     <span class='ocr_line' id='line_1_2' title="bbox 295 557 2585 643; baseline 0.001 -25"><span class='ocrx_word' id='word_1_7' title='bbox 295 559 347 619; x_wconf 91' lang='lat' dir='ltr'>id</span> <span class='ocrx_word' id='word_1_8' title='bbox 409 566 501 620; x_wconf 88' lang='lat' dir='ltr'>est</span> <span class='ocrx_word' id='word_1_9' title='bbox 566 560 985 640; x_wconf 82' lang='lat' dir='ltr'><strong>conminuere,</strong></span> <span class='ocrx_word' id='word_1_10' title='bbox 1050 577 1125 619; x_wconf 94' lang='lat' dir='ltr'>ne</span> <span class='ocrx_word' id='word_1_11' title='bbox 1191 559 1269 619; x_wconf 93' lang='lat' dir='ltr'>sit</span> <span class='ocrx_word' id='word_1_12' title='bbox 1325 557 1546 638; x_wconf 85' lang='lat' dir='ltr'><strong>glaeba.</strong></span> <span class='ocrx_word' id='word_1_13' title='bbox 1649 562 1807 641; x_wconf 92' lang='lat' dir='ltr'>quod</span> <span class='ocrx_word' id='word_1_14' title='bbox 1864 565 1944 623; x_wconf 91' lang='lat' dir='ltr'>ita</span> <span class='ocrx_word' id='word_1_15' title='bbox 2004 563 2310 643; x_wconf 82' lang='lat' dir='ltr'>occidunt,</span> <span class='ocrx_word' id='word_1_16' title='bbox 2377 580 2585 622; x_wconf 79' lang='lat' dir='ltr'>occare</span> 
     </span>
     <span class='ocr_line' id='line_1_3' title="bbox 295 664 2585 753; baseline 0.001 -28"><span class='ocrx_word' id='word_1_17' title='bbox 295 665 528 744; x_wconf 82' lang='lat' dir='ltr'>dictum.</span> <span class='ocrx_word' id='word_1_18' title='bbox 632 667 788 727; x_wconf 85' lang='lat' dir='ltr'>vites</span> <span class='ocrx_word' id='word_1_19' title='bbox 852 667 1206 747; x_wconf 85' lang='lat' dir='ltr'>pampinari,</span> <span class='ocrx_word' id='word_1_20' title='bbox 1273 667 1376 727; x_wconf 92' lang='lat' dir='ltr'>sed</span> <span class='ocrx_word' id='word_1_21' title='bbox 1434 686 1465 728; x_wconf 92' lang='lat' dir='ltr'>a</span> <span class='ocrx_word' id='word_1_22' title='bbox 1522 671 1747 731; x_wconf 81' lang='lat' dir='ltr'>sciente</span> <span class='ocrx_word' id='word_1_23' title='bbox 1805 664 1970 753; x_wconf 89' lang='lat' dir='ltr'>(nam</span> <span class='ocrx_word' id='word_1_24' title='bbox 2026 670 2085 730; x_wconf 90' lang='lat' dir='ltr'>id</span> <span class='ocrx_word' id='word_1_25' title='bbox 2143 688 2320 749; x_wconf 89' lang='lat' dir='ltr'>quam</span> <span class='ocrx_word' id='word_1_26' title='bbox 2374 676 2585 748; x_wconf 89' lang='lat' dir='ltr'>putare</span> 
     </span>
     <span class='ocr_line' id='line_1_4' title="bbox 293 766 2637 856; baseline 0.001 -24"><span class='ocrx_word' id='word_1_27' title='bbox 293 766 533 856; x_wconf 88' lang='lat' dir='ltr'>maius),</span> <span class='ocrx_word' id='word_1_28' title='bbox 591 791 791 852; x_wconf 90' lang='lat' dir='ltr'>neque</span> <span class='ocrx_word' id='word_1_29' title='bbox 846 775 908 834; x_wconf 92' lang='lat' dir='ltr'>in</span> <span class='ocrx_word' id='word_1_30' title='bbox 964 773 1233 854; x_wconf 85' lang='lat' dir='ltr'>arbusto,</span> <span class='ocrx_word' id='word_1_31' title='bbox 1289 775 1391 835; x_wconf 91' lang='lat' dir='ltr'>sed</span> <span class='ocrx_word' id='word_1_32' title='bbox 1448 777 1509 835; x_wconf 93' lang='lat' dir='ltr'>in</span> <span class='ocrx_word' id='word_1_33' title='bbox 1566 779 1736 838; x_wconf 89' lang='lat' dir='ltr'>vinea</span> <span class='ocrx_word' id='word_1_34' title='bbox 1780 778 1927 839; x_wconf 86' lang='lat' dir='ltr'>fieri.</span> <span class='ocrx_word' id='word_1_35' title='bbox 2016 780 2360 856; x_wconf 84' lang='lat' dir='ltr'>pampinare</span> <span class='ocrx_word' id='word_1_36' title='bbox 2408 783 2499 836; x_wconf 92' lang='lat' dir='ltr'>est</span> <span class='ocrx_word' id='word_1_37' title='bbox 2545 779 2637 836; x_wconf 84' lang='lat' dir='ltr'>e2</span> 
     </span>
     <span class='ocr_line' id='line_1_5' title="bbox 294 880 2585 965; baseline 0.001 -25"><span class='ocrx_word' id='word_1_38' title='bbox 294 888 591 940; x_wconf 85' lang='lat' dir='ltr'>sarmento</span> <span class='ocrx_word' id='word_1_39' title='bbox 638 880 799 941; x_wconf 90' lang='lat' dir='ltr'>coles</span> <span class='ocrx_word' id='word_1_40' title='bbox 838 883 942 960; x_wconf 92' lang='lat' dir='ltr'>qui</span> <span class='ocrx_word' id='word_1_41' title='bbox 978 883 1100 941; x_wconf 91' lang='lat' dir='ltr'>nati</span> <span class='ocrx_word' id='word_1_42' title='bbox 1148 889 1303 964; x_wconf 87' lang='lat' dir='ltr'>sunt,</span> <span class='ocrx_word' id='word_1_43' title='bbox 1343 882 1414 942; x_wconf 89' lang='lat' dir='ltr'>de</span> <span class='ocrx_word' id='word_1_44' title='bbox 1453 885 1527 943; x_wconf 90' lang='lat' dir='ltr'>iis</span> <span class='ocrx_word' id='word_1_45' title='bbox 1567 886 1671 963; x_wconf 90' lang='lat' dir='ltr'>qui</span> <span class='ocrx_word' id='word_1_46' title='bbox 1707 883 2028 963; x_wconf 86' lang='lat' dir='ltr'>plurimum</span> <span class='ocrx_word' id='word_1_47' title='bbox 2067 884 2279 965; x_wconf 87' lang='lat' dir='ltr'>valent,</span> <span class='ocrx_word' id='word_1_48' title='bbox 2325 885 2585 962; x_wconf 88' lang='lat' dir='ltr'>primum</span> 
     </span>
     <span class='ocr_line' id='line_1_6' title="bbox 246 988 2587 1072; baseline 0.001 -25"><span class='ocrx_word' id='word_1_49' title='bbox 246 994 351 1047; x_wconf 84' lang='lat' dir='ltr'>⁵et</span> <span class='ocrx_word' id='word_1_50' title='bbox 403 988 768 1063; x_wconf 89' lang='lat' dir='ltr'>secundum,</span> <span class='ocrx_word' id='word_1_51' title='bbox 823 1006 942 1048; x_wconf 92' lang='lat' dir='ltr'>non</span> <span class='ocrx_word' id='word_1_52' title='bbox 988 1006 1312 1068; x_wconf 89' lang='lat' dir='ltr'>numquam</span> <span class='ocrx_word' id='word_1_53' title='bbox 1358 992 1533 1051; x_wconf 85' lang='lat' dir='ltr'>etiam</span> <span class='ocrx_word' id='word_1_54' title='bbox 1580 993 1852 1072; x_wconf 85' lang='lat' dir='ltr'>tertium,</span> <span class='ocrx_word' id='word_1_55' title='bbox 1907 991 2275 1072; x_wconf 86' lang='lat' dir='ltr'>relinquere,</span> <span class='ocrx_word' id='word_1_56' title='bbox 2322 990 2587 1071; x_wconf 89' lang='lat' dir='ltr'>reliquos</span> 
     </span>
     <span class='ocr_line' id='line_1_7' title="bbox 296 1093 2585 1178; baseline 0.001 -23"><span class='ocrx_word' id='word_1_57' title='bbox 296 1093 657 1176; x_wconf 60' lang='lat' dir='ltr'>decerpere‚‘</span> <span class='ocrx_word' id='word_1_58' title='bbox 724 1114 801 1156; x_wconf 91' lang='lat' dir='ltr'>ne</span> <span class='ocrx_word' id='word_1_59' title='bbox 875 1095 1100 1157; x_wconf 90' lang='lat' dir='ltr'>relictis</span> <span class='ocrx_word' id='word_1_60' title='bbox 1172 1095 1403 1157; x_wconf 89' lang='lat' dir='ltr'>colibus</span> <span class='ocrx_word' id='word_1_61' title='bbox 1479 1105 1845 1159; x_wconf 84' lang='lat' dir='ltr'>sarmentum</span> <span class='ocrx_word' id='word_1_62' title='bbox 1917 1106 2174 1178; x_wconf 87' lang='lat' dir='ltr'>nequeat</span> <span class='ocrx_word' id='word_1_63' title='bbox 2245 1100 2585 1159; x_wconf 85' lang='lat' dir='ltr'>ministrare</span> 
     </span>
     <span class='ocr_line' id='line_1_8' title="bbox 295 1202 2587 1289; baseline 0.001 -27"><span class='ocrx_word' id='word_1_64' title='bbox 295 1219 521 1263; x_wconf 88' lang='lat' dir='ltr'>sucum.</span> <span class='ocrx_word' id='word_1_65' title='bbox 625 1202 760 1263; x_wconf 92' lang='lat' dir='ltr'>ideo</span> <span class='ocrx_word' id='word_1_66' title='bbox 824 1205 887 1264; x_wconf 91' lang='lat' dir='ltr'>in</span> <span class='ocrx_word' id='word_1_67' title='bbox 951 1204 1182 1263; x_wconf 83' lang='lat' dir='ltr'>vitiario</span> <span class='ocrx_word' id='word_1_68' title='bbox 1238 1206 1516 1283; x_wconf 89' lang='lat' dir='ltr'>primitus</span> <span class='ocrx_word' id='word_1_69' title='bbox 1570 1224 1709 1265; x_wconf 92' lang='lat' dir='ltr'>cum</span> <span class='ocrx_word' id='word_1_70' title='bbox 1765 1208 1886 1267; x_wconf 84' lang='lat' dir='ltr'>exit</span> <span class='ocrx_word' id='word_1_71' title='bbox 1940 1209 2100 1289; x_wconf 81' lang='lat' dir='ltr'>vitiS,</span> <span class='ocrx_word' id='word_1_72' title='bbox 2165 1213 2287 1266; x_wconf 89' lang='lat' dir='ltr'>tota</span> <span class='ocrx_word' id='word_1_73' title='bbox 2342 1207 2587 1266; x_wconf 89' lang='lat' dir='ltr'>resicari</span> 
     </span>
     <span class='ocr_line' id='line_1_9' title="bbox 297 1309 2589 1392; baseline 0.001 -22"><span class='ocrx_word' id='word_1_74' title='bbox 297 1309 469 1391; x_wconf 84' lang='lat' dir='ltr'>solet,</span> <span class='ocrx_word' id='word_1_75' title='bbox 536 1317 606 1370; x_wconf 94' lang='lat' dir='ltr'>ut</span> <span class='ocrx_word' id='word_1_76' title='bbox 670 1310 934 1370; x_wconf 86' lang='lat' dir='ltr'>firmiore</span> <span class='ocrx_word' id='word_1_77' title='bbox 1000 1319 1297 1373; x_wconf 85' lang='lat' dir='ltr'>sarmento</span> <span class='ocrx_word' id='word_1_78' title='bbox 1363 1332 1395 1373; x_wconf 98' lang='lat' dir='ltr'>e</span> <span class='ocrx_word' id='word_1_79' title='bbox 1461 1321 1622 1374; x_wconf 87' lang='lat' dir='ltr'>terra</span> <span class='ocrx_word' id='word_1_80' title='bbox 1687 1320 1856 1374; x_wconf 87' lang='lat' dir='ltr'>exeat</span> <span class='ocrx_word' id='word_1_81' title='bbox 1919 1321 2097 1392; x_wconf 90' lang='lat' dir='ltr'>atque</span> <span class='ocrx_word' id='word_1_82' title='bbox 2163 1315 2227 1374; x_wconf 91' lang='lat' dir='ltr'>in</span> <span class='ocrx_word' id='word_1_83' title='bbox 2289 1313 2589 1391; x_wconf 87' lang='lat' dir='ltr'>pariendis</span> 
     </span>
     <span class='ocr_line' id='line_1_10' title="bbox 297 1398 2641 1500; baseline 0.001 -24"><span class='ocrx_word' id='word_1_84' title='bbox 297 1415 522 1478; x_wconf 90' lang='lat' dir='ltr'>colibus</span> <span class='ocrx_word' id='word_1_85' title='bbox 561 1398 722 1477; x_wconf 87' lang='lat' dir='ltr'>vires</span> <span class='ocrx_word' id='word_1_86' title='bbox 759 1417 971 1479; x_wconf 91' lang='lat' dir='ltr'>habeat</span> <span class='ocrx_word' id='word_1_87' title='bbox 1006 1420 1276 1480; x_wconf 92' lang='lat' dir='ltr'>maiores.</span> <span class='ocrx_word' id='word_1_88' title='bbox 1361 1420 1702 1481; x_wconf 90' lang='lat' dir='ltr'>eiuncidum</span> <span class='ocrx_word' id='word_1_89' title='bbox 1740 1423 1899 1482; x_wconf 91' lang='lat' dir='ltr'>enim</span> <span class='ocrx_word' id='word_1_90' title='bbox 1936 1428 2301 1482; x_wconf 89' lang='lat' dir='ltr'>sarmentum</span> <span class='ocrx_word' id='word_1_91' title='bbox 2336 1421 2641 1500; x_wconf 90' lang='lat' dir='ltr'>propter3</span> 
     </span>
     <span class='ocr_line' id='line_1_11' title="bbox 229 1525 2592 1610; baseline 0.002 -27"><span class='ocrx_word' id='word_1_92' title='bbox 229 1536 274 1575; x_wconf 86' lang='lat'>1⁰</span> <span class='ocrx_word' id='word_1_93' title='bbox 297 1525 705 1586; x_wconf 86' lang='lat' dir='ltr'>infirmitatem</span> <span class='ocrx_word' id='word_1_94' title='bbox 753 1525 954 1586; x_wconf 89' lang='lat' dir='ltr'>sterile</span> <span class='ocrx_word' id='word_1_95' title='bbox 1000 1545 1195 1605; x_wconf 91' lang='lat' dir='ltr'>neque</span> <span class='ocrx_word' id='word_1_96' title='bbox 1242 1546 1315 1588; x_wconf 83' lang='lat' dir='ltr'>ex</span> <span class='ocrx_word' id='word_1_97' title='bbox 1353 1546 1416 1589; x_wconf 91' lang='lat' dir='ltr'>se</span> <span class='ocrx_word' id='word_1_98' title='bbox 1452 1536 1653 1606; x_wconf 91' lang='lat' dir='ltr'>potest</span> <span class='ocrx_word' id='word_1_99' title='bbox 1690 1531 1883 1589; x_wconf 88' lang='lat' dir='ltr'>eicere</span> <span class='ocrx_word' id='word_1_100' title='bbox 1921 1531 2118 1610; x_wconf 86' lang='lat' dir='ltr'>vitem,</span> <span class='ocrx_word' id='word_1_101' title='bbox 2168 1546 2343 1608; x_wconf 91' lang='lat' dir='ltr'>quam</span> <span class='ocrx_word' id='word_1_102' title='bbox 2382 1535 2592 1588; x_wconf 86' lang='lat' dir='ltr'>vocant</span> 
     </span>
     <span class='ocr_line' id='line_1_12' title="bbox 297 1631 2589 1715; baseline 0.001 -23"><span class='ocrx_word' id='word_1_103' title='bbox 297 1634 592 1693; x_wconf 88' lang='lat' dir='ltr'>minorem</span> <span class='ocrx_word' id='word_1_104' title='bbox 638 1631 953 1715; x_wconf 84' lang='lat' dir='ltr'>flagellum,</span> <span class='ocrx_word' id='word_1_105' title='bbox 999 1636 1284 1695; x_wconf 90' lang='lat' dir='ltr'>maiorem</span> <span class='ocrx_word' id='word_1_106' title='bbox 1322 1643 1383 1695; x_wconf 86' lang='lat' dir='ltr'>et</span> <span class='ocrx_word' id='word_1_107' title='bbox 1419 1638 1532 1695; x_wconf 89' lang='lat' dir='ltr'>iam</span> <span class='ocrx_word' id='word_1_108' title='bbox 1572 1635 1730 1697; x_wconf 91' lang='lat' dir='ltr'>unde</span> <span class='ocrx_word' id='word_1_109' title='bbox 1768 1654 1915 1697; x_wconf 91' lang='lat' dir='ltr'>uvae</span> <span class='ocrx_word' id='word_1_110' title='bbox 1952 1643 2284 1696; x_wconf 86' lang='lat' dir='ltr'>nascuntur</span> <span class='ocrx_word' id='word_1_111' title='bbox 2321 1635 2589 1714; x_wconf 83' lang='lat' dir='ltr'>palmam.</span> 
     </span>
     <span class='ocr_line' id='line_1_13' title="bbox 296 1739 2589 1824; baseline 0.002 -26"><span class='ocrx_word' id='word_1_112' title='bbox 296 1741 459 1818; x_wconf 86' lang='lat' dir='ltr'>prior</span> <span class='ocrx_word' id='word_1_113' title='bbox 529 1739 731 1800; x_wconf 89' lang='lat' dir='ltr'>littera</span> <span class='ocrx_word' id='word_1_114' title='bbox 796 1758 912 1800; x_wconf 90' lang='lat' dir='ltr'>una</span> <span class='ocrx_word' id='word_1_115' title='bbox 978 1748 1199 1801; x_wconf 89' lang='lat' dir='ltr'>mutata</span> <span class='ocrx_word' id='word_1_116' title='bbox 1264 1741 1553 1802; x_wconf 88' lang='lat' dir='ltr'>declinata</span> <span class='ocrx_word' id='word_1_117' title='bbox 1624 1762 1655 1804; x_wconf 93' lang='lat' dir='ltr'>a</span> <span class='ocrx_word' id='word_1_118' title='bbox 1720 1746 1882 1804; x_wconf 89' lang='lat' dir='ltr'>venti</span> <span class='ocrx_word' id='word_1_119' title='bbox 1944 1742 2113 1824; x_wconf 87' lang='lat' dir='ltr'>flatu,</span> <span class='ocrx_word' id='word_1_120' title='bbox 2187 1742 2459 1803; x_wconf 86' lang='lat' dir='ltr'>similiter</span> <span class='ocrx_word' id='word_1_121' title='bbox 2521 1760 2589 1802; x_wconf 93' lang='lat' dir='ltr'>ac</span> 
     </span>
     <span class='ocr_line' id='line_1_14' title="bbox 298 1845 2590 1929; baseline 0.002 -24"><span class='ocrx_word' id='word_1_122' title='bbox 298 1845 597 1907; x_wconf 87' lang='lat' dir='ltr'>flabellum</span> <span class='ocrx_word' id='word_1_123' title='bbox 652 1845 967 1924; x_wconf 86' lang='lat' dir='ltr'>flagellum.</span> <span class='ocrx_word' id='word_1_124' title='bbox 1058 1850 1386 1929; x_wconf 78' lang='lat' dir='ltr'>posterior,</span> <span class='ocrx_word' id='word_1_125' title='bbox 1447 1850 1603 1928; x_wconf 88' lang='lat' dir='ltr'>quod</span> <span class='ocrx_word' id='word_1_126' title='bbox 1662 1869 1729 1910; x_wconf 87' lang='lat' dir='ltr'>ea</span> <span class='ocrx_word' id='word_1_127' title='bbox 1776 1852 1913 1910; x_wconf 86' lang='lat' dir='ltr'>vitis</span> <span class='ocrx_word' id='word_1_128' title='bbox 1961 1852 2282 1911; x_wconf 89' lang='lat' dir='ltr'>inmittitur</span> <span class='ocrx_word' id='word_1_129' title='bbox 2329 1849 2400 1910; x_wconf 93' lang='lat' dir='ltr'>ad</span> <span class='ocrx_word' id='word_1_130' title='bbox 2447 1867 2590 1909; x_wconf 88' lang='lat' dir='ltr'>uvas</span> 
     </span>
     <span class='ocr_line' id='line_1_15' title="bbox 299 1953 2590 2036; baseline 0.002 -24"><span class='ocrx_word' id='word_1_131' title='bbox 299 1953 632 2035; x_wconf 80' lang='lat' dir='ltr'>pariendaS,</span> <span class='ocrx_word' id='word_1_132' title='bbox 680 1953 839 2014; x_wconf 85' lang='lat' dir='ltr'>dicta</span> <span class='ocrx_word' id='word_1_133' title='bbox 884 1956 1077 2034; x_wconf 89' lang='lat' dir='ltr'>primo</span> <span class='ocrx_word' id='word_1_134' title='bbox 1122 1956 1359 2017; x_wconf 86' lang='lat' dir='ltr'>videtur</span> <span class='ocrx_word' id='word_1_135' title='bbox 1406 1975 1437 2017; x_wconf 92' lang='lat' dir='ltr'>a</span> <span class='ocrx_word' id='word_1_136' title='bbox 1483 1957 1771 2036; x_wconf 89' lang='lat' dir='ltr'>pariendo</span> <span class='ocrx_word' id='word_1_137' title='bbox 1817 1957 2126 2036; x_wconf 87' lang='lat' dir='ltr'>parilema:</span> <span class='ocrx_word' id='word_1_138' title='bbox 2174 1959 2310 2017; x_wconf 85' lang='lat' dir='ltr'>exin</span> <span class='ocrx_word' id='word_1_139' title='bbox 2347 1958 2590 2017; x_wconf 90' lang='lat' dir='ltr'>mutatis</span> 
     </span>
    </p>
   </div>
   <div class='ocr_carea' id='block_1_3' title="bbox 299 2147 726 2155">
    <p class='ocr_par' dir='ltr' id='par_1_3' title="bbox 299 2147 726 2155">
     <span class='ocr_line' id='line_1_16' title="bbox 299 2147 726 2155; baseline 0 3030"><span class='ocrx_word' id='word_1_140' title='bbox 299 2147 726 2155; x_wconf 95' lang='lat' dir='ltr'> </span> 
     </span>
    </p>
   </div>
   <div class='ocr_carea' id='block_1_4' title="bbox 443 2258 1572 2340">
    <p class='ocr_par' dir='ltr' id='par_1_4' title="bbox 443 2258 1572 2340">
     <span class='ocr_line' id='line_1_17' title="bbox 443 2258 1572 2340; baseline 0.004 -18"><span class='ocrx_word' id='word_1_141' title='bbox 443 2274 474 2322; x_wconf 85' lang='lat'><strong>3</strong></span> <span class='ocrx_word' id='word_1_142' title='bbox 513 2285 544 2324; x_wconf 90' lang='lat' dir='ltr'>e</span> <span class='ocrx_word' id='word_1_143' title='bbox 583 2270 867 2324; x_wconf 79' lang='lat' dir='ltr'>sarmento</span> <span class='ocrx_word' id='word_1_144' title='bbox 906 2258 1055 2325; x_wconf 86' lang='lat' dir='ltr'>coles</span> <span class='ocrx_word' id='word_1_145' title='bbox 1091 2270 1240 2325; x_wconf 90' lang='lat' dir='ltr'>Non.</span> <span class='ocrx_word' id='word_1_146' title='bbox 1274 2287 1331 2340; x_wconf 80' lang='lat' dir='ltr'>p.</span> <span class='ocrx_word' id='word_1_147' title='bbox 1369 2275 1461 2338; x_wconf 86' lang='lat'>93,</span> <span class='ocrx_word' id='word_1_148' title='bbox 1495 2276 1572 2328; x_wconf 76' lang='lat'>20</span> 
     </span>
    </p>
   </div>
   <div class='ocr_carea' id='block_1_5' title="bbox 303 2451 729 2459">
    <p class='ocr_par' dir='ltr' id='par_1_5' title="bbox 303 2451 729 2459">
     <span class='ocr_line' id='line_1_18' title="bbox 303 2451 729 2459; baseline 0 2726"><span class='ocrx_word' id='word_1_149' title='bbox 303 2451 729 2459; x_wconf 95' lang='lat' dir='ltr'> </span> 
     </span>
    </p>
   </div>
   <div class='ocr_carea' id='block_1_6' title="bbox 252 2572 2602 4607">
    <p class='ocr_par' dir='ltr' id='par_1_6' title="bbox 252 2572 2602 4607">
     <span class='ocr_line' id='line_1_19' title="bbox 446 2572 2594 2644; baseline 0.001 -17"><span class='ocrx_word' id='word_1_150' title='bbox 446 2577 474 2627; x_wconf 93' lang='lat'>1</span> <span class='ocrx_word' id='word_1_151' title='bbox 513 2573 686 2644; x_wconf 79' lang='lat' dir='ltr'>gleba</span> <span class='ocrx_word' id='word_1_152' title='bbox 732 2572 786 2626; x_wconf 92' lang='lat' dir='ltr'><strong><em>V</em></strong></span> <span class='ocrx_word' id='word_1_153' title='bbox 942 2579 973 2628; x_wconf 84' lang='lat'>2</span> <span class='ocrx_word' id='word_1_154' title='bbox 1021 2572 1318 2644; x_wconf 70' lang='lat' dir='ltr'>pampinari</span> <span class='ocrx_word' id='word_1_155' title='bbox 1354 2573 1408 2627; x_wconf 88' lang='lat' dir='ltr'><strong><em>A</em></strong></span> <span class='ocrx_word' id='word_1_156' title='bbox 1571 2580 1605 2629; x_wconf 81' lang='lat'><strong>3</strong></span> <span class='ocrx_word' id='word_1_157' title='bbox 1650 2574 1709 2629; x_wconf 88' lang='lat' dir='ltr'>in</span> <span class='ocrx_word' id='word_1_158' title='bbox 1756 2574 1987 2629; x_wconf 77' lang='lat' dir='ltr'>arbusta,</span> <span class='ocrx_word' id='word_1_159' title='bbox 2023 2575 2077 2629; x_wconf 88' lang='lat' dir='ltr'><strong><em>A</em></strong></span> <span class='ocrx_word' id='word_1_160' title='bbox 2241 2592 2271 2630; x_wconf 90' lang='lat' dir='ltr'>e</span> <span class='ocrx_word' id='word_1_161' title='bbox 2312 2575 2594 2631; x_wconf 79' lang='lat' dir='ltr'>sarmenta.</span> 
     </span>
     <span class='ocr_line' id='line_1_20' title="bbox 307 2663 2593 2738; baseline 0.001 -20"><span class='ocrx_word' id='word_1_162' title='bbox 307 2678 439 2719; x_wconf 79' lang='lat' dir='ltr'>corr.</span> <span class='ocrx_word' id='word_1_163' title='bbox 477 2694 543 2703; x_wconf 94' lang='lat'><strong>—</strong></span> <span class='ocrx_word' id='word_1_164' title='bbox 582 2665 645 2717; x_wconf 90' lang='lat' dir='ltr'>to</span> <span class='ocrx_word' id='word_1_165' title='bbox 684 2663 740 2718; x_wconf 88' lang='lat' dir='ltr'><strong><em>A</em></strong></span> <span class='ocrx_word' id='word_1_166' title='bbox 883 2668 917 2716; x_wconf 88' lang='grc'>4</span> <span class='ocrx_word' id='word_1_167' title='bbox 964 2664 1152 2718; x_wconf 81' lang='lat' dir='ltr'>caules</span> <span class='ocrx_word' id='word_1_168' title='bbox 1188 2664 1411 2719; x_wconf 88' lang='lat' dir='ltr'>Nonius</span> <span class='ocrx_word' id='word_1_169' title='bbox 1440 2681 1498 2732; x_wconf 80' lang='lat' dir='ltr'>p.</span> <span class='ocrx_word' id='word_1_170' title='bbox 1538 2668 1632 2731; x_wconf 88' lang='lat'>93,</span> <span class='ocrx_word' id='word_1_171' title='bbox 1670 2668 1742 2720; x_wconf 76' lang='lat'>21</span> <span class='ocrx_word' id='word_1_172' title='bbox 1890 2664 1959 2738; x_wconf 88' lang='lat' dir='ltr'>de</span> <span class='ocrx_word' id='word_1_173' title='bbox 2004 2664 2075 2718; x_wconf 91' lang='lat' dir='ltr'>iis</span> <span class='ocrx_word' id='word_1_174' title='bbox 2113 2665 2229 2719; x_wconf 88' lang='lat' dir='ltr'>PB</span> <span class='ocrx_word' id='word_1_175' title='bbox 2265 2664 2334 2718; x_wconf 87' lang='lat' dir='ltr'>de</span> <span class='ocrx_word' id='word_1_176' title='bbox 2371 2664 2459 2719; x_wconf 89' lang='lat' dir='ltr'>his</span> <span class='ocrx_word' id='word_1_177' title='bbox 2496 2666 2593 2721; x_wconf 85' lang='lat' dir='ltr'>Av</span> 
     </span>
     <span class='ocr_line' id='line_1_21' title="bbox 441 2752 2595 2821; baseline 0.001 -15"><span class='ocrx_word' id='word_1_178' title='bbox 441 2753 640 2807; x_wconf 81' lang='lat' dir='ltr'>ualent</span> <span class='ocrx_word' id='word_1_179' title='bbox 672 2753 917 2821; x_wconf 88' lang='lat' dir='ltr'>primum</span> <span class='ocrx_word' id='word_1_180' title='bbox 954 2753 1014 2807; x_wconf 90' lang='lat' dir='ltr'>et</span> <span class='ocrx_word' id='word_1_181' title='bbox 1049 2752 1353 2807; x_wconf 88' lang='lat' dir='ltr'>secundum</span> <span class='ocrx_word' id='word_1_182' title='bbox 1382 2752 1606 2808; x_wconf 86' lang='lat' dir='ltr'>Nonius</span> <span class='ocrx_word' id='word_1_183' title='bbox 1641 2753 1837 2807; x_wconf 81' lang='lat' dir='ltr'>ualent</span> <span class='ocrx_word' id='word_1_184' title='bbox 1871 2754 2213 2808; x_wconf 83' lang='lat' dir='ltr'>aseeundum</span> <span class='ocrx_word' id='word_1_185' title='bbox 2241 2753 2362 2809; x_wconf 89' lang='lat' dir='ltr'>AB</span> <span class='ocrx_word' id='word_1_186' title='bbox 2399 2753 2595 2809; x_wconf 81' lang='lat' dir='ltr'>ualent</span> 
     </span>
     <span class='ocr_line' id='line_1_22' title="bbox 309 2841 2593 2911; baseline 0 -16"><span class='ocrx_word' id='word_1_187' title='bbox 309 2842 379 2896; x_wconf 82' lang='lat' dir='ltr'>ad.</span> <span class='ocrx_word' id='word_1_188' title='bbox 413 2842 719 2896; x_wconf 86' lang='lat' dir='ltr'>secundum</span> <span class='ocrx_word' id='word_1_189' title='bbox 768 2842 821 2896; x_wconf 91' lang='lat' dir='ltr'><strong><em>V</em></strong></span> <span class='ocrx_word' id='word_1_190' title='bbox 959 2848 990 2895; x_wconf 83' lang='lat'>5</span> <span class='ocrx_word' id='word_1_191' title='bbox 1027 2858 1425 2911; x_wconf 83' lang='lat' dir='ltr'>nonnunquam</span> <span class='ocrx_word' id='word_1_192' title='bbox 1473 2842 1527 2897; x_wconf 90' lang='lat' dir='ltr'><strong><em>V</em></strong></span> <span class='ocrx_word' id='word_1_193' title='bbox 1667 2849 1697 2897; x_wconf 77' lang='lat'>7</span> <span class='ocrx_word' id='word_1_194' title='bbox 1736 2841 1967 2897; x_wconf 85' lang='lat' dir='ltr'>uiciario</span> <span class='ocrx_word' id='word_1_195' title='bbox 2007 2841 2063 2896; x_wconf 91' lang='lat' dir='ltr'><strong><em>A</em></strong></span> <span class='ocrx_word' id='word_1_196' title='bbox 2205 2842 2431 2897; x_wconf 84' lang='lat' dir='ltr'>resicari</span> <span class='ocrx_word' id='word_1_197' title='bbox 2468 2841 2593 2896; x_wconf 91' lang='lat' dir='ltr'>AB</span> 
     </span>
     <span class='ocr_line' id='line_1_23' title="bbox 309 2930 2596 3003; baseline 0.001 -20"><span class='ocrx_word' id='word_1_198' title='bbox 309 2931 541 2986; x_wconf 81' lang='lat' dir='ltr'>resecari</span> <span class='ocrx_word' id='word_1_199' title='bbox 591 2930 734 2985; x_wconf 80' lang='lat' dir='ltr'>VA²</span> <span class='ocrx_word' id='word_1_200' title='bbox 755 2970 768 2984; x_wconf 90' lang='lat'><strong>.</strong></span> <span class='ocrx_word' id='word_1_201' title='bbox 802 2930 986 3001; x_wconf 74' lang='lat' dir='ltr'>‘Quod</span> <span class='ocrx_word' id='word_1_202' title='bbox 1032 2933 1106 2986; x_wconf 89' lang='lat' dir='ltr'>ad</span> <span class='ocrx_word' id='word_1_203' title='bbox 1149 2937 1378 2987; x_wconf 83' lang='lat' dir='ltr'>ueterem</span> <span class='ocrx_word' id='word_1_204' title='bbox 1423 2932 1870 3003; x_wconf 74' lang='lat' dir='ltr'>orthoyraphiam</span> <span class='ocrx_word' id='word_1_205' title='bbox 1907 2932 2170 3000; x_wconf 75' lang='lat' dir='ltr'>pertinet,</span> <span class='ocrx_word' id='word_1_206' title='bbox 2216 2932 2326 2986; x_wconf 89' lang='lat' dir='ltr'>duo</span> <span class='ocrx_word' id='word_1_207' title='bbox 2374 2932 2464 2985; x_wconf 84' lang='lat' dir='ltr'>hic</span> <span class='ocrx_word' id='word_1_208' title='bbox 2499 2933 2596 2986; x_wconf 86' lang='lat' dir='ltr'>ad·</span> 
     </span>
     <span class='ocr_line' id='line_1_24' title="bbox 310 3019 2597 3090; baseline -0 -16"><span class='ocrx_word' id='word_1_209' title='bbox 310 3035 513 3075; x_wconf 82' lang='lat' dir='ltr'>monere</span> <span class='ocrx_word' id='word_1_210' title='bbox 540 3035 837 3089; x_wconf 79' lang='lat' dir='ltr'>possumus</span> <span class='ocrx_word' id='word_1_211' title='bbox 866 3043 879 3075; x_wconf 75' lang='grc' dir='ltr'><strong><em>ε</em></strong></span> <span class='ocrx_word' id='word_1_212' title='bbox 908 3019 1187 3087; x_wconf 86' lang='lat' dir='ltr'>Resieari,</span> <span class='ocrx_word' id='word_1_213' title='bbox 1233 3026 1283 3075; x_wconf 80' lang='lat' dir='ltr'>et</span> <span class='ocrx_word' id='word_1_214' title='bbox 1320 3020 1520 3088; x_wconf 85' lang='lat' dir='ltr'>Sicari,</span> <span class='ocrx_word' id='word_1_215' title='bbox 1563 3022 1663 3076; x_wconf 85' lang='lat' dir='ltr'>hoc</span> <span class='ocrx_word' id='word_1_216' title='bbox 1698 3022 1879 3090; x_wconf 79' lang='lat' dir='ltr'>eapite</span> <span class='ocrx_word' id='word_1_217' title='bbox 1914 3026 2105 3075; x_wconf 80' lang='lat' dir='ltr'>contra</span> <span class='ocrx_word' id='word_1_218' title='bbox 2140 3021 2307 3074; x_wconf 84' lang='lat' dir='ltr'>huius</span> <span class='ocrx_word' id='word_1_219' title='bbox 2343 3021 2597 3087; x_wconf 76' lang='lat' dir='ltr'>temporis</span> 
     </span>
     <span class='ocr_line' id='line_1_25' title="bbox 310 3109 2598 3180; baseline 0.001 -18"><span class='ocrx_word' id='word_1_220' title='bbox 310 3110 747 3164; x_wconf 78' lang='lat' dir='ltr'>consuetudinem</span> <span class='ocrx_word' id='word_1_221' title='bbox 784 3110 846 3163; x_wconf 87' lang='lat' dir='ltr'>in</span> <span class='ocrx_word' id='word_1_222' title='bbox 883 3110 1129 3178; x_wconf 77' lang='lat' dir='ltr'>antiquis</span> <span class='ocrx_word' id='word_1_223' title='bbox 1167 3110 1323 3164; x_wconf 85' lang='lat' dir='ltr'>libris</span> <span class='ocrx_word' id='word_1_224' title='bbox 1359 3111 1624 3179; x_wconf 81' lang='lat' dir='ltr'>scriptum</span> <span class='ocrx_word' id='word_1_225' title='bbox 1661 3126 1785 3177; x_wconf 89' lang='lat' dir='ltr'>esse,</span> <span class='ocrx_word' id='word_1_226' title='bbox 1823 3109 2270 3180; x_wconf 77' lang='lat' dir='ltr'>quemadmodum</span> <span class='ocrx_word' id='word_1_227' title='bbox 2308 3109 2471 3165; x_wconf 86' lang='lat' dir='ltr'>etiam</span> <span class='ocrx_word' id='word_1_228' title='bbox 2497 3109 2598 3164; x_wconf 80' lang='lat' dir='ltr'>hoc</span> 
     </span>
     <span class='ocr_line' id='line_1_26' title="bbox 309 3198 2598 3272; baseline 0 -21"><span class='ocrx_word' id='word_1_229' title='bbox 309 3199 422 3267; x_wconf 79' lang='lat' dir='ltr'>ipso</span> <span class='ocrx_word' id='word_1_230' title='bbox 468 3200 534 3252; x_wconf 92' lang='lat' dir='ltr'>in</span> <span class='ocrx_word' id='word_1_231' title='bbox 572 3199 742 3265; x_wconf 81' lang='lat' dir='ltr'>libre,</span> <span class='ocrx_word' id='word_1_232' title='bbox 790 3198 890 3252; x_wconf 85' lang='lat' dir='ltr'>ubi</span> <span class='ocrx_word' id='word_1_233' title='bbox 924 3199 987 3253; x_wconf 89' lang='lat' dir='ltr'>de</span> <span class='ocrx_word' id='word_1_234' title='bbox 1023 3199 1303 3253; x_wconf 85' lang='lat' dir='ltr'>messionis</span> <span class='ocrx_word' id='word_1_235' title='bbox 1339 3200 1627 3268; x_wconf 76' lang='lat' dir='ltr'>yeneribus</span> <span class='ocrx_word' id='word_1_236' title='bbox 1661 3201 1780 3269; x_wconf 75' lang='lat' dir='ltr'>ayit</span> <span class='ocrx_word' id='word_1_237' title='bbox 1810 3222 1822 3253; x_wconf 73' lang='grc' dir='ltr'><strong>ε</strong></span> <span class='ocrx_word' id='word_1_238' title='bbox 1849 3200 1974 3271; x_wconf 85' lang='grc'><strong><em>[50,</em></strong></span> <span class='ocrx_word' id='word_1_239' title='bbox 1993 3199 2082 3272; x_wconf 59' lang='grc' dir='ltr'>Ἴ1]</span> <span class='ocrx_word' id='word_1_240' title='bbox 2118 3198 2199 3252; x_wconf 81' lang='lat' dir='ltr'>Et</span> <span class='ocrx_word' id='word_1_241' title='bbox 2234 3199 2598 3268; x_wconf 79' lang='lat' dir='ltr'>manipulum,</span> 
     </span>
     <span class='ocr_line' id='line_1_27' title="bbox 310 3287 2595 3358; baseline -0.001 -15"><span class='ocrx_word' id='word_1_242' title='bbox 310 3294 368 3343; x_wconf 84' lang='lat' dir='ltr'>ut</span> <span class='ocrx_word' id='word_1_243' title='bbox 411 3305 657 3358; x_wconf 75' lang='lat' dir='ltr'>quenque</span> <span class='ocrx_word' id='word_1_244' title='bbox 702 3287 1113 3355; x_wconf 83' lang='lat' dir='ltr'>subsicuerunt,</span> <span class='ocrx_word' id='word_1_245' title='bbox 1160 3293 1209 3342; x_wconf 79' lang='lat' dir='ltr'>et</span> <span class='ocrx_word' id='word_1_246' title='bbox 1256 3290 1432 3343; x_wconf 88' lang='lat' dir='ltr'>eodem</span> <span class='ocrx_word' id='word_1_247' title='bbox 1480 3290 1621 3356; x_wconf 79' lang='lat' dir='ltr'>locO,</span> <span class='ocrx_word' id='word_1_248' title='bbox 1680 3288 1752 3342; x_wconf 81' lang='lat' dir='ltr'>Vt</span> <span class='ocrx_word' id='word_1_249' title='bbox 1795 3293 2151 3343; x_wconf 81' lang='lat' dir='ltr'>stramentum</span> <span class='ocrx_word' id='word_1_250' title='bbox 2194 3288 2428 3342; x_wconf 86' lang='lat' dir='ltr'>medium</span> <span class='ocrx_word' id='word_1_251' title='bbox 2472 3288 2595 3341; x_wconf 89' lang='lat' dir='ltr'>sub·</span> 
     </span>
     <span class='ocr_line' id='line_1_28' title="bbox 309 3378 2596 3447; baseline 0 -16"><span class='ocrx_word' id='word_1_252' title='bbox 309 3379 472 3433; x_wconf 86' lang='lat' dir='ltr'>sicent</span> <span class='ocrx_word' id='word_1_253' title='bbox 501 3422 514 3434; x_wconf 89' lang='lat'><strong>.</strong></span> <span class='ocrx_word' id='word_1_254' title='bbox 544 3395 680 3431; x_wconf 90' lang='lat' dir='ltr'>nam</span> <span class='ocrx_word' id='word_1_255' title='bbox 715 3378 939 3431; x_wconf 88' lang='lat' dir='ltr'>eandem</span> <span class='ocrx_word' id='word_1_256' title='bbox 974 3378 1242 3431; x_wconf 77' lang='lat' dir='ltr'>rationem</span> <span class='ocrx_word' id='word_1_257' title='bbox 1278 3378 1453 3443; x_wconf 84' lang='lat' dir='ltr'>habet,</span> <span class='ocrx_word' id='word_1_258' title='bbox 1489 3380 1635 3446; x_wconf 77' lang='lat' dir='ltr'>quod</span> <span class='ocrx_word' id='word_1_259' title='bbox 1672 3379 1790 3446; x_wconf 85' lang='lat' dir='ltr'>(ubi</span> <span class='ocrx_word' id='word_1_260' title='bbox 1825 3379 1890 3432; x_wconf 91' lang='lat' dir='ltr'>de</span> <span class='ocrx_word' id='word_1_261' title='bbox 1924 3378 2099 3432; x_wconf 87' lang='lat' dir='ltr'>modis</span> <span class='ocrx_word' id='word_1_262' title='bbox 2125 3378 2324 3447; x_wconf 75' lang='lat' dir='ltr'>quibus</span> <span class='ocrx_word' id='word_1_263' title='bbox 2350 3379 2596 3432; x_wconf 82' lang='lat' dir='ltr'>metiren-</span> 
     </span>
     <span class='ocr_line' id='line_1_29' title="bbox 309 3466 2600 3537; baseline 0 -17"><span class='ocrx_word' id='word_1_264' title='bbox 309 3471 398 3521; x_wconf 83' lang='lat' dir='ltr'>tur</span> <span class='ocrx_word' id='word_1_265' title='bbox 431 3484 574 3522; x_wconf 79' lang='lat' dir='ltr'>rura</span> <span class='ocrx_word' id='word_1_266' title='bbox 612 3467 752 3536; x_wconf 78' lang='lat' dir='ltr'>ayit)</span> <span class='ocrx_word' id='word_1_267' title='bbox 790 3468 854 3520; x_wconf 89' lang='lat' dir='ltr'>in</span> <span class='ocrx_word' id='word_1_268' title='bbox 879 3471 1196 3537; x_wconf 71' lang='lat' dir='ltr'>peruetusto</span> <span class='ocrx_word' id='word_1_269' title='bbox 1231 3468 1496 3535; x_wconf 79' lang='lat' dir='ltr'>scriptum</span> <span class='ocrx_word' id='word_1_270' title='bbox 1532 3472 1609 3521; x_wconf 80' lang='lat' dir='ltr'>est</span> <span class='ocrx_word' id='word_1_271' title='bbox 1638 3489 1650 3520; x_wconf 76' lang='grc' dir='ltr'><strong><em>ε</em></strong></span> <span class='ocrx_word' id='word_1_272' title='bbox 1678 3467 1755 3537; x_wconf 94' lang='grc' dir='ltr'>[Ι</span> <span class='ocrx_word' id='word_1_273' title='bbox 1780 3471 1871 3534; x_wconf 83' lang='grc'>10,</span> <span class='ocrx_word' id='word_1_274' title='bbox 1898 3467 1975 3537; x_wconf 77' lang='lat'>2]</span> <span class='ocrx_word' id='word_1_275' title='bbox 2013 3467 2094 3521; x_wconf 95' lang='lat' dir='ltr'>In</span> <span class='ocrx_word' id='word_1_276' title='bbox 2128 3466 2465 3521; x_wconf 86' lang='lat' dir='ltr'>subsiciuum</span> <span class='ocrx_word' id='word_1_277' title='bbox 2493 3482 2600 3521; x_wconf 87' lang='lat' dir='ltr'>esse</span> 
     </span>
     <span class='ocr_line' id='line_1_30' title="bbox 309 3555 2601 3625; baseline 0 -16"><span class='ocrx_word' id='word_1_278' title='bbox 309 3558 530 3611; x_wconf 85' lang='lat' dir='ltr'>unciam</span> <span class='ocrx_word' id='word_1_279' title='bbox 569 3557 698 3625; x_wconf 75' lang='lat' dir='ltr'>ayri</span> <span class='ocrx_word' id='word_1_280' title='bbox 725 3578 739 3610; x_wconf 73' lang='grc' dir='ltr'><strong><em>ε</em></strong></span> <span class='ocrx_word' id='word_1_281' title='bbox 759 3571 888 3624; x_wconf 78' lang='lat' dir='ltr'>pre,</span> <span class='ocrx_word' id='word_1_282' title='bbox 934 3557 1015 3610; x_wconf 89' lang='lat' dir='ltr'>In</span> <span class='ocrx_word' id='word_1_283' title='bbox 1050 3555 1392 3611; x_wconf 84' lang='lat' dir='ltr'>subseeiuum</span> <span class='ocrx_word' id='word_1_284' title='bbox 1419 3574 1432 3613; x_wconf 86' lang='lat'>:</span> <span class='ocrx_word' id='word_1_285' title='bbox 1463 3559 1513 3610; x_wconf 84' lang='lat' dir='ltr'>et</span> <span class='ocrx_word' id='word_1_286' title='bbox 1549 3556 1693 3625; x_wconf 79' lang='lat' dir='ltr'>quod</span> <span class='ocrx_word' id='word_1_287' title='bbox 1730 3556 2065 3610; x_wconf 81' lang='lat' dir='ltr'>contrariam</span> <span class='ocrx_word' id='word_1_288' title='bbox 2102 3557 2370 3611; x_wconf 82' lang='lat' dir='ltr'>rationem</span> <span class='ocrx_word' id='word_1_289' title='bbox 2405 3557 2601 3610; x_wconf 80' lang='lat' dir='ltr'>habere</span> 
     </span>
     <span class='ocr_line' id='line_1_31' title="bbox 309 3630 2598 3720; baseline -0.001 -20"><span class='ocrx_word' id='word_1_290' title='bbox 309 3646 555 3712; x_wconf 81' lang='lat' dir='ltr'>uidetur,</span> <span class='ocrx_word' id='word_1_291' title='bbox 600 3644 983 3716; x_wconf 77' lang='lat' dir='ltr'>Saqenantur,</span> <span class='ocrx_word' id='word_1_292' title='bbox 1004 3715 1007 3720; x_wconf 87' lang='lat'>.</span> <span class='ocrx_word' id='word_1_293' title='bbox 1025 3660 1131 3713; x_wconf 80' lang='lat' dir='ltr'>pro</span> <span class='ocrx_word' id='word_1_294' title='bbox 1180 3630 1577 3715; x_wconf 69' lang='lat' dir='ltr'>›S&#39;aqincmtur’¹</span> <span class='ocrx_word' id='word_1_295' title='bbox 1641 3644 1917 3699; x_wconf 84' lang='lat' dir='ltr'>Victorius</span> <span class='ocrx_word' id='word_1_296' title='bbox 1961 3645 2025 3698; x_wconf 89' lang='lat' dir='ltr'>in</span> <span class='ocrx_word' id='word_1_297' title='bbox 2069 3646 2178 3712; x_wconf 75' lang='lat' dir='ltr'>fine</span> <span class='ocrx_word' id='word_1_298' title='bbox 2222 3645 2422 3714; x_wconf 67' lang='lat' dir='ltr'>cespitis</span> <span class='ocrx_word' id='word_1_299' title='bbox 2565 3648 2598 3697; x_wconf 90' lang='lat'>8</span> 
     </span>
     <span class='ocr_line' id='line_1_32' title="bbox 309 3731 2600 3803; baseline -0 -15"><span class='ocrx_word' id='word_1_300' title='bbox 309 3733 592 3803; x_wconf 87' lang='lat' dir='ltr'>pariendis</span> <span class='ocrx_word' id='word_1_301' title='bbox 649 3733 866 3788; x_wconf 89' lang='lat' dir='ltr'>colibus</span> <span class='ocrx_word' id='word_1_302' title='bbox 924 3733 1126 3788; x_wconf 82' lang='lat' dir='ltr'><strong><em>VBA²</em></strong></span> <span class='ocrx_word' id='word_1_303' title='bbox 1180 3731 1441 3803; x_wconf 86' lang='lat' dir='ltr'>pariendi</span> <span class='ocrx_word' id='word_1_304' title='bbox 1507 3731 1747 3788; x_wconf 84' lang='lat' dir='ltr'>collibus</span> <span class='ocrx_word' id='word_1_305' title='bbox 1797 3734 1852 3786; x_wconf 89' lang='lat' dir='ltr'><strong><em>A</em></strong></span> <span class='ocrx_word' id='word_1_306' title='bbox 1915 3732 2199 3802; x_wconf 84' lang='lat' dir='ltr'>pariendis</span> <span class='ocrx_word' id='word_1_307' title='bbox 2257 3732 2493 3788; x_wconf 86' lang='lat' dir='ltr'>collibus</span> <span class='ocrx_word' id='word_1_308' title='bbox 2546 3750 2600 3787; x_wconf 89' lang='lat' dir='ltr'>m</span> 
     </span>
     <span class='ocr_line' id='line_1_33' title="bbox 411 3821 2599 3893; baseline -0.001 -15"><span class='ocrx_word' id='word_1_309' title='bbox 411 3829 443 3878; x_wconf 89' lang='lat'>9</span> <span class='ocrx_word' id='word_1_310' title='bbox 480 3822 632 3879; x_wconf 88' lang='lat' dir='ltr'>uires</span> <span class='ocrx_word' id='word_1_311' title='bbox 658 3824 870 3878; x_wconf 80' lang='lat' dir='ltr'>habeat</span> <span class='ocrx_word' id='word_1_312' title='bbox 896 3823 1043 3878; x_wconf 89' lang='lat' dir='ltr'>uires</span> <span class='ocrx_word' id='word_1_313' title='bbox 1075 3826 1084 3893; x_wconf 86' lang='grc' dir='ltr'>Ι</span> <span class='ocrx_word' id='word_1_314' title='bbox 1117 3823 1370 3892; x_wconf 82' lang='lat' dir='ltr'>maiores,</span> <span class='ocrx_word' id='word_1_315' title='bbox 1406 3824 1499 3878; x_wconf 87' lang='lat' dir='ltr'>sed</span> <span class='ocrx_word' id='word_1_316' title='bbox 1523 3821 1671 3876; x_wconf 86' lang='lat' dir='ltr'>uires</span> <span class='ocrx_word' id='word_1_317' title='bbox 1695 3823 1992 3891; x_wconf 75' lang='lat' dir='ltr'>posteriore</span> <span class='ocrx_word' id='word_1_318' title='bbox 2019 3823 2132 3877; x_wconf 85' lang='lat' dir='ltr'>loco</span> <span class='ocrx_word' id='word_1_319' title='bbox 2157 3823 2426 3877; x_wconf 84' lang='lat' dir='ltr'>subducta</span> <span class='ocrx_word' id='word_1_320' title='bbox 2452 3822 2599 3875; x_wconf 85' lang='lat' dir='ltr'>linea</span> 
     </span>
     <span class='ocr_line' id='line_1_34' title="bbox 309 3909 2598 3981; baseline -0.003 -13"><span class='ocrx_word' id='word_1_321' title='bbox 309 3918 554 3968; x_wconf 79' lang='lat' dir='ltr'>notatum</span> <span class='ocrx_word' id='word_1_322' title='bbox 582 3913 639 3967; x_wconf 92' lang='lat' dir='ltr'><strong><em>A</em></strong></span> <span class='ocrx_word' id='word_1_323' title='bbox 776 3912 1096 3967; x_wconf 87' lang='lat' dir='ltr'>eiuncidum</span> <span class='ocrx_word' id='word_1_324' title='bbox 1117 3912 1299 3967; x_wconf 89' lang='lat' dir='ltr'>PAB</span> <span class='ocrx_word' id='word_1_325' title='bbox 1328 3912 1645 3966; x_wconf 85' lang='lat' dir='ltr'>emucidum</span> <span class='ocrx_word' id='word_1_326' title='bbox 1672 3929 1705 3967; x_wconf 88' lang='lat' dir='ltr'><strong><em>v</em></strong></span> <span class='ocrx_word' id='word_1_327' title='bbox 1725 3911 2042 3966; x_wconf 87' lang='lat' dir='ltr'>euincidum</span> <span class='ocrx_word' id='word_1_328' title='bbox 2061 3912 2344 3981; x_wconf 76' lang='lat' dir='ltr'>Anyelius.</span> <span class='ocrx_word' id='word_1_329' title='bbox 2404 3909 2598 3963; x_wconf 72' lang='lat' dir='ltr'>‘Eitm-</span> 
     </span>
     <span class='ocr_line' id='line_1_35' title="bbox 311 3998 2602 4072; baseline -0.003 -14"><span class='ocrx_word' id='word_1_330' title='bbox 311 4001 493 4058; x_wconf 88' lang='lat' dir='ltr'>cidum</span> <span class='ocrx_word' id='word_1_331' title='bbox 533 4002 686 4058; x_wconf 89' lang='lat' dir='ltr'>enim</span> <span class='ocrx_word' id='word_1_332' title='bbox 724 4003 1070 4057; x_wconf 88' lang='lat' dir='ltr'>sarmentum</span> <span class='ocrx_word' id='word_1_333' title='bbox 1105 4005 1338 4072; x_wconf 84' lang='lat' dir='ltr'>propter</span> <span class='ocrx_word' id='word_1_334' title='bbox 1374 4001 1761 4055; x_wconf 86' lang='lat' dir='ltr'>infirmitatem</span> <span class='ocrx_word' id='word_1_335' title='bbox 1792 3998 2000 4056; x_wconf 80' lang='lat' dir='ltr'>sterile.</span> <span class='ocrx_word' id='word_1_336' title='bbox 2086 4000 2249 4054; x_wconf 85' lang='lat' dir='ltr'>Vetus</span> <span class='ocrx_word' id='word_1_337' title='bbox 2277 4000 2445 4054; x_wconf 83' lang='lat' dir='ltr'>lectio.</span> <span class='ocrx_word' id='word_1_338' title='bbox 2519 3999 2602 4052; x_wconf 91' lang='lat' dir='ltr'>In</span> 
     </span>
     <span class='ocr_line' id='line_1_36' title="bbox 311 4087 2598 4148; baseline -0.003 0"><span class='ocrx_word' id='word_1_339' title='bbox 311 4094 518 4148; x_wconf 76' lang='lat' dir='ltr'>eoecusis</span> <span class='ocrx_word' id='word_1_340' title='bbox 566 4097 734 4147; x_wconf 82' lang='lat' dir='ltr'>antea</span> <span class='ocrx_word' id='word_1_341' title='bbox 781 4092 940 4146; x_wconf 82' lang='lat' dir='ltr'>libris</span> <span class='ocrx_word' id='word_1_342' title='bbox 998 4090 1356 4145; x_wconf 84' lang='lat' dir='ltr'>Euincidum’</span> <span class='ocrx_word' id='word_1_343' title='bbox 1445 4091 1721 4146; x_wconf 81' lang='lat' dir='ltr'>Victorius</span> <span class='ocrx_word' id='word_1_344' title='bbox 1867 4091 2206 4144; x_wconf 81' lang='lat' dir='ltr'>sarmentum</span> <span class='ocrx_word' id='word_1_345' title='bbox 2264 4087 2411 4141; x_wconf 89' lang='lat' dir='ltr'>enim</span> <span class='ocrx_word' id='word_1_346' title='bbox 2461 4103 2598 4143; x_wconf 76' lang='lat' dir='ltr'>corr.</span> 
     </span>
     <span class='ocr_line' id='line_1_37' title="bbox 252 4175 2600 4249; baseline -0.004 -11"><span class='ocrx_word' id='word_1_347' title='bbox 252 4233 255 4238; x_wconf 25' lang='lat'><strong>⁴</strong></span> <span class='ocrx_word' id='word_1_348' title='bbox 310 4182 454 4236; x_wconf 78' lang='lat' dir='ltr'>enim</span> <span class='ocrx_word' id='word_1_349' title='bbox 491 4182 837 4237; x_wconf 76' lang='lat' dir='ltr'>sarmentum</span> <span class='ocrx_word' id='word_1_350' title='bbox 866 4181 919 4233; x_wconf 92' lang='lat' dir='ltr'><em>B</em></span> <span class='ocrx_word' id='word_1_351' title='bbox 1068 4187 1133 4235; x_wconf 87' lang='lat'>13</span> <span class='ocrx_word' id='word_1_352' title='bbox 1173 4198 1282 4249; x_wconf 90' lang='lat' dir='ltr'>quo</span> <span class='ocrx_word' id='word_1_353' title='bbox 1321 4197 1388 4235; x_wconf 85' lang='lat' dir='ltr'>ea.</span> <span class='ocrx_word' id='word_1_354' title='bbox 1423 4180 1555 4235; x_wconf 88' lang='lat' dir='ltr'>uitis</span> <span class='ocrx_word' id='word_1_355' title='bbox 1593 4178 1919 4234; x_wconf 75' lang='lat' dir='ltr'>immittitur</span> <span class='ocrx_word' id='word_1_356' title='bbox 1950 4179 2066 4232; x_wconf 91' lang='lat' dir='ltr'>PB</span> <span class='ocrx_word' id='word_1_357' title='bbox 2104 4193 2214 4245; x_wconf 92' lang='lat' dir='ltr'>quo</span> <span class='ocrx_word' id='word_1_358' title='bbox 2253 4193 2319 4231; x_wconf 84' lang='lat' dir='ltr'>ea.</span> <span class='ocrx_word' id='word_1_359' title='bbox 2355 4175 2489 4230; x_wconf 88' lang='lat' dir='ltr'>uitis</span> <span class='ocrx_word' id='word_1_360' title='bbox 2518 4175 2600 4229; x_wconf 89' lang='lat' dir='ltr'>in-</span> 
     </span>
     <span class='ocr_line' id='line_1_38' title="bbox 311 4265 2601 4339; baseline -0.004 -12"><span class='ocrx_word' id='word_1_361' title='bbox 311 4272 526 4329; x_wconf 85' lang='lat' dir='ltr'>mititur</span> <span class='ocrx_word' id='word_1_362' title='bbox 553 4273 610 4327; x_wconf 86' lang='lat' dir='ltr'><strong><em>A</em></strong></span> <span class='ocrx_word' id='word_1_363' title='bbox 646 4272 705 4325; x_wconf 88' lang='lat' dir='ltr'>et</span> <span class='ocrx_word' id='word_1_364' title='bbox 733 4267 867 4323; x_wconf 84' lang='lat' dir='ltr'>uitis</span> <span class='ocrx_word' id='word_1_365' title='bbox 895 4286 962 4324; x_wconf 89' lang='lat' dir='ltr'>eo</span> <span class='ocrx_word' id='word_1_366' title='bbox 991 4269 1142 4337; x_wconf 83' lang='lat' dir='ltr'>quod</span> <span class='ocrx_word' id='word_1_367' title='bbox 1169 4269 1442 4323; x_wconf 84' lang='lat' dir='ltr'>innitetur</span> <span class='ocrx_word' id='word_1_368' title='bbox 1466 4288 1500 4324; x_wconf 85' lang='lat' dir='ltr'><strong><em>v</em></strong></span> <span class='ocrx_word' id='word_1_369' title='bbox 1520 4270 1672 4339; x_wconf 88' lang='lat' dir='ltr'>quod</span> <span class='ocrx_word' id='word_1_370' title='bbox 1701 4285 1769 4323; x_wconf 77' lang='lat' dir='ltr'>ea,</span> <span class='ocrx_word' id='word_1_371' title='bbox 1796 4266 1931 4322; x_wconf 84' lang='lat' dir='ltr'>uitis</span> <span class='ocrx_word' id='word_1_372' title='bbox 1962 4265 2307 4320; x_wconf 84' lang='lat' dir='ltr'>submittitur</span> <span class='ocrx_word' id='word_1_373' title='bbox 2328 4265 2601 4319; x_wconf 78' lang='lat' dir='ltr'>Gesnerus</span> 
     </span>
     <span class='ocr_line' id='line_1_39' title="bbox 415 4353 2600 4417; baseline -0.005 0"><span class='ocrx_word' id='word_1_374' title='bbox 415 4368 481 4417; x_wconf 87' lang='lat'>14</span> <span class='ocrx_word' id='word_1_375' title='bbox 521 4361 651 4417; x_wconf 85' lang='lat' dir='ltr'>exin</span> <span class='ocrx_word' id='word_1_376' title='bbox 680 4359 916 4414; x_wconf 79' lang='lat' dir='ltr'>mutatis</span> <span class='ocrx_word' id='word_1_377' title='bbox 944 4356 1151 4413; x_wconf 84' lang='lat' dir='ltr'>litteris</span> <span class='ocrx_word' id='word_1_378' title='bbox 1184 4358 1240 4411; x_wconf 90' lang='lat' dir='ltr'><em>P</em></span> <span class='ocrx_word' id='word_1_379' title='bbox 1264 4358 1626 4413; x_wconf 83' lang='lat' dir='ltr'>exinmutatis</span> <span class='ocrx_word' id='word_1_380' title='bbox 1655 4356 1861 4414; x_wconf 87' lang='lat' dir='ltr'>litteris</span> <span class='ocrx_word' id='word_1_381' title='bbox 1879 4356 1936 4411; x_wconf 91' lang='lat' dir='ltr'><strong><em>A</em></strong></span> <span class='ocrx_word' id='word_1_382' title='bbox 1964 4373 2032 4410; x_wconf 88' lang='lat' dir='ltr'>ex</span> <span class='ocrx_word' id='word_1_383' title='bbox 2059 4354 2370 4408; x_wconf 84' lang='lat' dir='ltr'>immutatis</span> <span class='ocrx_word' id='word_1_384' title='bbox 2396 4353 2600 4408; x_wconf 86' lang='lat' dir='ltr'>litteris</span> 
     </span>
     <span class='ocr_line' id='line_1_40' title="bbox 312 4444 2601 4519; baseline -0.003 -15"><span class='ocrx_word' id='word_1_385' title='bbox 312 4452 419 4507; x_wconf 85' lang='lat' dir='ltr'>Bv.</span> <span class='ocrx_word' id='word_1_386' title='bbox 495 4450 666 4505; x_wconf 78' lang='lat' dir='ltr'>‘Exin</span> <span class='ocrx_word' id='word_1_387' title='bbox 714 4448 951 4503; x_wconf 85' lang='lat' dir='ltr'>mutatis</span> <span class='ocrx_word' id='word_1_388' title='bbox 997 4448 1219 4503; x_wconf 85' lang='lat' dir='ltr'>litteris.</span> <span class='ocrx_word' id='word_1_389' title='bbox 1295 4449 1396 4502; x_wconf 80' lang='lat' dir='ltr'>Ita</span> <span class='ocrx_word' id='word_1_390' title='bbox 1441 4465 1508 4502; x_wconf 79' lang='lat' dir='ltr'>ex</span> <span class='ocrx_word' id='word_1_391' title='bbox 1544 4449 1763 4519; x_wconf 77' lang='lat' dir='ltr'>inqenio</span> <span class='ocrx_word' id='word_1_392' title='bbox 1800 4445 2112 4511; x_wconf 83' lang='lat' dir='ltr'>emendaui,</span> <span class='ocrx_word' id='word_1_393' title='bbox 2149 4461 2341 4513; x_wconf 78' lang='lat' dir='ltr'>parua</span> <span class='ocrx_word' id='word_1_394' title='bbox 2378 4444 2601 4499; x_wconf 79' lang='lat' dir='ltr'>licentia</span> 
     </span>
     <span class='ocr_line' id='line_1_41' title="bbox 316 4537 1663 4607; baseline -0.004 -11"><span class='ocrx_word' id='word_1_395' title='bbox 316 4558 464 4597; x_wconf 86' lang='lat' dir='ltr'>usus:</span> <span class='ocrx_word' id='word_1_396' title='bbox 501 4543 566 4597; x_wconf 81' lang='lat' dir='ltr'>in</span> <span class='ocrx_word' id='word_1_397' title='bbox 603 4539 849 4607; x_wconf 81' lang='lat' dir='ltr'>excusis,</span> <span class='ocrx_word' id='word_1_398' title='bbox 885 4537 969 4591; x_wconf 84' lang='lat' dir='ltr'>Ex</span> <span class='ocrx_word' id='word_1_399' title='bbox 1003 4537 1338 4593; x_wconf 84' lang='lat' dir='ltr'>immutatis’</span> <span class='ocrx_word' id='word_1_400' title='bbox 1388 4537 1663 4593; x_wconf 78' lang='lat' dir='ltr'>Victorius</span> 
     </span>
    </p>
   </div>
  </div>
 </body>
</html>
