3178 5185
880 425 1141 479 RERVM
1178 424 1657 480 RVSTICARVM
1693 424 1830 479 LIB.
1868 425 1920 477 Π
1961 420 1997 477 9
2455 411 2583 478 203

309 577 738 659 traclepore]
800 581 873 641 Ut
926 582 1314 641 deduxerunt
1369 598 1428 640 m
1484 586 1544 641 et
1599 579 1755 640 edita
1811 587 1947 639 ante
2006 577 2328 638 Victorium
2386 594 2583 636 exem-

305 685 502 766 plaria,
549 694 620 747 ut
665 690 1041 750 deducerent
1094 686 1430 766 apographa
1485 686 1772 766 quaedam
1829 684 2109 746 Italorum
2165 692 2226 744 et
2270 682 2583 745 Victorius

305 796 364 852 in
409 793 862 870 Metapontinos
906 797 1096 855 saltus
1142 802 1202 854 et
1246 796 1589 855 Heracleae
1635 795 1965 869 emporium
2021 810 2092 851 ex
2147 793 2416 870 principe
2466 790 2584 851 edi-

306 900 459 959 tione
510 909 817 979 receptum
866 909 974 962 est.
1047 904 1133 962 ad
1166 902 1509 962 Heracleae
1546 899 1752 977 forum
1797 900 2053 960 coniecit
2089 898 2130 959 Ι.
2161 897 2223 960 F.
2253 897 2584 959 Gronovius

305 1006 453 1084 apud
521 1006 969 1069 Schneiderum.
1060 1027 1270 1088 greges
1336 1027 1404 1068 ea
1469 1007 1817 1069 condicione
1888 1007 2221 1087 venierunt,
2281 1014 2344 1066 ut
2408 1024 2585 1066 canes

306 1115 428 1174 sine
478 1114 820 1194 pastoribus
867 1116 1237 1196 accederent,
1283 1124 1555 1196 pastores
1603 1124 1801 1176 autem
1850 1132 1920 1174 ex
1967 1113 2207 1174 Umbria
2251 1114 2313 1172 in
2359 1111 2583 1191 longin-

306 1239 448 1299 quas
509 1224 786 1301 regiones
847 1223 918 1283 ad
966 1223 1369 1303 Metapontum
1430 1232 1490 1283 et
1535 1221 1880 1282 Heracleam
1936 1238 2147 1300 greges
2204 1219 2584 1281 deducerent.

307 1328 520 1389 deinde
559 1333 711 1404 quid
754 1332 839 1391 ad
882 1334 1094 1405 locum,
1135 1329 1292 1410 quod
1341 1329 1594 1409 plurima
1632 1327 1968 1407 apographa
2014 1327 2248 1408 habent,
2285 1329 2347 1387 in
2385 1325 2587 1387 arche·
2700 1363 2705 1367 ·

306 1445 440 1514 typo
490 1436 628 1517 fuit,
676 1440 784 1512 qui
826 1440 913 1498 ad
954 1441 1151 1499 locum
1196 1436 1447 1515 Merula,
1496 1436 1655 1515 quod
1709 1438 1771 1496 in
1818 1437 2088 1515 principe
2135 1435 2391 1496 editione
2438 1433 2588 1494 Poli-

305 1544 500 1603 tianus
546 1561 666 1603 non
720 1545 995 1604 correxit.

482 1647 518 1711 7
589 1649 721 1709 Sed
772 1650 953 1727 quod
1016 1668 1312 1730 quarum
1374 1649 1455 1710 de
1504 1651 1868 1729 emptione
1931 1652 2016 1711 sit
2076 1649 2383 1715 alterius
2430 1667 2582 1709 cum

302 1776 332 1816 a
378 1758 628 1835 priore
676 1755 960 1818 domino
1008 1757 1323 1818 secundo
1380 1757 1725 1818 traditum
1782 1755 1915 1835 est]
1966 1760 2256 1832 Sequitur
2301 1764 2585 1832 quartum

300 1867 375 1925 de
421 1867 732 1941 emptione,
780 1866 848 1924 id
882 1868 958 1937 sit
1002 1869 1274 1938 alterius,
1323 1866 1487 1940 quod
1530 1883 1569 1924 a
1607 1867 1826 1941 priore
1874 1867 2110 1925 domino
2155 1868 2421 1925 secundo
2460 1870 2583 1923 tra-

300 1974 490 2032 ditum
538 1978 626 2031 est
670 1969 1000 2052 Iucundu8‚
1045 1976 1320 2047 sequitur
1365 1980 1651 2048 quartum
1698 1974 1774 2031 de
1829 1974 2147 2047 emptione,
2188 1976 2262 2045 sit
2316 1973 2586 2045 alterius,

301 2098 438 2140 cum
486 2098 526 2139 a
565 2081 781 2155 priore
827 2082 1065 2141 domino
1109 2082 1378 2141 secundo
1426 2083 1721 2141 traditum
1768 2087 1858 2139 est
1899 2078 2210 2160 VictoriuS,
2256 2081 2380 2157 sed,
2427 2080 2591 2152 quod

300 2193 587 2261 quartum
635 2188 710 2246 de
756 2190 1066 2263 emptione,
1106 2191 1182 2260 sit
1227 2188 1480 2247 alterius
1519 2204 1648 2265 sqq.
1695 2184 2042 2247 Pontedera.
2116 2184 2585 2246 emendationem

301 2291 553 2353 lucundi
600 2312 631 2353 a
671 2293 917 2372 reliquis
955 2292 1282 2354 editoribus
1319 2292 1627 2372 probatam
1666 2295 1933 2373 quamvis
1970 2296 2274 2372 incertam,
2312 2295 2588 2367 sequitur

301 2407 619 2481 quartum,
666 2401 904 2461 retinui.
997 2419 1132 2461 nam
1187 2402 1469 2462 scientiae
1532 2400 1844 2480 pastoralis
1901 2419 2038 2479 pars
2086 2407 2291 2480 quarta
2358 2405 2449 2458 est
2513 2396 2586 2457 de

303 2507 619 2588 emptione,
666 2505 718 2565 11
753 2504 816 2591 1,Ἰ
838 2502 920 2568 15
958 2513 1182 2582 quarta
1222 2526 1376 2585 pars
1414 2515 1502 2568 est
1538 2511 1614 2568 de
1652 2511 1790 2570 iure
1829 2511 1890 2568 in
1929 2508 2233 2583 parando.
2301 2522 2585 2564 numerus

303 2623 519 2694 autem,
557 2616 659 2693 qui
696 2617 757 2674 in
786 2614 1034 2694 reliquis
1061 2614 1332 2693 partibus
1371 2617 1626 2676 omissus
1658 2624 1768 2696 est,
1806 2615 1941 2675 addi
1979 2622 2230 2696 poterat,
2268 2620 2585 2692 propterea

304 2720 462 2800 quod
511 2723 598 2782 ad
633 2721 898 2797 sormam
946 2726 1102 2782 artis
1158 2724 1219 2782 in
1280 2740 1487 2784 novem
1539 2730 1753 2800 partes
1813 2725 2148 2800 expositam
2208 2720 2281 2781 de
2341 2718 2588 2781 canibus
2658 2727 2661 2730 '

305 2847 366 2889 se
407 2828 708 2889 dicturum
750 2847 881 2889 esse
919 2829 1150 2889 Atticus
1189 2831 1560 2908 promiserat.
1625 2837 1932 2908 praeterea
1969 2847 2078 2908 pro
2117 2836 2330 2889 neutro
2368 2846 2587 2907 genere

304 2939 596 2997 traditum
637 2938 810 3016 posui
847 2934 1238 2996 masculinum
1277 2939 1557 3011 traditus,
1599 2936 1757 3015 quod
1797 2939 1944 2997 ratio
1985 2938 2275 2997 serm0n1s
2311 2935 2586 3016 postulat,

300 3046 579 3118 sequitur
623 3051 909 3118 quartum
947 3046 1023 3104 de
1069 3046 1392 3121 emptione:
1432 3047 1507 3116 sit
1552 3048 1823 3118 alterius,
1870 3063 2007 3105 cum
2052 3077 2124 3086 —
2168 3047 2434 3104 traditus
2481 3051 2585 3105 est.

481 3148 635 3210 Nisi
683 3148 868 3230 quod
912 3149 1030 3210 hic
1077 3149 1370 3211 utiliter
1418 3158 1794 3230 exceptum
1841 3150 1974 3228 est]
2025 3150 2299 3211 Formula
2346 3148 2587 3230 stipula-

307 3259 485 3318 tionis
532 3256 604 3317 de
654 3259 902 3318 sanitate
948 3259 1183 3337 pecoris
1231 3259 1451 3336 scripta
1514 3266 1606 3318 est
1651 3256 1702 3317 11
1740 3256 1801 3339 2,
1840 3254 1898 3319 6.
1989 3259 2052 3318 in
2108 3257 2216 3317 hac
2272 3276 2422 3337 quae
2479 3276 2587 3337 pro

307 3364 556 3425 utilitate
603 3363 929 3425 venditoris
966 3373 1028 3423 et
1073 3364 1360 3442 emptoris
1398 3371 1643 3442 excepta
1682 3371 1824 3425 sunt
1860 3362 1933 3423 ad
1971 3365 2330 3443 emptionem
2377 3382 2588 3424 canum

305 3490 421 3531 non
469 3473 789 3551 pertinent.

479 3576 568 3637 Ut
613 3577 845 3638 solent
891 3576 1041 3638 hini
1088 3579 1247 3656 agni
1293 3575 1504 3654 oues]
1564 3577 1703 3639 Ovis
1750 3577 2003 3638 Merula:
2051 3576 2103 3636 11
2141 3575 2201 3658 2,
2239 3573 2280 3638 5
2327 3585 2395 3638 ut
2439 3582 2590 3654 aqni

305 3687 484 3746 cordi
526 3686 646 3745 duo
682 3702 805 3761 pro
848 3703 975 3760 una
1022 3702 1129 3746 ove
1174 3687 1671 3745 adnumerentur.

483 3789 522 3853 8
571 3790 866 3852 cibatus
914 3794 1112 3852 canis
1156 3778 1498 3872 proprior
1545 3790 1862 3851 hominis
1901 3809 2103 3870 quam
2149 3793 2311 3851 ouis
2358 3793 2588 3870 pasci·

306 3909 419 3961 tur
476 3901 664 3960 enim
722 3901 967 3960 ecuria
1023 3906 1091 3959 et
1146 3897 1460 3977 ossibus]
1494 3900 1795 3976 Proprior
1834 3899 2167 3977 apographa
2204 3900 2416 3980 omnia,
2449 3919 2588 3975 pro-

298 4010 437 4083 pior
482 4005 734 4081 Merula,
781 4006 939 4084 quod
993 4007 1054 4066 in
1108 4007 1377 4085 principe
1435 4004 1693 4066 editione
1742 4004 2069 4066 Politianus
2130 4024 2248 4065 non
2312 4007 2585 4066 correxit.

298 4117 578 4190 pascitur
624 4115 783 4173 enim
828 4130 1022 4174 carne
1068 4131 1141 4173 m.
1188 4132 1223 4174 e
1268 4116 1474 4174 culina
1531 4112 1690 4173 edita
1736 4112 1873 4172 inde
1921 4131 1952 4172 a
2013 4114 2279 4191 principe
2328 4112 2586 4173 editione

301 4219 670 4300 exemplaria,
717 4223 854 4281 iure
897 4218 1165 4299 Ursinus,
1212 4223 1479 4296 liqurria
1525 4218 1761 4298 Popma.
1854 4229 2015 4280 certa
2062 4217 2398 4280 emendatio
2449 4237 2577 4279 cor-

302 4338 506 4407 ruptae
554 4329 887 4406 scripturae
933 4329 1166 4387 inventa
1217 4345 1334 4387 non
1383 4333 1489 4387 est.
1566 4346 1701 4387 nam
1746 4328 1946 4406 inepte
1984 4325 2316 4387 Pontedera
2360 4345 2414 4405 p.
2443 4322 2576 4387 440

314 4453 347 4495 e
388 4438 570 4496 curia
610 4433 872 4494 defendit
918 4433 1266 4495 cenaculum
1314 4433 1626 4494 curialium
1656 4434 1773 4494 dici
1811 4434 2169 4494 existimans,
2218 4433 2592 4493 coniecturae

308 4541 560 4602 debetur
607 4557 827 4621 carne,
877 4540 1035 4620 quod
1081 4558 1152 4600 ex
1201 4539 1401 4600 codice
1449 4558 1507 4600 m
1554 4538 1693 4600 olim
1749 4541 1966 4621 recepi.
2057 4558 2165 4619 pro
2214 4539 2325 4598 hoc
2373 4541 2589 4603 eduliis
