3178 5185
855 424 1115 479 RERVM
1152 424 1632 480 RVSTICARVM
1668 426 1800 483 LIB.
1841 427 1920 480 ΙΙΙ
1961 426 1992 481 1
2425 419 2548 482 221

451 574 495 640 5
544 579 748 654 Aqere
790 583 974 640 vitam
1019 578 1154 639 libri
1210 598 1387 640 manu
1434 581 1641 660 scripti
1696 599 1903 641 omnes
1959 589 2018 641 et
2073 583 2359 659 impressa
2416 582 2551 643 inde

278 685 349 746 ab
394 684 600 746 Aldina
649 686 905 747 editione
953 686 1332 767 exemplaria,
1380 690 1560 747 vitam
1617 706 1804 763 ayere
1857 690 1917 749 in
1973 690 2240 768 principe
2298 689 2553 751 editione

279 791 601 854 Politianus
648 811 767 853 non
813 794 1092 854 correxit.
2371 772 2377 779 ’

454 897 496 961 6
562 900 637 959 In
685 902 969 980 graecia
1017 899 1241 960 aeolis
1288 899 1528 961 boeoti
1576 903 1731 960 sine
1788 901 2040 961 afflatu
2097 910 2356 962 uocant
2412 902 2552 962 col-

278 1005 365 1066 lis
410 1005 692 1084 thebas]
740 1007 974 1068 Aeoteis
1018 1008 1254 1068 Boeotii
1296 1007 1607 1068 Victorius.
1698 1009 1899 1069 Aeolis
1943 1017 2003 1070 et
2049 1007 2231 1068 Varro
2280 1010 2428 1069 dixit
2473 1008 2549 1069 Ill

283 1111 377 1193 12,
416 1111 456 1175 6
506 1114 580 1174 de
626 1113 763 1193 ling.
813 1114 907 1174 lat.
954 1105 1125 1176 V‘25
1170 1122 1231 1175 et
1282 1112 1406 1175 102
1453 1122 1513 1175 et
1559 1113 1683 1195 alii,
1740 1133 1991 1193 quorum
2051 1116 2312 1195 exempla
2370 1115 2552 1176 Lach-

279 1239 527 1282 mannus
574 1223 632 1280 in
684 1221 920 1282 Lucret.
966 1241 1021 1301 p.
1060 1218 1191 1284 280
1237 1221 1414 1282 dedit.
1489 1223 1658 1282 tebas
1704 1221 1926 1282 Merula
1973 1231 2034 1282 et
2081 1221 2324 1284 Victorii
2370 1224 2551 1284 editio

277 1330 553 1408 repetita:
601 1348 735 1389 nam
781 1330 907 1408 ipse
956 1331 1164 1390 thebas
1210 1348 1278 1390 ex
1327 1328 1534 1389 Aldina
1580 1329 1839 1390 editione
1890 1339 2211 1409 receperat.
2394 1331 2403 1343 “

451 1435 672 1497 Cuius
746 1438 1132 1516 uestigium
1207 1439 1277 1496 in
1351 1454 1516 1515 agro
1593 1436 1839 1497 sabino
1908 1438 2019 1497 nia
2087 1438 2347 1499 salaria
2416 1457 2550 1499 non

276 1542 486 1623 longe
549 1563 579 1604 a
638 1551 793 1605 rete
851 1543 1208 1605 miliarins
1265 1543 1501 1604 cliuus
1557 1543 1961 1624 appellatur
2027 1544 2297 1605 thebae.
2390 1544 2553 1606 Cum

267 1650 792 1728 agriculturam
857 1653 1084 1730 primo
1148 1660 1447 1730 propter
1508 1661 2011 1731 paupertatem
2082 1655 2376 1713 maxime
2451 1656 2552 1712 in-

267 1757 660 1818 discretam
719 1756 1076 1817 habebant
1140 1757 1325 1836 quod
1382 1776 1414 1816 a
1470 1757 1889 1847 pastoribus
1956 1760 2079 1838 qui
2141 1767 2348 1820 erant
2410 1761 2554 1820 orti

264 1865 332 1924 in
396 1864 644 1924 eodem
711 1882 876 1943 agro
943 1871 1012 1925 et
1077 1861 1415 1924 serebant
1479 1873 1549 1923 et
1613 1865 2005 1943 pascebant
2068 1883 2244 1944 quae
2309 1876 2553 1946 postea

266 1980 663 2031 creuerunt
717 1973 1023 2052 pecnnia
1081 1969 1518 2048 diuiserunt]
1567 1972 1722 2033 Bete
1767 1973 2128 2053 apographa,
2174 1981 2348 2035 reate
2392 1975 2552 2053 prin-

264 2097 405 2159 ceps
453 2078 636 2139 editio
693 2098 723 2138 a
772 2077 1057 2138 Politiano
1105 2096 1222 2138 non
1271 2086 1557 2140 correcta.
1651 2088 1780 2142 rete
1827 2083 1885 2140 in
1946 2080 2263 2160 archetypo
2323 2080 2554 2140 videtur

264 2188 559 2265 scriptum
608 2185 810 2265 fuisse,
856 2195 1062 2265 postea
1111 2166 1449 2246 correctum
1495 2193 1684 2247 reate.
1769 2190 2072 2248 miliarias
2117 2191 2307 2248 clivus
2353 2192 2550 2264 appel-

262 2298 446 2355 latur.
549 2293 744 2355 Tebae
816 2311 953 2353 cum
1026 2296 1475 2368 agriculturam
1539 2297 1741 2370 primo
1806 2302 2063 2371 propter
2127 2302 2554 2371 paupertatem

261 2405 530 2462 maxime
577 2403 973 2461 indiscretam
1019 2402 1318 2462 haberent
1362 2419 1488 2480 sqq.
1537 2400 1787 2481 Merula,
1834 2404 2157 2461 milliarius
2201 2405 2390 2462 clivus
2447 2419 2550 2479 ap-

255 2513 573 2586 pellantur
619 2508 871 2582 171ebae,
918 2508 1062 2568 Cum
1100 2511 1549 2583 ayriculturam
1591 2511 1789 2586 primo
1829 2515 2086 2585 propter
2125 2515 2551 2586 paupertatem

263 2620 531 2678 maxime
577 2617 972 2676 indiscretam
1016 2617 1329 2697 haberent,
1373 2619 1538 2692 quod
1581 2635 1621 2677 a
1659 2618 2012 2693 pastoribus
2058 2620 2166 2692 qui
2210 2625 2389 2678 erant
2433 2621 2557 2678 orti

265 2726 325 2784 in
375 2726 584 2784 eodem
631 2740 786 2798 ayro
832 2729 892 2783 et
944 2725 1228 2784 serebant
1283 2730 1343 2783 et
1387 2717 1751 2805 pascebant,
1807 2726 1916 2799 qui
1959 2731 2172 2800 postea
2227 2732 2555 2785 creverunt

260 2834 511 2908 peculia
550 2833 888 2891 diviserunt
922 2829 1242 2912 IucunduS,
1280 2829 1383 2890 nbi
1419 2834 1764 2908 appellatur
1801 2830 1964 2892 dedit
2000 2829 2316 2912 Victorius,
2360 2831 2554 2892 Tebae

272 2937 537 2998 editores
576 2954 648 2996 ex
686 2938 936 3016 repetita
975 2936 1221 2997 Victorii
1256 2937 1531 3000 editione.
1607 2937 1908 3017 archetypi
1947 2936 2260 2998 lectionem
2301 2939 2552 3017 restitui,

264 3044 369 3105 sed
419 3061 558 3106 cum
606 3044 1115 3123 coniunctionem,
1164 3061 1314 3121 qnae
1361 3046 1423 3104 in
1470 3045 1673 3105 codice
1720 3046 1781 3104 in
1827 3045 1997 3104 initio
2054 3062 2237 3103 novae
2285 3045 2548 3103 enuntia·

264 3152 476 3231 tioniS,
524 3152 679 3210 sicut
726 3147 1051 3209 Politianns
1106 3150 1411 3231 indicavit,
1457 3152 1649 3229 posita
1706 3158 1859 3231 erat,
1909 3152 2247 3230 transposui
2302 3159 2362 3210 et
2407 3168 2539 3229 per-

266 3257 572 3319 turbatum
632 3255 951 3316 verborum
1007 3256 1274 3317 ordinem
1336 3259 1598 3339 correxi,
1653 3262 1829 3319 cuius
1895 3261 2205 3333 vestiyium
2271 3260 2332 3317 in
2397 3274 2551 3332 ayro

266 3366 494 3426 Sabino
558 3367 659 3424 via
715 3364 967 3425 Salaria
1021 3381 1141 3425 non
1197 3368 1374 3439 lonae
1428 3382 1467 3424 a
1525 3365 1746 3440 Reate,
1802 3368 2103 3426 miliarias
2169 3367 2359 3425 clivus
2414 3377 2551 3424 cum

265 3475 610 3549 appellatur
682 3473 872 3532 tebae.
963 3474 1109 3547 ayri
1170 3475 1477 3533 culturam
1493 3461 1735 3549 ‘primo
1802 3479 2057 3550 propter
2123 3479 2552 3550 paupertatem

261 3583 525 3640 maxime
569 3580 961 3639 indiscretam
1006 3579 1329 3659 habebant,
1366 3581 1530 3654 quod
1571 3597 1612 3640 a
1652 3583 2006 3657 pastoribus
2051 3583 2160 3655 qui
2203 3587 2383 3640 erant
2427 3581 2555 3640 orti

264 3689 326 3746 in
372 3689 581 3748 eodem
628 3703 781 3761 ayro
828 3692 886 3745 et
929 3687 1216 3746 serebant
1260 3693 1319 3746 et
1354 3688 1723 3762 pascebant:
1767 3705 1926 3762 quae
1959 3695 2178 3765 postea
2225 3691 2552 3747 creverunt

254 3796 525 3869 pecunia
574 3794 924 3853 diviserunt.
1016 3795 1328 3872 vestigium
1384 3795 1615 3872 priscae
1672 3793 1933 3874 linguae,
1982 3813 2097 3873 qua
2153 3792 2337 3854 colles
2386 3812 2550 3853 voca-

263 3898 481 3961 bantur
526 3898 726 3981 tebae,
775 3907 866 3960 est
919 3901 980 3959 in
1028 3918 1168 3979 agro
1218 3899 1463 3982 Sabino,
1511 3920 1645 3962 cnm
1696 3901 1983 3962 miliarius
2031 3900 2243 3982 clivnS,
2301 3902 2403 3979 qui
2460 3910 2549 3960 est

261 4009 320 4067 in
370 4009 459 4067 via
500 4005 738 4086 Salaria,
773 4024 847 4066 eo
896 4007 1133 4066 nomine
1181 4007 1523 4087 appellatur.
1599 4026 1732 4068 nam
1782 4017 1950 4069 vetus
1989 4006 2341 4068 Sabinorum
2385 4025 2547 4067 voca-

263 4113 467 4175 bulum
515 4132 548 4173 a
595 4131 803 4193 graeca
852 4113 1078 4192 origine
1127 4116 1320 4193 repeti
1372 4123 1432 4176 et
1477 4114 1545 4175 ad
1596 4133 1812 4176 nomen
1859 4132 2104 4194 graecae
2152 4112 2318 4174 urbis
2366 4113 2547 4192 expli-

263 4221 516 4282 candum
564 4219 835 4280 adhiberi
881 4219 1067 4281 voluit
1105 4218 1305 4281 Varro.
1380 4221 1591 4282 deinde
1639 4223 1711 4282 de
1758 4223 2068 4302 principiis
2108 4222 2233 4298 agri
2280 4220 2546 4281 culturae

263 4329 468 4390 scribit
525 4327 697 4388 haec:
745 4329 1003 4407 primum
1058 4326 1329 4389 homines
1386 4331 1490 4409 qni
1543 4347 1574 4388 a
1636 4328 1974 4407 pastoribus
2030 4331 2145 4388 orti
2203 4338 2371 4389 erant
2427 4328 2546 4389 cul·

265 4448 452 4497 turam
482 4453 762 4515 agrorum
802 4453 919 4495 non
964 4435 1283 4496 discretam
1322 4434 1616 4496 habebant
1643 4455 1674 4496 a
1714 4434 2098 4517 pastionibus,
2128 4453 2262 4495 cum
2301 4445 2547 4515 propter

260 4544 668 4624 paupertatem
733 4545 794 4601 in
863 4543 1069 4603 eodem
1144 4561 1285 4621 agro
1351 4553 1411 4603 et
1475 4561 1686 4622 greges
1750 4553 2065 4623 pascerent
2129 4553 2188 4603 et
2252 4542 2545 4604 frumenta
