3178 5185
559 366 690 430 242
1543 362 1917 418 VARRONIS

506 538 816 613 4mutant,
863 540 924 592 et
970 531 1042 591 de
1090 532 1338 591 sanitate
1386 549 1452 591 ac
1498 548 1651 590 noxa
1691 529 1842 589 solet
1878 530 2093 589 caveri.
2184 525 2488 587 commode
2526 528 2893 602 pascuntur

561 641 718 700 farre
758 647 817 699 et
855 637 1189 699 furfuribus
1228 637 1589 698 hordeaceis,
1665 636 2060 697 admittuntur
2098 641 2234 693 ante
2274 631 2616 711 solstitium,
2655 636 2735 689 ut
2781 645 2890 686 eo-

560 747 694 807 dem
741 755 1007 826 tempore
1056 745 1300 808 alterius
1347 746 1487 805 anni
1531 746 1791 823 pariant:
1848 743 2200 803 duodecimo
2257 742 2416 800 enim
2461 755 2669 798 mense
2727 753 2887 797 con-

560 860 798 932 ceptum
856 871 1057 912 semen
1115 852 1391 912 reddunt.
1483 858 1835 930 praegnates
1890 867 2071 928 opere
2136 848 2357 908 levant:
2422 854 2634 907 venter
2703 844 2888 904 enim

468 1017 473 1022 ,
559 960 760 1020 labore
825 962 1122 1020 nationem
1190 959 1387 1019 reddit
1453 958 1829 1019 deteriorem.
1930 975 2153 1017 marem
2219 974 2337 1015 non
2393 955 2740 1031 deiungunt
2805 950 2888 1011 ab
2948 963 2974 1002 5

563 1085 760 1147 opere,
809 1066 965 1145 quod
1015 1068 1365 1126 remissione
1413 1065 1634 1126 laboris
1681 1067 1748 1125 fit
1794 1065 2074 1126 deterior.
2165 1065 2227 1123 in
2274 1070 2448 1142 partu
2489 1060 2698 1121 eadem
2745 1059 2890 1118 fere

562 1174 905 1254 observant,
973 1192 1121 1252 quae
1186 1175 1246 1232 in
1306 1174 1495 1251 equis,
1597 1171 1925 1233 secundum
1982 1179 2217 1249 partum
2274 1169 2469 1249 pullos
2526 1186 2685 1229 anno
2732 1183 2889 1229 ‚non

561 1288 870 1341 removent
924 1300 956 1340 a
1016 1288 1222 1340 matre.
1315 1282 1585 1359 proximo
1643 1298 1796 1340 anno
1853 1278 2129 1339 noctibus
2186 1279 2495 1356 patiuntur
2542 1293 2676 1336 esse
2732 1291 2887 1335 cum

560 1389 655 1448 his
720 1397 780 1449 et
844 1388 1056 1448 leniter
1120 1390 1395 1467 capistris
1469 1387 1653 1448 aliave
1722 1405 1836 1466 qua
1901 1405 1966 1447 re
2032 1385 2253 1446 habent
2318 1388 2567 1445 vinctoS.
2681 1384 2887 1443 tertio

565 1514 745 1556 anno,
782 1495 1021 1555 domare
1088 1496 1382 1572 incipiunt
1446 1493 1517 1554 ad
1584 1511 1685 1553 eas
1741 1512 1865 1573 res,
1929 1493 2001 1554 ad
2060 1510 2207 1572 quas
2262 1493 2518 1571 quisque
2574 1508 2680 1549 eos
2745 1488 2887 1549 vult
2917 1506 2971 1543 10

515 1602 793 1664 5habere
839 1603 901 1662 in
946 1620 1078 1662 usu.
1171 1601 1530 1681 relinquitur
1576 1600 1650 1660 de
1698 1618 1963 1681 numero,
2012 1618 2265 1680 quorum
2313 1617 2523 1677 greges
2561 1616 2683 1658 non
2726 1613 2910 1658 sane.

568 1711 745 1789 fiunt,
804 1710 920 1768 nisi
976 1727 1048 1768 ex
1108 1711 1194 1768 eis
1242 1710 1346 1788 qni
1401 1726 1581 1768 onera
1638 1717 1904 1788 portent,
1959 1707 2092 1767 ideo
2151 1707 2309 1786 quod
2365 1705 2634 1785 plerique
2697 1704 2888 1764 didu-

568 1826 787 1877 cuntur
843 1816 914 1876 ad
972 1816 1157 1876 molas
1213 1824 1314 1876 aut
1360 1816 1431 1875 ad
1480 1818 1608 1894 agri
1655 1815 1975 1894 culturam,
2032 1815 2136 1875 ubi
2182 1814 2322 1894 quid
2372 1813 2709 1873 vehendum
2766 1820 2888 1891 est,

569 1934 671 1985 aut
734 1926 912 1984 etiam
976 1923 1047 1983 ad
1115 1922 1428 2003 arandum,
1496 1922 1598 1983 ubi
1662 1922 1809 1982 levis
1874 1930 1966 1982 est
2032 1931 2218 1996 terra,
2288 1929 2353 1981 ut
2409 1922 2472 1980 in
2528 1919 2885 1999 Campania.

568 2050 780 2110 greges
835 2032 987 2091 fiunt
1041 2031 1165 2090 fere
1225 2025 1650 2111 mercatorum,
1714 2037 1778 2089 ut
1834 2047 2039 2089 eorum
2097 2030 2201 2107 qui
2257 2048 2288 2089 e
2345 2027 2710 2089 Brundisino
2773 2034 2888 2087 aut
2918 2039 2967 2078 1⁵

571 2138 778 2217 Apulia
846 2137 1043 2198 asellis
1110 2138 1436 2197 dossuariis
1497 2144 1853 2215 conportant
1908 2137 1978 2197 ad
2038 2155 2197 2197 mare
2252 2136 2448 2197 oleum
2505 2143 2607 2196 aut
2663 2137 2883 2195 vinum

569 2248 829 2325 itemque
877 2246 1244 2304 frumentum
1289 2252 1391 2305 aut
1436 2245 1579 2323 quid
1627 2244 1788 2305 aliut.
1877 2275 1880 2278 ·
2759 2306 2768 2312 ,

454 2351 556 2411 Vll
753 2351 1077 2424 Lucienus„
1135 2350 1258 2429 Ego
1317 2370 1554 2429 quoque
1612 2353 1931 2412 adveniens
1985 2354 2244 2431 aperiam
2302 2370 2599 2433 carcereS‚
2654 2352 2884 2431 inquit,

573 2466 631 2518 et
686 2476 873 2537 equos
930 2459 1200 2518 emittere
1248 2459 1554 2538 incipiam,
1613 2477 1722 2520 nec
1771 2459 1962 2519 solum
2012 2478 2230 2541 mareS,
2290 2478 2441 2539 quos
2487 2458 2882 2519 admissarios

571 2563 787 2646 habeo,
851 2572 918 2625 ut
973 2565 1232 2646 Atticm,
1289 2564 1556 2644 singulos
1611 2568 1674 2626 in
1733 2566 1979 2627 seminas
2035 2567 2234 2628 denas,
2337 2585 2369 2627 e
2427 2568 2560 2645 quis
2618 2566 2881 2627 feminas
2910 2574 2962 2613 2⁰

573 2673 639 2743 Q.
690 2671 923 2732 Modius
961 2671 1307 2752 Equiculus,
1347 2675 1434 2732 vir
1474 2674 1853 2756 fortissimus,
1901 2677 2077 2735 etiam
2114 2677 2175 2734 in
2215 2693 2280 2734 re
2319 2674 2561 2734 militari
2597 2676 2763 2734 iuxta
2810 2672 2880 2734 a'c

717 2869 748 2917 6
788 2863 935 2931 quod
973 2861 1299 2916 remissione
1335 2863 1546 2918 laboris
1585 2863 1736 2918 Plin.
1778 2870 1832 2930 8,
1869 2869 1981 2919 168

718 3045 750 3093 3
807 3038 1037 3094 alterius
1093 3039 1225 3093 anni
1275 3041 1457 3094 PAB
1515 3041 1747 3096 alternis
1804 3022 1986 3096 annis·
2007 3060 2040 3097 v
2070 3083 2082 3096 .
2116 3042 2383 3096 ‘Alterius
2440 3041 2574 3096 anni
2628 3041 2879 3111 pariant.

587 3129 811 3184 Vetusta
882 3130 1013 3182 haee
1077 3130 1256 3195 lectio,
1331 3135 1495 3185 antea
1557 3133 1830 3198 mendose,
1894 3132 2142 3187 Alternis
2205 3134 2387 3187 annis,
2491 3132 2674 3186 Paulo
2728 3137 2882 3201 post,

575 3219 673 3272 ubi
729 3220 793 3271 in
830 3219 1069 3285 excusis,
1130 3218 1288 3288 Quod
1323 3220 1636 3274 remissione
1682 3221 1886 3275 laboris
1929 3223 1993 3289 fit
2038 3222 2285 3276 deterior.
2371 3221 2451 3275 In
2496 3222 2744 3290 antiquis
2784 3221 2882 3274 Sic

578 3307 854 3360 deterior.
884 3308 1143 3362 Arbitror
1171 3309 1468 3377 leyendum,
1494 3310 1584 3363 hie
1612 3310 1865 3365 deterior’
1911 3310 2187 3365 Victorius
2330 3315 2365 3363 4
2385 3296 2728 3380 ‘praegnates
2759 3310 2882 3364 PB

578 3399 879 3464 pregnates
897 3397 952 3449 A
982 3401 1357 3466 praegnantes
1376 3414 1409 3451 v
1520 3403 1551 3450 5
1581 3398 1894 3469 deiungunt
1917 3401 2096 3453 PAB
2125 3399 2455 3471 disiungunt
2473 3417 2503 3454 v
2605 3405 2637 3453 6
2667 3400 2883 3455 laboris

577 3483 644 3536 fit
689 3484 935 3539 deterior
978 3502 1011 3538 v
1058 3483 1268 3538 laboris
1314 3485 1388 3539 sit
1435 3486 1679 3541 deterior
1716 3486 1771 3539 A
1818 3488 2027 3542 laboris
2065 3487 2146 3541 sic
2185 3487 2429 3542 deterior
2464 3489 2672 3543 ΡΒΑ2
2707 3489 2877 3544 labor

576 3573 640 3626 fit
683 3572 929 3626 deterior
964 3591 1018 3627 m
1138 3574 1197 3627 in
1233 3577 1401 3644 partu
1443 3576 1557 3629 Am
1594 3576 1653 3630 in
1691 3579 1858 3645 pastu
1906 3577 2017 3630 VB
2135 3583 2167 3631 9
2206 3578 2381 3632 tercio
2419 3580 2474 3632 A
2595 3585 2661 3632 10
2699 3579 2774 3633 ad
2807 3596 2882 3634 ea

581 3677 670 3715 res
708 3661 763 3714 A
810 3677 947 3715 corr.
996 3662 1070 3716 ad
1117 3680 1210 3717 eas
1257 3682 1344 3718 res
1383 3664 1464 3718 A2
1646 3672 1712 3720 12
1761 3666 1904 3720 fiunt
1950 3668 2064 3736 (sed
2110 3665 2168 3720 iu
2204 3668 2268 3721 in
2302 3684 2506 3722 rasura
2542 3668 2642 3737 Αἵ)
2679 3668 2885 3723 niestei

583 3750 679 3818 qui
720 3749 900 3804 PAR
944 3752 1086 3805 fiunt
1129 3753 1241 3807 nisi
1286 3753 1339 3808 ei
1387 3754 1483 3824 qui
1528 3771 1561 3808 v
1706 3756 1936 3824 portant
1970 3772 2023 3808 m
2167 3755 2505 3812 diducuntur
2541 3759 2662 3811 AB
2710 3758 2883 3812 dedu-

579 3842 785 3903 cuntur
822 3839 933 3893 Pm
970 3841 1318 3897 deducantur
1352 3861 1385 3897 v
1496 3850 1562 3896 14
1605 3843 1746 3897 leuis
1790 3842 1907 3897 ΡΑ
1942 3843 2123 3898 leuius
2161 3845 2216 3897 B
2252 3845 2432 3900 leuior
2465 3863 2498 3900 v
2612 3853 2677 3900 15
2713 3826 2883 3916 bry'n-

579 3928 761 3982 disino
802 3928 983 3982 PAB
1029 3927 1334 3984 brundusio
1373 3949 1405 3985 v
1553 3937 1620 3985 16
1669 3931 1969 3986 dossuariis
2015 3932 2127 3986 VB
2171 3920 2449 3988 dossuaris
2487 3936 2542 3988 A
2686 3942 2881 4006 copor-

575 4018 704 4071 tant
741 4019 901 4072 Amv
940 4020 1305 4088 cumportant·
1338 4021 1458 4073 PB
1608 4028 1669 4075 17
1709 4022 1851 4076 aliut
1887 4022 2009 4075 ΑΡ
2039 4022 2194 4077 aliud
2231 4023 2328 4079 Bv

730 4114 795 4162 18
835 4108 1112 4163 Lucienus
1148 4126 1181 4163 v
1222 4109 1462 4163 lucinius
1500 4110 1613 4163 PA
1627 4110 1695 4164 B.
1761 4109 1844 4163 De
1884 4112 2041 4180 equis
2068 4113 2132 4165 in
2157 4114 2405 4182 marqine
2430 4115 2656 4170 rubrica
2684 4116 2740 4169 A

583 4197 769 4265 inquit
802 4197 899 4250 Bv
944 4197 1141 4266 inquid
1184 4196 1302 4250 PA
1516 4205 1586 4252 20
1632 4198 1907 4253 foeminas
1955 4207 2183 4270 utroque
2232 4203 2344 4257 loco
2392 4203 2445 4257 V
2656 4209 2720 4257 21
2776 4223 2884 4274 que

583 4285 802 4338 modius
849 4286 971 4339 AB
1018 4303 1162 4354 quae
1209 4287 1428 4340 Modius
1478 4287 1533 4339 P
1577 4303 1720 4355 quae
1768 4288 1985 4344 Medius
2031 4308 2080 4345 v.
2158 4290 2245 4357 Ὦ.
2295 4291 2515 4346 Modius
2560 4291 2882 4362 Equiculus.

586 4376 686 4430 Ita
741 4377 1028 4430 ernendaui
1083 4377 1298 4429 anxilio
1353 4381 1688 4431 uetusta-um
1746 4378 2013 4447 codicum,
2071 4382 2134 4433 in
2188 4382 2411 4449 quibu3‚
2471 4382 2589 4447 Que
2645 4385 2885 4453 modius,

586 4466 798 4535 leyitur.
888 4464 1030 4519 Fere
1085 4471 1264 4518 autem
1318 4472 1521 4520 ueteres
1576 4467 1802 4521 librarii
1856 4485 1976 4522 cum
2036 4468 2097 4537 Q.
2152 4487 2483 4538 praenomen
2537 4474 2888 4530 scribendum
