3178 5185
916 432 1175 487 RERVM
1213 431 1695 486 RVSTICARVM
1732 432 1866 486 LIB.
1905 434 1983 485 ΙΙΙ
2026 431 2103 488 16
2508 423 2640 488 295

347 605 495 666 aqua
547 587 757 666 apibus
802 586 1061 666 paranda
1108 586 1313 647 eadem
1360 588 1810 665 praecipiuntur
1861 588 1921 646 in
1969 587 2312 665 geoponicis
2361 585 2460 645 XV
2498 584 2557 670 2,
2597 585 2638 647 2

346 702 404 754 et
454 694 608 774 apud
660 694 1039 755 Columellam
1086 693 1166 753 IX
1203 688 1262 774 5,
1301 690 1362 753 5.

522 801 624 861 Ita
674 808 746 861 ut
794 819 875 860 ne
924 799 1311 861 altitudine
1360 799 1703 859 escendat
1771 799 1905 859 duo
1962 807 2081 860 aut
2136 808 2286 860 tres
2341 799 2637 878 digitos]

344 910 444 968 Ita
490 916 559 968 ut
603 928 679 970 ne
723 909 918 968 omnia
965 906 1324 988 apographa,
1378 906 1696 966 lectionem
1756 907 2044 985 principis
2103 904 2380 966 editionis
2427 909 2514 966 ita
2560 926 2637 969 ne

343 1014 729 1093 neglegenter
767 1014 1029 1073 correxit
1066 1012 1412 1093 politianus,
1451 1030 1587 1072 cum
1627 1019 1694 1072 ut
1729 1030 1838 1090 pro
1877 1016 1964 1073 ita
2002 1015 2063 1073 in
2103 1013 2306 1072 codice
2344 1014 2633 1092 scriptum

343 1140 474 1181 esse
523 1120 847 1181 adnotaret.
921 1122 1218 1183 ascendat
1254 1122 1340 1180 ad
1383 1122 1534 1180 duos
1572 1125 1683 1179 aut
1720 1126 1844 1179 tres
1896 1122 2117 1194 diqitos
2155 1138 2229 1181 m.
2305 1122 2638 1182 descendat

343 1231 493 1289 duos
530 1226 849 1309 IucunduS,
899 1229 1195 1288 ascendat
1240 1229 1360 1287 duo
1398 1225 1715 1286 Victorius.
1793 1228 2090 1287 ascendat
2133 1230 2299 1286 ultra
2339 1212 2488 1288 duos
2526 1234 2636 1288 aut

340 1343 466 1396 tres
530 1337 750 1410 diqitos
814 1334 1068 1393 coniecit
1133 1333 1550 1393 Schneiderus.
1643 1335 1972 1394 escendere
2036 1333 2252 1411 legitur
2306 1331 2428 1409 18,
2469 1331 2504 1394 7
2569 1338 2632 1395 in

341 1444 596 1504 arbores
644 1443 913 1502 escendit
958 1444 1095 1501 vitis
1143 1449 1202 1500 et
1247 1439 1271 1498 I
1311 1436 1415 1521 54,
1453 1437 1494 1500 2
1544 1443 1607 1500 in
1654 1443 2018 1501 carnarium
2064 1442 2375 1520 escendat,
2423 1449 2632 1502 contra

340 1549 362 1609 l
403 1546 463 1629 9,
501 1547 542 1610 3
591 1556 714 1608 tres
756 1550 996 1622 qradus
1042 1549 1381 1609 ascendunt
1426 1548 1679 1608 eosdem.
1749 1564 1885 1606 cum
1924 1547 2256 1608 accusativo
2305 1564 2445 1607 casu
2494 1566 2631 1607 con-

341 1657 640 1735 iunctum,
689 1662 754 1714 ut
814 1655 891 1714 sit
951 1672 1130 1733 supra
1192 1662 1425 1714 certum
1486 1654 1725 1714 modum
1782 1653 2130 1735 ascendere,
2177 1657 2504 1715 escendere
2559 1654 2630 1715 ab

339 1762 467 1822 aliis
514 1761 737 1822 dictum
784 1778 902 1819 non
949 1761 1162 1819 inveni.
1239 1758 1451 1819 deinde
1501 1762 1562 1819 in
1611 1777 1727 1834 quo
1777 1761 2105 1834 diliyenter
2150 1763 2434 1821 habenda
2472 1780 2630 1822 cura

338 1869 577 1948 scripsi3
627 1870 688 1927 in
735 1885 857 1942 qua
906 1875 1031 1927 erat
1076 1867 1138 1926 in
1183 1864 1354 1926 libris
1402 1883 1579 1925 manu
1630 1867 1870 1943 scriptis
1917 1873 1979 1925 et
2029 1864 2221 1927 editis,

516 1972 600 2036 28
663 1973 1247 2053 Praeparandum
1293 1973 1403 2032 his
1451 1970 1657 2033 cibus
1703 1990 1787 2032 ne
1836 1981 1981 2032 tum
2027 1972 2234 2033 melle
2283 1982 2630 2052 cogantur

280 2117 282 2119 ·
338 2082 490 2143 solo
538 2083 791 2142 uiuere
840 2088 961 2141 aut
1007 2080 1427 2158 relinquere
1486 2080 1896 2139 exinanitas
1954 2078 2181 2157 aluos]
2232 2081 2626 2157 Praeparan-

336 2192 449 2250 dus
494 2192 588 2249 his
634 2189 806 2249 cibus
855 2205 924 2246 ex
973 2188 1243 2267 principe
1283 2187 1541 2247 editione
1580 2194 1889 2264 receptum
1929 2193 2073 2247 erat.
2144 2189 2494 2266 pronomine
2532 2191 2626 2248 his

335 2295 529 2356 deleto
578 2297 1058 2371 praeparandus
1113 2296 1284 2357 cibus
1350 2294 1582 2371 scripsi.
1675 2311 1752 2353 ac
1797 2295 2143 2367 relinquere
2188 2292 2440 2354 UrSInus
2488 2312 2625 2354 con·

334 2404 490 2463 iecit.
580 2403 760 2462 immo
807 2380 920 2462 hoc
968 2402 1333 2481 praecipitur
1380 2398 1578 2461 cibum
1627 2399 2097 2478 praeparandum
2149 2418 2306 2481 esse,
2353 2419 2429 2460 ne
2485 2420 2625 2480 apes

335 2517 436 2571 aut
476 2508 588 2569 mel
626 2507 938 2569 comedant
976 2515 1077 2568 aut
1117 2509 1294 2568 etiam
1332 2508 1493 2567 omni
1531 2506 1703 2566 melle
1744 2513 2097 2585 consumpto
2135 2525 2206 2566 ex
2245 2506 2388 2567 alvis
2436 2507 2623 2568 disce-

336 2616 494 2698 dant,
541 2625 607 2677 ut
654 2618 946 2695 scriptum
994 2623 1085 2675 est
1131 2614 1284 2674 infra
1332 2613 1371 2690 ἓ
1412 2610 1515 2675 33.
2153 2669 2156 2673 ,

509 2722 584 2782 In
658 2741 835 2801 quae
902 2721 1173 2786 addunt
1236 2720 1462 2781 lanam
1528 2719 1945 2801 purpuram]
2016 2721 2403 2797 Purpuream
2467 2722 2624 2784 edita

332 2831 468 2890 inde
516 2848 548 2889 a
594 2831 862 2908 principe
911 2828 1168 2889 editione
1216 2827 1588 2909 exemplaria,
1631 2845 1966 2905 perpurum
2014 2826 2344 2888 Pontedera
2393 2848 2450 2907 p.
2488 2825 2619 2891 459

332 2938 604 3019 coniecit,
649 2935 806 3015 quod
855 2934 1256 2996 Schneiderus
1302 2936 1545 3013 recepit.
1638 2953 1746 3013 pro
1794 2933 1907 2994 hoc
1946 2951 2170 3009 puram
2231 2936 2460 3014 scripsi.
2547 2937 2619 2997 de

331 3042 508 3104 simili
574 3049 857 3122 apparatu
923 3040 1131 3102 scribit
1196 3039 1516 3100 Columella
1576 3038 1658 3099 IX
1702 3038 1800 3122 14,
1844 3036 1925 3100 15
1990 3043 2201 3100 melius
2256 3048 2456 3102 tamen
2512 3061 2621 3104 nos

331 3154 746 3212 existimamus
793 3156 1058 3225 tempore
1102 3150 1357 3209 hiberno
1398 3147 1565 3223 fame
1611 3149 2031 3208 laborantibus
2078 3150 2164 3206 ad
2209 3150 2367 3222 ipsos
2414 3151 2620 3209 aditus

333 3262 394 3319 in
428 3260 792 3319 canaliculis
829 3259 925 3316 vel
948 3262 1261 3316 contusam
1292 3261 1351 3315 et
1378 3273 1540 3330 aqua
1578 3253 1988 3331 madefactam
2020 3257 2207 3326 ficum
2247 3258 2490 3316 aridam
2529 3261 2625 3317 vel

330 3363 641 3439 defrutum
723 3369 831 3423 aut
904 3380 1152 3438 passum
1218 3364 1538 3438 praebere.
1632 3363 1849 3436 quibus
1923 3363 2260 3435 liquoribus
2331 3366 2616 3424 mundam

327 3474 534 3531 lanam
582 3471 849 3531 imbuere
894 3472 1206 3546 oportebit,
1254 3477 1321 3529 ut
1366 3472 1705 3529 insistentes
1743 3485 1886 3543 apes
1932 3470 2112 3542 quasi
2145 3486 2264 3545 per
2309 3472 2616 3545 siphonem

328 3595 540 3638 sucum
586 3584 849 3638 evocent.
892 3652 912 3662 ,
1481 3650 1486 3655 ⁷

504 3682 646 3743 Alii
693 3701 897 3743 uuam
943 3700 1221 3761 passam
1277 3688 1346 3742 et
1392 3682 1613 3741 ficum
1671 3679 2219 3760 compisierunt]
2268 3682 2394 3742 Alii
2428 3685 2616 3754 ficum

328 3797 389 3851 et
459 3808 637 3851 uvam
703 3807 951 3865 passam
1017 3807 1153 3851 cum
1220 3791 1527 3865 pisierunt
1592 3787 1842 3867 Merula,
1908 3787 2009 3848 ubi
2067 3790 2394 3862 pinserunt
2456 3787 2619 3849 dedit

328 3896 647 3958 IucunduS.

300 4067 306 4071 ,
507 4002 703 4063 Offas
776 4010 1142 4082 apponunt
1214 4002 1317 4062 ibi
1391 4020 1527 4080 quo
1605 4019 1763 4061 oras
1837 4000 2065 4060 hieme
2139 4001 2210 4060 in
2275 3999 2615 4078 pabulum

327 4110 722 4191 procedere
790 4118 1023 4170 tamen
1077 4102 1381 4191 possint]
1443 4109 1614 4181 Offas
1660 4114 1998 4184 apponunt:
2055 4109 2122 4167 id
2164 4109 2616 4184 tempestatibus

326 4225 386 4278 et
446 4220 682 4293 hyeme,
730 4236 868 4277 cum
933 4220 994 4276 in
1052 4217 1344 4291 pabulum
1400 4219 1744 4292 procedere
1808 4232 1927 4275 non
1982 4219 2235 4289 possunt
2293 4212 2614 4296 IucunduS,

326 4326 483 4398 offas
547 4330 858 4401 apponunt
922 4325 1032 4402 ibi,
1087 4340 1271 4398 quum
1328 4321 1505 4397 foras
1569 4325 1762 4383 hieme
1821 4324 1881 4381 in
1930 4322 2225 4396 pabulum
2272 4323 2614 4395 procedere

325 4438 526 4502 tamen
565 4433 800 4506 possint
844 4429 1142 4490 Victorius
1188 4428 1298 4488 hac
1346 4428 1538 4489 addita
1586 4428 2097 4506 interpretatione,
2145 4420 2274 4484 ealii
2320 4433 2477 4508 sunt,
2524 4428 2611 4486 in·

328 4539 472 4617 quit,
502 4537 604 4616 qui
635 4538 822 4615 magis
851 4534 1059 4614 apibus
1087 4536 1461 4614 prospiciunt
1490 4544 1547 4595 et
1577 4533 1902 4594 commodis
1932 4550 2138 4593 eorum
2177 4530 2616 4616 obsequuntur,
