<?xml version="1.0" encoding="UTF-8"?>
<!DOCTYPE html PUBLIC "-//W3C//DTD XHTML 1.0 Transitional//EN"
    "http://www.w3.org/TR/xhtml1/DTD/xhtml1-transitional.dtd">
<html xmlns="http://www.w3.org/1999/xhtml" xml:lang="en" lang="en">
 <head>
  <title>
</title>
<meta http-equiv="Content-Type" content="text/html;charset=utf-8" />
  <meta name='ocr-system' content='tesseract 3.04.00' />
  <meta name='ocr-capabilities' content='ocr_page ocr_carea ocr_par ocr_line ocrx_word'/>
</head>
<body>
  <div class='ocr_page' id='page_1' title='image "./mporcicatonisde01catogoog_0272.png"; bbox 0 0 3178 5185; ppageno 0'>
   <div class='ocr_carea' id='block_1_1' title="bbox 628 388 2233 454">
    <p class='ocr_par' dir='ltr' id='par_1_1' title="bbox 628 388 2233 454">
     <span class='ocr_line' id='line_1_1' title="bbox 628 388 2233 454; baseline 0.001 -2"><span class='ocrx_word' id='word_1_1' title='bbox 628 388 715 453; x_wconf 88' lang='lat'>30</span> <span class='ocrx_word' id='word_1_2' title='bbox 1312 397 1695 453; x_wconf 82' lang='lat' dir='ltr'>COMMENT.</span> <span class='ocrx_word' id='word_1_3' title='bbox 1741 398 1820 451; x_wconf 90' lang='lat' dir='ltr'>IN</span> <span class='ocrx_word' id='word_1_4' title='bbox 1858 398 2233 454; x_wconf 85' lang='lat' dir='ltr'><strong>VARRONIS</strong></span> 
     </span>
    </p>
   </div>
   <div class='ocr_carea' id='block_1_2' title="bbox 546 551 2940 4584">
    <p class='ocr_par' dir='ltr' id='par_1_2' title="bbox 623 551 2940 951">
     <span class='ocr_line' id='line_1_2' title="bbox 628 551 2940 636; baseline 0.001 -23"><span class='ocrx_word' id='word_1_5' title='bbox 628 572 814 613; x_wconf 83' lang='lat' dir='ltr'>nuces</span> <span class='ocrx_word' id='word_1_6' title='bbox 874 563 1077 630; x_wconf 89' lang='lat' dir='ltr'>postea</span> <span class='ocrx_word' id='word_1_7' title='bbox 1135 560 1196 612; x_wconf 89' lang='lat' dir='ltr'>et</span> <span class='ocrx_word' id='word_1_8' title='bbox 1242 562 1585 614; x_wconf 76' lang='lat' dir='ltr'>constanter</span> <span class='ocrx_word' id='word_1_9' title='bbox 1641 572 1844 614; x_wconf 85' lang='lat' dir='ltr'>susum</span> <span class='ocrx_word' id='word_1_10' title='bbox 1902 563 1962 613; x_wconf 90' lang='lat' dir='ltr'>et</span> <span class='ocrx_word' id='word_1_11' title='bbox 2009 554 2104 613; x_wconf 92' lang='lat' dir='ltr'>hic</span> <span class='ocrx_word' id='word_1_12' title='bbox 2152 562 2212 614; x_wconf 88' lang='lat' dir='ltr'>et</span> <span class='ocrx_word' id='word_1_13' title='bbox 2259 554 2283 613; x_wconf 91' lang='grc' dir='ltr'>Ι</span> <span class='ocrx_word' id='word_1_14' title='bbox 2322 551 2434 636; x_wconf 81' lang='lat'>31,</span> <span class='ocrx_word' id='word_1_15' title='bbox 2473 552 2532 616; x_wconf 84' lang='lat'>5.</span> <span class='ocrx_word' id='word_1_16' title='bbox 2603 574 2824 615; x_wconf 86' lang='lat' dir='ltr'>susum</span> <span class='ocrx_word' id='word_1_17' title='bbox 2876 565 2940 616; x_wconf 88' lang='lat' dir='ltr'>et</span> 
     </span>
     <span class='ocr_line' id='line_1_3' title="bbox 628 657 2936 721; baseline 0.001 -2"><span class='ocrx_word' id='word_1_18' title='bbox 628 662 907 720; x_wconf 85' lang='lat' dir='ltr'>deorsum</span> <span class='ocrx_word' id='word_1_19' title='bbox 965 677 1082 719; x_wconf 90' lang='lat' dir='ltr'>non</span> <span class='ocrx_word' id='word_1_20' title='bbox 1139 657 1336 718; x_wconf 91' lang='lat' dir='ltr'>addito</span> <span class='ocrx_word' id='word_1_21' title='bbox 1393 658 1741 719; x_wconf 81' lang='lat' dir='ltr'>directionis</span> <span class='ocrx_word' id='word_1_22' title='bbox 1800 661 1914 719; x_wconf 86' lang='lat' dir='ltr'>fine</span> <span class='ocrx_word' id='word_1_23' title='bbox 1971 660 2043 719; x_wconf 90' lang='lat' dir='ltr'>de</span> <span class='ocrx_word' id='word_1_24' title='bbox 2092 659 2238 720; x_wconf 92' lang='lat' dir='ltr'>locis</span> <span class='ocrx_word' id='word_1_25' title='bbox 2294 661 2364 720; x_wconf 91' lang='lat' dir='ltr'>ad</span> <span class='ocrx_word' id='word_1_26' title='bbox 2414 679 2639 720; x_wconf 91' lang='lat' dir='ltr'>summa</span> <span class='ocrx_word' id='word_1_27' title='bbox 2684 661 2794 720; x_wconf 92' lang='lat' dir='ltr'>vel</span> <span class='ocrx_word' id='word_1_28' title='bbox 2845 664 2936 721; x_wconf 91' lang='lat' dir='ltr'>in-</span> 
     </span>
     <span class='ocr_line' id='line_1_4' title="bbox 626 764 2936 844; baseline 0.002 -20"><span class='ocrx_word' id='word_1_29' title='bbox 626 766 762 825; x_wconf 88' lang='lat' dir='ltr'>fima</span> <span class='ocrx_word' id='word_1_30' title='bbox 824 764 1206 844; x_wconf 79' lang='lat' dir='ltr'>vergentibus</span> <span class='ocrx_word' id='word_1_31' title='bbox 1262 765 1485 826; x_wconf 90' lang='lat' dir='ltr'>dictum</span> <span class='ocrx_word' id='word_1_32' title='bbox 1547 783 1680 825; x_wconf 91' lang='lat' dir='ltr'>esse</span> <span class='ocrx_word' id='word_1_33' title='bbox 1736 766 2037 825; x_wconf 82' lang='lat' dir='ltr'>adnotavit</span> <span class='ocrx_word' id='word_1_34' title='bbox 2090 765 2503 827; x_wconf 90' lang='lat' dir='ltr'>Lachmannus</span> <span class='ocrx_word' id='word_1_35' title='bbox 2557 769 2618 826; x_wconf 91' lang='lat' dir='ltr'>in</span> <span class='ocrx_word' id='word_1_36' title='bbox 2671 767 2936 829; x_wconf 85' lang='lat' dir='ltr'>Lucret.</span> 
     </span>
     <span class='ocr_line' id='line_1_5' title="bbox 623 870 867 951; baseline -0.008 -17"><span class='ocrx_word' id='word_1_37' title='bbox 623 891 681 951; x_wconf 89' lang='lat' dir='ltr'>p.</span> <span class='ocrx_word' id='word_1_38' title='bbox 718 870 867 933; x_wconf 84' lang='lat'>377.</span> 
     </span>
    </p>

    <p class='ocr_par' dir='ltr' id='par_1_3' title="bbox 611 978 2936 1375">
     <span class='ocr_line' id='line_1_6' title="bbox 803 978 2929 1059; baseline 0.001 -21"><span class='ocrx_word' id='word_1_39' title='bbox 803 978 845 1039; x_wconf 88' lang='lat'>4</span> <span class='ocrx_word' id='word_1_40' title='bbox 886 978 1139 1039; x_wconf 90' lang='lat' dir='ltr'>Susum</span> <span class='ocrx_word' id='word_1_41' title='bbox 1180 978 1574 1056; x_wconf 84' lang='lat' dir='ltr'>fertiliora]</span> <span class='ocrx_word' id='word_1_42' title='bbox 1608 979 1862 1040; x_wconf 90' lang='lat' dir='ltr'>Uberius</span> <span class='ocrx_word' id='word_1_43' title='bbox 1891 981 2037 1040; x_wconf 91' lang='lat' dir='ltr'>haec</span> <span class='ocrx_word' id='word_1_44' title='bbox 2068 982 2343 1059; x_wconf 83' lang='lat' dir='ltr'>exposuit</span> <span class='ocrx_word' id='word_1_45' title='bbox 2362 979 2588 1040; x_wconf 87' lang='lat' dir='ltr'>Plinius</span> <span class='ocrx_word' id='word_1_46' title='bbox 2618 980 2754 1040; x_wconf 87' lang='lat' dir='ltr'>XVI</span> <span class='ocrx_word' id='word_1_47' title='bbox 2793 979 2929 1042; x_wconf 88' lang='grc'>116</span> 
     </span>
     <span class='ocr_line' id='line_1_7' title="bbox 627 1089 2936 1164; baseline 0 -17"><span class='ocrx_word' id='word_1_48' title='bbox 627 1095 715 1147; x_wconf 84' lang='lat' dir='ltr'>est</span> <span class='ocrx_word' id='word_1_49' title='bbox 762 1104 905 1148; x_wconf 85' lang='lat' dir='ltr'>vero</span> <span class='ocrx_word' id='word_1_50' title='bbox 954 1091 1015 1147; x_wconf 85' lang='lat' dir='ltr'>in</span> <span class='ocrx_word' id='word_1_51' title='bbox 1073 1090 1216 1162; x_wconf 80' lang='lat' dir='ltr'>ipsis</span> <span class='ocrx_word' id='word_1_52' title='bbox 1264 1089 1593 1148; x_wconf 83' lang='lat' dir='ltr'>arboribus</span> <span class='ocrx_word' id='word_1_53' title='bbox 1649 1092 1829 1148; x_wconf 86' lang='lat' dir='ltr'>etiam</span> <span class='ocrx_word' id='word_1_54' title='bbox 1876 1091 2104 1147; x_wconf 80' lang='lat' dir='ltr'>onustis</span> <span class='ocrx_word' id='word_1_55' title='bbox 2143 1091 2483 1164; x_wconf 85' lang='lat' dir='ltr'>peculiaris</span> <span class='ocrx_word' id='word_1_56' title='bbox 2531 1089 2936 1162; x_wconf 76' lang='lat' dir='ltr'>differentia:</span> 
     </span>
     <span class='ocr_line' id='line_1_8' title="bbox 624 1193 2936 1270; baseline -0.001 -15"><span class='ocrx_word' id='word_1_57' title='bbox 624 1213 857 1255; x_wconf 83' lang='lat' dir='ltr'>summa</span> <span class='ocrx_word' id='word_1_58' title='bbox 886 1198 986 1253; x_wconf 85' lang='lat' dir='ltr'>sui</span> <span class='ocrx_word' id='word_1_59' title='bbox 1004 1202 1190 1270; x_wconf 84' lang='lat' dir='ltr'>parte</span> <span class='ocrx_word' id='word_1_60' title='bbox 1219 1193 1491 1269; x_wconf 79' lang='lat' dir='ltr'>fertilior</span> <span class='ocrx_word' id='word_1_61' title='bbox 1519 1202 1610 1255; x_wconf 84' lang='lat' dir='ltr'>est</span> <span class='ocrx_word' id='word_1_62' title='bbox 1647 1196 1903 1255; x_wconf 85' lang='lat' dir='ltr'>arbutus</span> <span class='ocrx_word' id='word_1_63' title='bbox 1940 1213 2221 1270; x_wconf 72' lang='lat' dir='ltr'>quercuS,</span> <span class='ocrx_word' id='word_1_64' title='bbox 2261 1193 2558 1269; x_wconf 79' lang='lat' dir='ltr'>inferiore</span> <span class='ocrx_word' id='word_1_65' title='bbox 2595 1197 2936 1269; x_wconf 72' lang='lat' dir='ltr'>iuqlandes</span> 
     </span>
     <span class='ocr_line' id='line_1_9' title="bbox 611 1304 1095 1375; baseline -0.006 -12"><span class='ocrx_word' id='word_1_66' title='bbox 611 1305 726 1375; x_wconf 81' lang='lat' dir='ltr'>fici</span> <span class='ocrx_word' id='word_1_67' title='bbox 773 1304 1095 1361; x_wconf 81' lang='lat' dir='ltr'>mariscae.</span> 
     </span>
    </p>

    <p class='ocr_par' dir='ltr' id='par_1_4' title="bbox 613 1404 2935 2338">
     <span class='ocr_line' id='line_1_10' title="bbox 792 1404 2935 1488; baseline 0 -20"><span class='ocrx_word' id='word_1_68' title='bbox 792 1404 834 1468; x_wconf 84' lang='lat'>5</span> <span class='ocrx_word' id='word_1_69' title='bbox 899 1407 1331 1485; x_wconf 90' lang='lat' dir='ltr'>Plerumque</span> <span class='ocrx_word' id='word_1_70' title='bbox 1397 1407 1829 1469; x_wconf 89' lang='lat' dir='ltr'>hibernales</span> <span class='ocrx_word' id='word_1_71' title='bbox 1894 1426 2052 1468; x_wconf 91' lang='lat' dir='ltr'>esse</span> <span class='ocrx_word' id='word_1_72' title='bbox 2116 1407 2416 1467; x_wconf 90' lang='lat' dir='ltr'>meliora</span> <span class='ocrx_word' id='word_1_73' title='bbox 2482 1409 2604 1488; x_wconf 91' lang='lat' dir='ltr'>qui</span> <span class='ocrx_word' id='word_1_74' title='bbox 2664 1406 2935 1468; x_wconf 88' lang='lat' dir='ltr'>colunt</span> 
     </span>
     <span class='ocr_line' id='line_1_11' title="bbox 619 1509 2931 1593; baseline -0 -19"><span class='ocrx_word' id='word_1_75' title='bbox 619 1512 1091 1592; x_wconf 86' lang='lat' dir='ltr'>campestria]</span> <span class='ocrx_word' id='word_1_76' title='bbox 1151 1516 1515 1590; x_wconf 82' lang='lat' dir='ltr'>Plerumque</span> <span class='ocrx_word' id='word_1_77' title='bbox 1565 1519 2016 1592; x_wconf 81' lang='lat' dir='ltr'>plurimumque</span> <span class='ocrx_word' id='word_1_78' title='bbox 2043 1509 2418 1575; x_wconf 65' lang='lat' dir='ltr'>*hibernales</span> <span class='ocrx_word' id='word_1_79' title='bbox 2475 1516 2593 1574; x_wconf 81' lang='lat' dir='ltr'>hiis</span> <span class='ocrx_word' id='word_1_80' title='bbox 2649 1534 2788 1574; x_wconf 84' lang='lat' dir='ltr'>esse</span> <span class='ocrx_word' id='word_1_81' title='bbox 2855 1532 2931 1593; x_wconf 87' lang='lat' dir='ltr'>m,</span> 
     </span>
     <span class='ocr_line' id='line_1_12' title="bbox 613 1620 2930 1701; baseline -0 -21"><span class='ocrx_word' id='word_1_82' title='bbox 613 1625 970 1697; x_wconf 84' lang='lat' dir='ltr'>plerumque</span> <span class='ocrx_word' id='word_1_83' title='bbox 1014 1622 1274 1680; x_wconf 79' lang='lat' dir='ltr'>hiberna</span> <span class='ocrx_word' id='word_1_84' title='bbox 1323 1623 1398 1680; x_wconf 85' lang='lat' dir='ltr'>iis</span> <span class='ocrx_word' id='word_1_85' title='bbox 1444 1640 1574 1682; x_wconf 83' lang='lat' dir='ltr'>esse</span> <span class='ocrx_word' id='word_1_86' title='bbox 1613 1630 1918 1682; x_wconf 89' lang='lat' dir='ltr'>corrector</span> <span class='ocrx_word' id='word_1_87' title='bbox 1964 1621 2188 1681; x_wconf 92' lang='lat' dir='ltr'>codicis</span> <span class='ocrx_word' id='word_1_88' title='bbox 2237 1620 2595 1701; x_wconf 85' lang='lat' dir='ltr'>Florentini‚</span> <span class='ocrx_word' id='word_1_89' title='bbox 2646 1621 2814 1700; x_wconf 92' lang='lat' dir='ltr'>quod</span> <span class='ocrx_word' id='word_1_90' title='bbox 2868 1623 2930 1679; x_wconf 91' lang='lat' dir='ltr'>in</span> 
     </span>
     <span class='ocr_line' id='line_1_13' title="bbox 619 1726 2930 1808; baseline 0 -21"><span class='ocrx_word' id='word_1_91' title='bbox 619 1727 889 1787; x_wconf 85' lang='lat' dir='ltr'>Aldinam</span> <span class='ocrx_word' id='word_1_92' title='bbox 939 1726 1257 1787; x_wconf 87' lang='lat' dir='ltr'>editionem</span> <span class='ocrx_word' id='word_1_93' title='bbox 1315 1737 1375 1787; x_wconf 88' lang='lat' dir='ltr'>et</span> <span class='ocrx_word' id='word_1_94' title='bbox 1429 1728 1644 1789; x_wconf 91' lang='lat' dir='ltr'>deinde</span> <span class='ocrx_word' id='word_1_95' title='bbox 1692 1731 1752 1789; x_wconf 91' lang='lat' dir='ltr'>in</span> <span class='ocrx_word' id='word_1_96' title='bbox 1800 1727 2060 1808; x_wconf 91' lang='lat' dir='ltr'>reliquas</span> <span class='ocrx_word' id='word_1_97' title='bbox 2108 1735 2413 1806; x_wconf 89' lang='lat' dir='ltr'>receptum</span> <span class='ocrx_word' id='word_1_98' title='bbox 2469 1735 2576 1787; x_wconf 92' lang='lat' dir='ltr'>est.</span> <span class='ocrx_word' id='word_1_99' title='bbox 2644 1732 2930 1804; x_wconf 84' lang='lat' dir='ltr'>plerum-</span> 
     </span>
     <span class='ocr_line' id='line_1_14' title="bbox 618 1836 2929 1913; baseline 0 -20"><span class='ocrx_word' id='word_1_100' title='bbox 618 1852 735 1908; x_wconf 79' lang='lat' dir='ltr'>que</span> <span class='ocrx_word' id='word_1_101' title='bbox 788 1836 1049 1894; x_wconf 81' lang='lat' dir='ltr'>hiberna</span> <span class='ocrx_word' id='word_1_102' title='bbox 1105 1852 1233 1895; x_wconf 84' lang='lat' dir='ltr'>esse</span> <span class='ocrx_word' id='word_1_103' title='bbox 1293 1836 1381 1894; x_wconf 92' lang='lat' dir='ltr'>ibi</span> <span class='ocrx_word' id='word_1_104' title='bbox 1433 1839 1687 1896; x_wconf 81' lang='lat' dir='ltr'>meliora</span> <span class='ocrx_word' id='word_1_105' title='bbox 1742 1854 1922 1910; x_wconf 78' lang='lat' dir='ltr'>quam</span> <span class='ocrx_word' id='word_1_106' title='bbox 1987 1838 2354 1911; x_wconf 78' lang='lat' dir='ltr'>campestria</span> <span class='ocrx_word' id='word_1_107' title='bbox 2421 1836 2712 1913; x_wconf 87' lang='lat' dir='ltr'>impressa</span> <span class='ocrx_word' id='word_1_108' title='bbox 2785 1842 2929 1893; x_wconf 88' lang='lat' dir='ltr'>ante</span> 
     </span>
     <span class='ocr_line' id='line_1_15' title="bbox 617 1940 2927 2022; baseline -0 -21"><span class='ocrx_word' id='word_1_109' title='bbox 617 1940 885 2001; x_wconf 85' lang='lat' dir='ltr'>Aldinam</span> <span class='ocrx_word' id='word_1_110' title='bbox 951 1941 1272 2001; x_wconf 88' lang='lat' dir='ltr'>editionem</span> <span class='ocrx_word' id='word_1_111' title='bbox 1329 1942 1704 2022; x_wconf 83' lang='lat' dir='ltr'>exemplaria.</span> <span class='ocrx_word' id='word_1_112' title='bbox 1772 1947 2132 2019; x_wconf 83' lang='lat' dir='ltr'>plerumque</span> <span class='ocrx_word' id='word_1_113' title='bbox 2185 1943 2447 2001; x_wconf 81' lang='lat' dir='ltr'>hiberna</span> <span class='ocrx_word' id='word_1_114' title='bbox 2513 1943 2586 2000; x_wconf 84' lang='lat' dir='ltr'>iis</span> <span class='ocrx_word' id='word_1_115' title='bbox 2641 1943 2927 2014; x_wconf 87' lang='lat' dir='ltr'>meliora,</span> 
     </span>
     <span class='ocr_line' id='line_1_16' title="bbox 618 2046 2927 2130; baseline 0 -24"><span class='ocrx_word' id='word_1_116' title='bbox 618 2047 674 2107; x_wconf 92' lang='lat' dir='ltr'>h.</span> <span class='ocrx_word' id='word_1_117' title='bbox 704 2066 755 2108; x_wconf 93' lang='lat' dir='ltr'>e.</span> <span class='ocrx_word' id='word_1_118' title='bbox 794 2049 867 2107; x_wconf 92' lang='lat' dir='ltr'>iis</span> <span class='ocrx_word' id='word_1_119' title='bbox 907 2046 1147 2108; x_wconf 88' lang='lat' dir='ltr'>meliora</span> <span class='ocrx_word' id='word_1_120' title='bbox 1187 2058 1344 2130; x_wconf 86' lang='lat' dir='ltr'>sunt,</span> <span class='ocrx_word' id='word_1_121' title='bbox 1382 2052 1617 2129; x_wconf 84' lang='lat' dir='ltr'>scripsi.</span> <span class='ocrx_word' id='word_1_122' title='bbox 1685 2068 1817 2109; x_wconf 87' lang='lat' dir='ltr'>nam</span> <span class='ocrx_word' id='word_1_123' title='bbox 1845 2051 2194 2109; x_wconf 81' lang='lat' dir='ltr'>hibernales</span> <span class='ocrx_word' id='word_1_124' title='bbox 2232 2067 2376 2124; x_wconf 85' lang='lat' dir='ltr'>esse,</span> <span class='ocrx_word' id='word_1_125' title='bbox 2416 2047 2572 2126; x_wconf 90' lang='lat' dir='ltr'>quod</span> <span class='ocrx_word' id='word_1_126' title='bbox 2612 2049 2675 2106; x_wconf 90' lang='lat' dir='ltr'>in</span> <span class='ocrx_word' id='word_1_127' title='bbox 2713 2047 2927 2107; x_wconf 91' lang='lat' dir='ltr'>arche-</span> 
     </span>
     <span class='ocr_line' id='line_1_17' title="bbox 619 2154 2927 2237; baseline -0 -23"><span class='ocrx_word' id='word_1_128' title='bbox 619 2163 757 2234; x_wconf 84' lang='lat' dir='ltr'>typo</span> <span class='ocrx_word' id='word_1_129' title='bbox 824 2154 963 2237; x_wconf 84' lang='lat' dir='ltr'>fuit,</span> <span class='ocrx_word' id='word_1_130' title='bbox 1029 2154 1166 2214; x_wconf 90' lang='lat' dir='ltr'>inde</span> <span class='ocrx_word' id='word_1_131' title='bbox 1222 2156 1457 2217; x_wconf 88' lang='lat' dir='ltr'>videtur</span> <span class='ocrx_word' id='word_1_132' title='bbox 1512 2165 1710 2216; x_wconf 89' lang='lat' dir='ltr'>ortum</span> <span class='ocrx_word' id='word_1_133' title='bbox 1748 2157 1935 2237; x_wconf 84' lang='lat' dir='ltr'>&#39;esse‚</span> <span class='ocrx_word' id='word_1_134' title='bbox 2002 2155 2157 2234; x_wconf 90' lang='lat' dir='ltr'>quod</span> <span class='ocrx_word' id='word_1_135' title='bbox 2222 2155 2361 2215; x_wconf 92' lang='lat' dir='ltr'>olim</span> <span class='ocrx_word' id='word_1_136' title='bbox 2428 2156 2723 2232; x_wconf 89' lang='lat' dir='ltr'>scriptum</span> <span class='ocrx_word' id='word_1_137' title='bbox 2795 2162 2927 2213; x_wconf 88' lang='lat' dir='ltr'>erat</span> 
     </span>
     <span class='ocr_line' id='line_1_18' title="bbox 616 2263 1954 2338; baseline 0.002 -18"><span class='ocrx_word' id='word_1_138' title='bbox 616 2263 878 2322; x_wconf 81' lang='lat' dir='ltr'>hiberna</span> <span class='ocrx_word' id='word_1_139' title='bbox 927 2281 1070 2338; x_wconf 85' lang='lat' dir='ltr'>esse,</span> <span class='ocrx_word' id='word_1_140' title='bbox 1119 2263 1333 2323; x_wconf 90' lang='lat' dir='ltr'>deinde</span> <span class='ocrx_word' id='word_1_141' title='bbox 1381 2272 1720 2324; x_wconf 88' lang='lat' dir='ltr'>correctum</span> <span class='ocrx_word' id='word_1_142' title='bbox 1768 2268 1803 2324; x_wconf 96' lang='lat' dir='ltr'>l.</span> <span class='ocrx_word' id='word_1_143' title='bbox 1852 2266 1954 2323; x_wconf 79' lang='lat' dir='ltr'>ei3.</span> 
     </span>
    </p>

    <p class='ocr_par' dir='ltr' id='par_1_5' title="bbox 546 2367 2924 3734">
     <span class='ocr_line' id='line_1_19' title="bbox 795 2367 2924 2448; baseline -0 -20"><span class='ocrx_word' id='word_1_144' title='bbox 795 2367 1058 2428; x_wconf 89' lang='lat' dir='ltr'>Contra</span> <span class='ocrx_word' id='word_1_145' title='bbox 1114 2367 1394 2430; x_wconf 80' lang='lat' dir='ltr'>aestiua</span> <span class='ocrx_word' id='word_1_146' title='bbox 1451 2379 1777 2431; x_wconf 83' lang='lat' dir='ltr'>montana</span> <span class='ocrx_word' id='word_1_147' title='bbox 1825 2371 1914 2429; x_wconf 92' lang='lat' dir='ltr'>iis</span> <span class='ocrx_word' id='word_1_148' title='bbox 1972 2368 2154 2429; x_wconf 91' lang='lat' dir='ltr'>locis</span> <span class='ocrx_word' id='word_1_149' title='bbox 2200 2368 2682 2429; x_wconf 88' lang='lat' dir='ltr'>commodiora</span> <span class='ocrx_word' id='word_1_150' title='bbox 2734 2368 2924 2448; x_wconf 91' lang='lat' dir='ltr'>quod</span> 
     </span>
     <span class='ocr_line' id='line_1_20' title="bbox 617 2470 2924 2555; baseline -0 -21"><span class='ocrx_word' id='word_1_151' title='bbox 617 2474 717 2535; x_wconf 92' lang='lat' dir='ltr'>ibi</span> <span class='ocrx_word' id='word_1_152' title='bbox 765 2483 908 2534; x_wconf 89' lang='lat' dir='ltr'>tum</span> <span class='ocrx_word' id='word_1_153' title='bbox 957 2484 1026 2535; x_wconf 88' lang='lat' dir='ltr'>et</span> <span class='ocrx_word' id='word_1_154' title='bbox 1071 2475 1408 2555; x_wconf 90' lang='lat' dir='ltr'>pabulum</span> <span class='ocrx_word' id='word_1_155' title='bbox 1457 2477 1751 2538; x_wconf 89' lang='lat' dir='ltr'>multum</span> <span class='ocrx_word' id='word_1_156' title='bbox 1801 2476 1984 2555; x_wconf 91' lang='lat' dir='ltr'>quod</span> <span class='ocrx_word' id='word_1_157' title='bbox 2032 2478 2103 2535; x_wconf 94' lang='lat' dir='ltr'>in</span> <span class='ocrx_word' id='word_1_158' title='bbox 2142 2478 2408 2554; x_wconf 91' lang='lat' dir='ltr'>campis</span> <span class='ocrx_word' id='word_1_159' title='bbox 2446 2470 2599 2535; x_wconf 88' lang='lat' dir='ltr'>aret</span> <span class='ocrx_word' id='word_1_160' title='bbox 2636 2494 2718 2535; x_wconf 91' lang='lat' dir='ltr'>ac</span> <span class='ocrx_word' id='word_1_161' title='bbox 2770 2474 2924 2536; x_wconf 91' lang='lat' dir='ltr'>cul·</span> 
     </span>
     <span class='ocr_line' id='line_1_21' title="bbox 619 2576 2924 2665; baseline 0 -24"><span class='ocrx_word' id='word_1_162' title='bbox 619 2591 777 2642; x_wconf 88' lang='lat' dir='ltr'>tura</span> <span class='ocrx_word' id='word_1_163' title='bbox 835 2581 1168 2643; x_wconf 91' lang='lat' dir='ltr'>arborum</span> <span class='ocrx_word' id='word_1_164' title='bbox 1226 2584 1497 2663; x_wconf 85' lang='lat' dir='ltr'>aptior]</span> <span class='ocrx_word' id='word_1_165' title='bbox 1557 2585 1857 2646; x_wconf 80' lang='lat' dir='ltr'>Montana</span> <span class='ocrx_word' id='word_1_166' title='bbox 1915 2587 1989 2644; x_wconf 85' lang='lat' dir='ltr'>iis</span> <span class='ocrx_word' id='word_1_167' title='bbox 2046 2580 2164 2665; x_wconf 86' lang='lat' dir='ltr'>(vel</span> <span class='ocrx_word' id='word_1_168' title='bbox 2211 2576 2334 2665; x_wconf 83' lang='lat' dir='ltr'>his)</span> <span class='ocrx_word' id='word_1_169' title='bbox 2381 2585 2529 2644; x_wconf 87' lang='lat' dir='ltr'>locis</span> <span class='ocrx_word' id='word_1_170' title='bbox 2575 2582 2924 2662; x_wconf 85' lang='lat' dir='ltr'>apographa</span> 
     </span>
     <span class='ocr_line' id='line_1_22' title="bbox 618 2688 2923 2771; baseline 0 -24"><span class='ocrx_word' id='word_1_171' title='bbox 618 2688 928 2768; x_wconf 87' lang='lat' dir='ltr'>Italorum,</span> <span class='ocrx_word' id='word_1_172' title='bbox 985 2700 1390 2767; x_wconf 83' lang='lat' dir='ltr'>montanaque</span> <span class='ocrx_word' id='word_1_173' title='bbox 1438 2695 1512 2751; x_wconf 85' lang='lat' dir='ltr'>iis</span> <span class='ocrx_word' id='word_1_174' title='bbox 1558 2695 1708 2753; x_wconf 87' lang='lat' dir='ltr'>locis</span> <span class='ocrx_word' id='word_1_175' title='bbox 1752 2691 2105 2771; x_wconf 81' lang='lat' dir='ltr'>PolitianuS,</span> <span class='ocrx_word' id='word_1_176' title='bbox 2162 2689 2319 2768; x_wconf 93' lang='lat' dir='ltr'>quod</span> <span class='ocrx_word' id='word_1_177' title='bbox 2378 2691 2430 2749; x_wconf 92' lang='lat' dir='ltr'>si</span> <span class='ocrx_word' id='word_1_178' title='bbox 2483 2691 2543 2749; x_wconf 93' lang='lat' dir='ltr'>in</span> <span class='ocrx_word' id='word_1_179' title='bbox 2592 2689 2923 2769; x_wconf 86' lang='lat' dir='ltr'>archetypo</span> 
     </span>
     <span class='ocr_line' id='line_1_23' title="bbox 619 2796 2922 2879; baseline 0 -24"><span class='ocrx_word' id='word_1_180' title='bbox 619 2796 747 2876; x_wconf 87' lang='lat' dir='ltr'>fuit,</span> <span class='ocrx_word' id='word_1_181' title='bbox 794 2814 910 2870; x_wconf 87' lang='lat' dir='ltr'>que</span> <span class='ocrx_word' id='word_1_182' title='bbox 949 2801 1277 2858; x_wconf 90' lang='lat' dir='ltr'>correctori</span> <span class='ocrx_word' id='word_1_183' title='bbox 1317 2798 1596 2879; x_wconf 85' lang='lat' dir='ltr'>debetnr3</span> <span class='ocrx_word' id='word_1_184' title='bbox 1644 2801 1943 2859; x_wconf 83' lang='lat' dir='ltr'>montanis</span> <span class='ocrx_word' id='word_1_185' title='bbox 1980 2801 2128 2858; x_wconf 84' lang='lat' dir='ltr'>locis</span> <span class='ocrx_word' id='word_1_186' title='bbox 2158 2815 2216 2856; x_wconf 94' lang='lat' dir='ltr'>m</span> <span class='ocrx_word' id='word_1_187' title='bbox 2255 2805 2315 2856; x_wconf 89' lang='lat' dir='ltr'>et</span> <span class='ocrx_word' id='word_1_188' title='bbox 2345 2805 2651 2856; x_wconf 89' lang='lat' dir='ltr'>corrector</span> <span class='ocrx_word' id='word_1_189' title='bbox 2692 2797 2922 2856; x_wconf 91' lang='lat' dir='ltr'>codicis</span> 
     </span>
     <span class='ocr_line' id='line_1_24' title="bbox 546 2901 2922 2985; baseline 0.001 -24"><span class='ocrx_word' id='word_1_190' title='bbox 546 2975 549 2978; x_wconf 72' lang='lat'>.</span> <span class='ocrx_word' id='word_1_191' title='bbox 617 2901 987 2967; x_wconf 87' lang='lat' dir='ltr'>Florentini..</span> <span class='ocrx_word' id='word_1_192' title='bbox 1037 2922 1219 2982; x_wconf 90' lang='lat' dir='ltr'>pravo</span> <span class='ocrx_word' id='word_1_193' title='bbox 1258 2906 1476 2966; x_wconf 90' lang='lat' dir='ltr'>iudicio</span> <span class='ocrx_word' id='word_1_194' title='bbox 1516 2905 1850 2965; x_wconf 87' lang='lat' dir='ltr'>Pontedera</span> <span class='ocrx_word' id='word_1_195' title='bbox 1887 2925 1946 2985; x_wconf 89' lang='lat' dir='ltr'>p.</span> <span class='ocrx_word' id='word_1_196' title='bbox 1973 2901 2059 2966; x_wconf 84' lang='lat'>93</span> <span class='ocrx_word' id='word_1_197' title='bbox 2101 2911 2361 2963; x_wconf 90' lang='lat' dir='ltr'>veterem</span> <span class='ocrx_word' id='word_1_198' title='bbox 2402 2902 2722 2963; x_wconf 89' lang='lat' dir='ltr'>lectionem</span> <span class='ocrx_word' id='word_1_199' title='bbox 2760 2921 2922 2964; x_wconf 80' lang='lat' dir='ltr'>mon·</span> 
     </span>
     <span class='ocr_line' id='line_1_25' title="bbox 615 3004 2919 3094; baseline -0 -25"><span class='ocrx_word' id='word_1_200' title='bbox 615 3017 764 3070; x_wconf 83' lang='lat' dir='ltr'>tana</span> <span class='ocrx_word' id='word_1_201' title='bbox 820 3013 895 3070; x_wconf 84' lang='lat' dir='ltr'>iis</span> <span class='ocrx_word' id='word_1_202' title='bbox 951 3014 1100 3071; x_wconf 84' lang='lat' dir='ltr'>locis</span> <span class='ocrx_word' id='word_1_203' title='bbox 1154 3011 1448 3093; x_wconf 81' lang='lat' dir='ltr'>defendit,</span> <span class='ocrx_word' id='word_1_204' title='bbox 1515 3008 1623 3072; x_wconf 69' lang='lat' dir='ltr'>‘iis</span> <span class='ocrx_word' id='word_1_205' title='bbox 1681 3011 1854 3094; x_wconf 81' lang='lat' dir='ltr'>lociS‚</span> <span class='ocrx_word' id='word_1_206' title='bbox 1919 3011 2024 3072; x_wconf 90' lang='lat' dir='ltr'>ubi</span> <span class='ocrx_word' id='word_1_207' title='bbox 2077 3019 2245 3090; x_wconf 91' lang='lat' dir='ltr'>prata</span> <span class='ocrx_word' id='word_1_208' title='bbox 2305 3020 2364 3070; x_wconf 93' lang='lat' dir='ltr'>et</span> <span class='ocrx_word' id='word_1_209' title='bbox 2429 3004 2687 3091; x_wconf 83' lang='lat' dir='ltr'>vineae&#39;,</span> <span class='ocrx_word' id='word_1_210' title='bbox 2759 3008 2919 3089; x_wconf 91' lang='lat' dir='ltr'>quod</span> 
     </span>
     <span class='ocr_line' id='line_1_26' title="bbox 616 3115 2916 3197; baseline -0 -21"><span class='ocrx_word' id='word_1_211' title='bbox 616 3119 802 3177; x_wconf 92' lang='lat' dir='ltr'>miror</span> <span class='ocrx_word' id='word_1_212' title='bbox 851 3117 1218 3178; x_wconf 90' lang='lat' dir='ltr'>Schneidero</span> <span class='ocrx_word' id='word_1_213' title='bbox 1266 3118 1580 3197; x_wconf 88' lang='lat' dir='ltr'>placuisse.</span> <span class='ocrx_word' id='word_1_214' title='bbox 1656 3139 1790 3180; x_wconf 91' lang='lat' dir='ltr'>nam</span> <span class='ocrx_word' id='word_1_215' title='bbox 1839 3121 2059 3180; x_wconf 88' lang='lat' dir='ltr'>aestiva</span> <span class='ocrx_word' id='word_1_216' title='bbox 2099 3125 2373 3178; x_wconf 90' lang='lat' dir='ltr'>montana</span> <span class='ocrx_word' id='word_1_217' title='bbox 2411 3115 2569 3176; x_wconf 90' lang='lat' dir='ltr'>nulla</span> <span class='ocrx_word' id='word_1_218' title='bbox 2610 3126 2775 3197; x_wconf 82' lang='lat' dir='ltr'>sunt,</span> <span class='ocrx_word' id='word_1_219' title='bbox 2816 3116 2916 3176; x_wconf 90' lang='lat' dir='ltr'>sed</span> 
     </span>
     <span class='ocr_line' id='line_1_27' title="bbox 613 3211 2919 3309; baseline 0 -26"><span class='ocrx_word' id='word_1_220' title='bbox 613 3233 891 3284; x_wconf 88' lang='lat' dir='ltr'>montana</span> <span class='ocrx_word' id='word_1_221' title='bbox 939 3225 1065 3285; x_wconf 95' lang='lat' dir='ltr'>loca</span> <span class='ocrx_word' id='word_1_222' title='bbox 1106 3211 1490 3304; x_wconf 89' lang='lat' dir='ltr'>opponuntur</span> <span class='ocrx_word' id='word_1_223' title='bbox 1529 3227 1983 3309; x_wconf 78' lang='lat' dir='ltr'>campestribus,</span> <span class='ocrx_word' id='word_1_224' title='bbox 2030 3234 2090 3285; x_wconf 88' lang='lat' dir='ltr'>et</span> <span class='ocrx_word' id='word_1_225' title='bbox 2131 3234 2295 3284; x_wconf 92' lang='lat' dir='ltr'>recte</span> <span class='ocrx_word' id='word_1_226' title='bbox 2335 3222 2637 3283; x_wconf 86' lang='lat' dir='ltr'>Iucundus</span> <span class='ocrx_word' id='word_1_227' title='bbox 2677 3228 2919 3284; x_wconf 82' lang='lat' dir='ltr'>aestiva</span> 
     </span>
     <span class='ocr_line' id='line_1_28' title="bbox 615 3333 2916 3408; baseline -0.001 -18"><span class='ocrx_word' id='word_1_228' title='bbox 615 3335 916 3392; x_wconf 84' lang='lat' dir='ltr'>montanis</span> <span class='ocrx_word' id='word_1_229' title='bbox 963 3336 1112 3393; x_wconf 84' lang='lat' dir='ltr'>locis</span> <span class='ocrx_word' id='word_1_230' title='bbox 1160 3337 1584 3395; x_wconf 81' lang='lat' dir='ltr'>commodiora.</span> <span class='ocrx_word' id='word_1_231' title='bbox 1663 3336 1804 3394; x_wconf 89' lang='lat' dir='ltr'>item</span> <span class='ocrx_word' id='word_1_232' title='bbox 1861 3342 2023 3394; x_wconf 89' lang='lat' dir='ltr'>recte</span> <span class='ocrx_word' id='word_1_233' title='bbox 2072 3333 2228 3392; x_wconf 91' lang='lat' dir='ltr'>idem</span> <span class='ocrx_word' id='word_1_234' title='bbox 2278 3338 2335 3392; x_wconf 82' lang='lat' dir='ltr'>et</span> <span class='ocrx_word' id='word_1_235' title='bbox 2381 3335 2625 3391; x_wconf 86' lang='lat' dir='ltr'>cultura</span> <span class='ocrx_word' id='word_1_236' title='bbox 2679 3349 2800 3408; x_wconf 93' lang='lat' dir='ltr'>pro</span> <span class='ocrx_word' id='word_1_237' title='bbox 2848 3349 2916 3391; x_wconf 92' lang='lat' dir='ltr'>eo</span> 
     </span>
     <span class='ocr_line' id='line_1_29' title="bbox 615 3437 2913 3520; baseline 0 -24"><span class='ocrx_word' id='word_1_238' title='bbox 615 3437 773 3516; x_wconf 91' lang='lat' dir='ltr'>quod</span> <span class='ocrx_word' id='word_1_239' title='bbox 821 3441 881 3497; x_wconf 80' lang='lat' dir='ltr'>ir.</span> <span class='ocrx_word' id='word_1_240' title='bbox 930 3440 1249 3520; x_wconf 82' lang='lat' dir='ltr'>archetypo</span> <span class='ocrx_word' id='word_1_241' title='bbox 1287 3449 1348 3500; x_wconf 89' lang='lat' dir='ltr'>et</span> <span class='ocrx_word' id='word_1_242' title='bbox 1385 3443 1444 3500; x_wconf 91' lang='lat' dir='ltr'>in</span> <span class='ocrx_word' id='word_1_243' title='bbox 1484 3443 1700 3520; x_wconf 88' lang='lat' dir='ltr'>priscis</span> <span class='ocrx_word' id='word_1_244' title='bbox 1738 3440 2099 3501; x_wconf 89' lang='lat' dir='ltr'>editionibus</span> <span class='ocrx_word' id='word_1_245' title='bbox 2146 3447 2273 3498; x_wconf 89' lang='lat' dir='ltr'>erat</span> <span class='ocrx_word' id='word_1_246' title='bbox 2311 3456 2388 3498; x_wconf 88' lang='lat' dir='ltr'>ac</span> <span class='ocrx_word' id='word_1_247' title='bbox 2434 3441 2700 3512; x_wconf 87' lang='lat' dir='ltr'>cultura,</span> <span class='ocrx_word' id='word_1_248' title='bbox 2755 3437 2913 3517; x_wconf 91' lang='lat' dir='ltr'>quod</span> 
     </span>
     <span class='ocr_line' id='line_1_30' title="bbox 614 3543 2913 3626; baseline -0.002 -18"><span class='ocrx_word' id='word_1_249' title='bbox 614 3543 912 3608; x_wconf 84' lang='lat' dir='ltr'>Victorius</span> <span class='ocrx_word' id='word_1_250' title='bbox 962 3550 1205 3626; x_wconf 89' lang='lat' dir='ltr'>recepit.</span> <span class='ocrx_word' id='word_1_251' title='bbox 1280 3556 1504 3610; x_wconf 88' lang='lat' dir='ltr'>aestate</span> <span class='ocrx_word' id='word_1_252' title='bbox 1559 3551 1622 3608; x_wconf 92' lang='lat' dir='ltr'>in</span> <span class='ocrx_word' id='word_1_253' title='bbox 1670 3550 1966 3609; x_wconf 91' lang='lat' dir='ltr'>montanis</span> <span class='ocrx_word' id='word_1_254' title='bbox 2027 3546 2172 3607; x_wconf 91' lang='lat' dir='ltr'>locis</span> <span class='ocrx_word' id='word_1_255' title='bbox 2220 3553 2280 3605; x_wconf 89' lang='lat' dir='ltr'>et</span> <span class='ocrx_word' id='word_1_256' title='bbox 2325 3544 2605 3624; x_wconf 86' lang='lat' dir='ltr'>pabulum</span> <span class='ocrx_word' id='word_1_257' title='bbox 2657 3545 2913 3605; x_wconf 90' lang='lat' dir='ltr'>multum</span> 
     </span>
     <span class='ocr_line' id='line_1_31' title="bbox 614 3651 2504 3734; baseline 0 -23"><span class='ocrx_word' id='word_1_258' title='bbox 614 3660 674 3711; x_wconf 92' lang='lat' dir='ltr'>et</span> <span class='ocrx_word' id='word_1_259' title='bbox 712 3651 945 3713; x_wconf 90' lang='lat' dir='ltr'>cultura</span> <span class='ocrx_word' id='word_1_260' title='bbox 993 3652 1274 3714; x_wconf 90' lang='lat' dir='ltr'>arborum</span> <span class='ocrx_word' id='word_1_261' title='bbox 1321 3656 1515 3733; x_wconf 84' lang='lat' dir='ltr'>aptior</span> <span class='ocrx_word' id='word_1_262' title='bbox 1562 3664 1671 3730; x_wconf 88' lang='lat' dir='ltr'>est,</span> <span class='ocrx_word' id='word_1_263' title='bbox 1720 3674 1895 3734; x_wconf 89' lang='lat' dir='ltr'>quam</span> <span class='ocrx_word' id='word_1_264' title='bbox 1944 3657 2003 3714; x_wconf 89' lang='lat' dir='ltr'>in</span> <span class='ocrx_word' id='word_1_265' title='bbox 2054 3651 2504 3731; x_wconf 65' lang='lat' dir='ltr'>campestribus</span> 
     </span>
    </p>

    <p class='ocr_par' dir='ltr' id='par_1_6' title="bbox 613 3756 2916 4584">
     <span class='ocr_line' id='line_1_32' title="bbox 793 3756 2912 3841; baseline -0 -22"><span class='ocrx_word' id='word_1_266' title='bbox 793 3756 833 3819; x_wconf 87' lang='grc'>6</span> <span class='ocrx_word' id='word_1_267' title='bbox 899 3758 974 3819; x_wconf 94' lang='lat' dir='ltr'>In</span> <span class='ocrx_word' id='word_1_268' title='bbox 1023 3779 1225 3820; x_wconf 92' lang='lat' dir='ltr'>unam</span> <span class='ocrx_word' id='word_1_269' title='bbox 1272 3770 1547 3839; x_wconf 89' lang='lat' dir='ltr'>partem</span> <span class='ocrx_word' id='word_1_270' title='bbox 1596 3771 1854 3839; x_wconf 86' lang='lat' dir='ltr'>uerget</span> <span class='ocrx_word' id='word_1_271' title='bbox 1900 3780 2105 3841; x_wconf 90' lang='lat' dir='ltr'>quam</span> <span class='ocrx_word' id='word_1_272' title='bbox 2151 3764 2210 3821; x_wconf 92' lang='lat' dir='ltr'>is</span> <span class='ocrx_word' id='word_1_273' title='bbox 2259 3762 2377 3838; x_wconf 89' lang='lat' dir='ltr'>qui</span> <span class='ocrx_word' id='word_1_274' title='bbox 2427 3767 2535 3818; x_wconf 89' lang='lat' dir='ltr'>est</span> <span class='ocrx_word' id='word_1_275' title='bbox 2582 3758 2661 3818; x_wconf 93' lang='lat' dir='ltr'>ad</span> <span class='ocrx_word' id='word_1_276' title='bbox 2701 3758 2912 3819; x_wconf 90' lang='lat' dir='ltr'>libel-</span> 
     </span>
     <span class='ocr_line' id='line_1_33' title="bbox 614 3865 2911 3947; baseline 0.001 -23"><span class='ocrx_word' id='word_1_277' title='bbox 614 3866 746 3925; x_wconf 92' lang='lat' dir='ltr'>lam</span> <span class='ocrx_word' id='word_1_278' title='bbox 786 3885 1051 3945; x_wconf 91' lang='lat' dir='ltr'>aequos</span> <span class='ocrx_word' id='word_1_279' title='bbox 1099 3867 1282 3946; x_wconf 91' lang='lat' dir='ltr'>quod</span> <span class='ocrx_word' id='word_1_280' title='bbox 1330 3870 1391 3927; x_wconf 91' lang='lat' dir='ltr'>is</span> <span class='ocrx_word' id='word_1_281' title='bbox 1438 3887 1592 3928; x_wconf 92' lang='lat' dir='ltr'>cum</span> <span class='ocrx_word' id='word_1_282' title='bbox 1641 3886 1863 3947; x_wconf 91' lang='lat' dir='ltr'>aquae</span> <span class='ocrx_word' id='word_1_283' title='bbox 1906 3887 2040 3928; x_wconf 91' lang='lat' dir='ltr'>non</span> <span class='ocrx_word' id='word_1_284' title='bbox 2080 3867 2293 3928; x_wconf 91' lang='lat' dir='ltr'>habet</span> <span class='ocrx_word' id='word_1_285' title='bbox 2331 3865 2697 3943; x_wconf 90' lang='lat' dir='ltr'>delapsum</span> <span class='ocrx_word' id='word_1_286' title='bbox 2741 3866 2911 3926; x_wconf 82' lang='lat' dir='ltr'>fieri</span> 
     </span>
     <span class='ocr_line' id='line_1_34' title="bbox 615 3970 2916 4053; baseline -0 -22"><span class='ocrx_word' id='word_1_287' title='bbox 615 3972 800 4031; x_wconf 92' lang='lat' dir='ltr'>solet</span> <span class='ocrx_word' id='word_1_288' title='bbox 839 3972 1249 4053; x_wconf 88' lang='lat' dir='ltr'>uliginosus</span> <span class='ocrx_word' id='word_1_289' title='bbox 1298 3992 1377 4033; x_wconf 90' lang='lat' dir='ltr'>eo</span> <span class='ocrx_word' id='word_1_290' title='bbox 1426 3976 1648 4052; x_wconf 86' lang='lat' dir='ltr'>magis</span> <span class='ocrx_word' id='word_1_291' title='bbox 1688 3976 1746 4034; x_wconf 92' lang='lat' dir='ltr'>si</span> <span class='ocrx_word' id='word_1_292' title='bbox 1785 3977 1945 4053; x_wconf 91' lang='lat' dir='ltr'>quis</span> <span class='ocrx_word' id='word_1_293' title='bbox 1984 3982 2094 4035; x_wconf 92' lang='lat' dir='ltr'>est</span> <span class='ocrx_word' id='word_1_294' title='bbox 2132 3970 2650 4050; x_wconf 90' lang='lat' dir='ltr'>inaequabilis]</span> <span class='ocrx_word' id='word_1_295' title='bbox 2702 3973 2916 4047; x_wconf 74' lang='lat' dir='ltr'>Ueryit</span> 
     </span>
     <span class='ocr_line' id='line_1_35' title="bbox 617 4078 2913 4160; baseline 0 -23"><span class='ocrx_word' id='word_1_296' title='bbox 617 4097 672 4137; x_wconf 92' lang='lat' dir='ltr'>m</span> <span class='ocrx_word' id='word_1_297' title='bbox 721 4089 782 4138; x_wconf 90' lang='lat' dir='ltr'>et</span> <span class='ocrx_word' id='word_1_298' title='bbox 827 4081 1114 4157; x_wconf 88' lang='lat' dir='ltr'>impressa</span> <span class='ocrx_word' id='word_1_299' title='bbox 1162 4079 1300 4140; x_wconf 91' lang='lat' dir='ltr'>inde</span> <span class='ocrx_word' id='word_1_300' title='bbox 1347 4079 1420 4140; x_wconf 89' lang='lat' dir='ltr'>ab</span> <span class='ocrx_word' id='word_1_301' title='bbox 1464 4080 1669 4151; x_wconf 86' lang='lat' dir='ltr'>Aldina</span> <span class='ocrx_word' id='word_1_302' title='bbox 1710 4079 1968 4140; x_wconf 90' lang='lat' dir='ltr'>editione</span> <span class='ocrx_word' id='word_1_303' title='bbox 2018 4079 2390 4160; x_wconf 83' lang='lat' dir='ltr'>exemplaria,</span> <span class='ocrx_word' id='word_1_304' title='bbox 2437 4085 2655 4153; x_wconf 72' lang='lat' dir='ltr'>uerqet</span> <span class='ocrx_word' id='word_1_305' title='bbox 2694 4078 2913 4158; x_wconf 87' lang='lat' dir='ltr'>reliqui</span> 
     </span>
     <span class='ocr_line' id='line_1_36' title="bbox 615 4183 2911 4266; baseline 0 -23"><span class='ocrx_word' id='word_1_306' title='bbox 615 4184 751 4245; x_wconf 91' lang='lat' dir='ltr'>libri</span> <span class='ocrx_word' id='word_1_307' title='bbox 803 4203 976 4246; x_wconf 91' lang='lat' dir='ltr'>manu</span> <span class='ocrx_word' id='word_1_308' title='bbox 1026 4188 1233 4265; x_wconf 89' lang='lat' dir='ltr'>scripti</span> <span class='ocrx_word' id='word_1_309' title='bbox 1282 4197 1340 4247; x_wconf 87' lang='lat' dir='ltr'>et</span> <span class='ocrx_word' id='word_1_310' title='bbox 1387 4187 1677 4247; x_wconf 89' lang='lat' dir='ltr'>editiones</span> <span class='ocrx_word' id='word_1_311' title='bbox 1725 4188 2189 4266; x_wconf 88' lang='lat' dir='ltr'>antiquissimae.</span> <span class='ocrx_word' id='word_1_312' title='bbox 2234 4220 2309 4230; x_wconf 92' lang='lat'>—</span> <span class='ocrx_word' id='word_1_313' title='bbox 2352 4187 2538 4245; x_wconf 81' lang='lat' dir='ltr'>habet</span> <span class='ocrx_word' id='word_1_314' title='bbox 2581 4183 2911 4245; x_wconf 89' lang='lat' dir='ltr'>Politianus</span> 
     </span>
     <span class='ocr_line' id='line_1_37' title="bbox 614 4290 2911 4372; baseline 0 -21"><span class='ocrx_word' id='word_1_315' title='bbox 614 4309 749 4351; x_wconf 90' lang='lat' dir='ltr'>cum</span> <span class='ocrx_word' id='word_1_316' title='bbox 817 4290 1090 4368; x_wconf 85' lang='lat' dir='ltr'>plurimis</span> <span class='ocrx_word' id='word_1_317' title='bbox 1154 4292 1533 4372; x_wconf 81' lang='lat' dir='ltr'>apographiS,</span> <span class='ocrx_word' id='word_1_318' title='bbox 1600 4311 1718 4352; x_wconf 94' lang='lat' dir='ltr'>non</span> <span class='ocrx_word' id='word_1_319' title='bbox 1784 4294 2037 4361; x_wconf 79' lang='lat' dir='ltr'>habeat,</span> <span class='ocrx_word' id='word_1_320' title='bbox 2102 4300 2170 4353; x_wconf 89' lang='lat' dir='ltr'>ut</span> <span class='ocrx_word' id='word_1_321' title='bbox 2227 4292 2528 4352; x_wconf 90' lang='lat' dir='ltr'>Gesnerus</span> <span class='ocrx_word' id='word_1_322' title='bbox 2593 4291 2911 4352; x_wconf 87' lang='lat' dir='ltr'>adnotavit.</span> 
     </span>
     <span class='ocr_line' id='line_1_38' title="bbox 613 4397 2910 4482; baseline 0.001 -25"><span class='ocrx_word' id='word_1_323' title='bbox 613 4399 839 4458; x_wconf 80' lang='lat' dir='ltr'>habeat</span> <span class='ocrx_word' id='word_1_324' title='bbox 884 4401 943 4457; x_wconf 91' lang='lat' dir='ltr'>in</span> <span class='ocrx_word' id='word_1_325' title='bbox 994 4417 1112 4459; x_wconf 92' lang='lat' dir='ltr'>uno</span> <span class='ocrx_word' id='word_1_326' title='bbox 1162 4397 1505 4458; x_wconf 87' lang='lat' dir='ltr'>Florentino</span> <span class='ocrx_word' id='word_1_327' title='bbox 1554 4400 1759 4460; x_wconf 91' lang='lat' dir='ltr'>codice</span> <span class='ocrx_word' id='word_1_328' title='bbox 1806 4400 2026 4482; x_wconf 80' lang='lat' dir='ltr'>inveni,</span> <span class='ocrx_word' id='word_1_329' title='bbox 2072 4400 2339 4460; x_wconf 80' lang='lat' dir='ltr'>habeant</span> <span class='ocrx_word' id='word_1_330' title='bbox 2385 4398 2607 4458; x_wconf 90' lang='lat' dir='ltr'>Merula</span> <span class='ocrx_word' id='word_1_331' title='bbox 2665 4407 2724 4458; x_wconf 88' lang='lat' dir='ltr'>et</span> <span class='ocrx_word' id='word_1_332' title='bbox 2779 4417 2910 4459; x_wconf 89' lang='lat' dir='ltr'>cor·</span> 
     </span>
     <span class='ocr_line' id='line_1_39' title="bbox 615 4503 2910 4584; baseline 0.001 -23"><span class='ocrx_word' id='word_1_333' title='bbox 615 4512 815 4563; x_wconf 87' lang='lat' dir='ltr'>rector</span> <span class='ocrx_word' id='word_1_334' title='bbox 884 4503 1209 4564; x_wconf 87' lang='lat' dir='ltr'>Florentini</span> <span class='ocrx_word' id='word_1_335' title='bbox 1279 4504 1531 4584; x_wconf 83' lang='lat' dir='ltr'>codiciS,</span> <span class='ocrx_word' id='word_1_336' title='bbox 1595 4507 1821 4565; x_wconf 80' lang='lat' dir='ltr'>habent</span> <span class='ocrx_word' id='word_1_337' title='bbox 1883 4524 1940 4564; x_wconf 86' lang='lat' dir='ltr'>m</span> <span class='ocrx_word' id='word_1_338' title='bbox 2008 4515 2067 4566; x_wconf 89' lang='lat' dir='ltr'>et</span> <span class='ocrx_word' id='word_1_339' title='bbox 2131 4505 2450 4566; x_wconf 83' lang='lat' dir='ltr'>IucunduS.</span> <span class='ocrx_word' id='word_1_340' title='bbox 2524 4509 2661 4581; x_wconf 83' lang='lat' dir='ltr'>quis</span> <span class='ocrx_word' id='word_1_341' title='bbox 2724 4505 2910 4567; x_wconf 88' lang='lat' dir='ltr'>deleri</span> 
     </span>
    </p>
   </div>
  </div>
 </body>
</html>
