3178 5185
585 398 719 462 200
1570 399 1942 463 VARRONIS

587 567 873 645 postridie
929 568 1298 645 prodeamus
1394 586 1601 628 omnes
1657 571 2076 647 consurgimus
2123 589 2190 630 ac
2238 570 2416 630 simul
2462 571 2897 649 exclamamuS,

586 669 797 752 ‘quid‘?
877 676 940 734 in
1005 673 1228 736 funus?
1312 675 1469 755 quod
1534 672 1757 736 funus?
1840 676 1983 755 quid
2050 686 2139 737 est
2205 674 2489 738 factum?
2572 678 2672 738 ille
2729 677 2896 737 flens

587 787 785 840 narrat
849 780 920 840 ab
986 778 1188 842 nescio
1246 801 1363 862 quo
1419 801 1771 863 percussum
1828 783 2066 844 cultello
2123 785 2483 866 concidisse,
2540 803 2718 863 quem
2782 786 2897 863 qui

585 896 744 947 esset
807 889 1276 950 animadvertere
1342 892 1404 950 in
1471 890 1645 951 turba
1713 895 1830 951 no'n
1895 893 2187 973 potuisse,
2253 893 2357 952 sed
2414 899 2642 952 tantum
2702 890 2893 952 modo

531 995 900 1056 3exaudisse
949 1016 1169 1079 vocem,
1215 1016 1527 1076 perperam
1574 998 1806 1059 fecisse.
1897 1000 2043 1078 ipse,
2090 1017 2226 1059 cum
2272 1007 2590 1078 patronum
2633 998 2892 1058 domum
2949 1013 2976 1052 5

585 1102 924 1163 sustulisset
964 1111 1023 1165 et
1060 1123 1279 1184 pueros
1318 1105 1661 1185 dimisisset,
1701 1113 1767 1165 ut
1804 1105 2101 1165 medicum
2139 1108 2517 1185 requirerent
2545 1124 2613 1166 ac
2643 1114 2889 1167 mature

582 1209 964 1291 adducerent,
1003 1212 1159 1290 quod
1199 1214 1399 1291 potius
1437 1211 1569 1272 illut
1608 1212 2096 1293 administrasset,
2135 1232 2309 1291 quam
2350 1213 2420 1273 ad
2460 1231 2568 1273 nos
2597 1214 2891 1289 venisset,

583 1336 791 1378 aecum
840 1337 971 1378 esse
1020 1318 1134 1378 sibi
1181 1321 1425 1397 ignosci.
1518 1336 1627 1379 nec
1677 1321 1729 1378 si
1765 1337 1901 1380 eum
1941 1338 2175 1380 servare
2214 1338 2334 1380 non
2372 1321 2682 1400 potuisset,
2733 1321 2889 1399 quin

582 1443 700 1484 non
758 1426 942 1486 multo
998 1434 1133 1503 post
1189 1429 1439 1486 animam
1498 1425 1753 1500 efflaret,
1809 1433 2006 1486 tamen
2061 1435 2271 1505 putare
2329 1445 2392 1487 se
2441 1428 2653 1487 fecisse
2709 1434 2886 1488 recte

583 1529 704 1608 [L].
817 1551 933 1593 non
999 1534 1246 1594 moleste
1314 1534 1573 1594 ferentes
1641 1533 2057 1594 descendimus
2123 1535 2194 1595 de
2260 1536 2403 1596 aede
2469 1542 2529 1594 et
2593 1533 2665 1594 de
2732 1552 2880 1594 casu
2915 1548 2968 1586 1⁰

581 1637 839 1699 humano
905 1642 1091 1719 magis
1159 1649 1504 1721 querenteS‚
1571 1659 1748 1719 quam
1801 1640 2176 1701 ¹admirantes
2241 1641 2301 1701 id
2357 1641 2576 1702 Romae
2632 1641 2883 1716 factum,

581 1739 944 1809 discedimus
991 1767 1211 1809 omnes,

1079 1906 1109 1914 θ

724 1945 755 1991 3
812 1939 883 1992 ab
928 1939 1116 1994 nescio
1154 1939 1211 1993 P
1251 1939 1321 1992 ab
1367 1937 1524 1992 nesio
1561 1938 1619 1993 A
1663 1937 1736 2005 ab
1783 1937 1967 1993 nescio
2004 1937 2060 1990 Β
2107 1938 2295 1993 nescio
2340 1956 2374 1993 v
2517 1944 2550 1993 5
2605 1937 2805 1994 fecisse
2844 1955 2879 1993 v

579 2026 715 2105 fecit
752 2045 810 2082 se
848 2028 1028 2081 PAB
1171 2034 1202 2081 6
1251 2026 1609 2082 substulisset
1647 2028 1703 2081 Β
1845 2025 2150 2082 ᾶὶωἰεείεθίὶ
2185 2027 2240 2081 A
2383 2030 2637 2083 maturae
2673 2028 2729 2081 Β
2798 2027 2803 2032 ’

583 2124 610 2171 7
649 2117 780 2171 illut
819 2117 876 2171 P
908 2116 1051 2171 illud
1090 2117 1250 2172 ABv
1361 2122 1393 2171 8
1432 2132 1627 2170 aecum
1667 2116 1783 2170 PB
1820 2132 2014 2170 aecum
2053 2132 2190 2170 corr.
2229 2133 2431 2187 aequm
2468 2118 2523 2171 A
2560 2133 2801 2187 aequum
2842 2134 2876 2171 v

687 2205 844 2276 quin]
885 2206 982 2275 qui
1018 2206 1073 2260 A
1183 2212 1214 2259 9
1252 2208 1451 2276 putare
1490 2207 1784 2260 Iucundus
1822 2207 2046 2274 putaret
2093 2205 2267 2260 VAB
2376 2206 2602 2262 fecisset
2637 2207 2694 2262 A
2805 2214 2877 2261 10

580 2338 592 2350 .
624 2296 688 2349 1.
725 2312 838 2349 non
878 2298 932 2350 Β
971 2296 1028 2348 ,Ι
1059 2337 1071 2349 .
1111 2310 1223 2349 non
1261 2296 1318 2350 P
1350 2339 1361 2350 .
1392 2295 1414 2349 i
1441 2337 1453 2350 .
1492 2313 1605 2351 non
1642 2295 1698 2348 A
1735 2294 1798 2348 Id
1836 2310 1947 2348 non
1985 2312 2016 2348 v
2052 2295 2117 2347 Id
2153 2312 2255 2350 nos
2285 2296 2595 2352 Iucundus.
2656 2295 2740 2349 ‘Id
2769 2314 2875 2351 nos

579 2385 816 2439 moleste
862 2385 1120 2440 ferentes.
1194 2385 1352 2438 Haec
1398 2390 1515 2439 erat
1551 2385 1890 2454 peruulyata
1937 2385 2117 2451 lecti0,
2153 2402 2291 2454 quae
2325 2386 2377 2440 si
2410 2391 2642 2441 ueterem
2679 2391 2876 2441 contra

578 2491 633 2528 se
668 2491 782 2528 ‘non
817 2475 1052 2540 haberet,
1088 2474 1255 2540 facilc
1291 2474 1465 2527 locum
1500 2489 1660 2528 suum
1697 2480 1939 2529 tueretur
1966 2495 1983 2527 .·
2010 2490 2162 2528 nunc
2197 2475 2300 2529 illa
2334 2491 2653 2544 repuqnans
2685 2476 2875 2530 omnia

581 2564 873 2631 confundit
899 2585 916 2618 .·
945 2557 1024 2618 in
1044 2579 1214 2617 manu
1251 2563 1394 2617 enim
1430 2565 1654 2633 scriptis
1689 2564 1818 2619 Non
1857 2563 2091 2618 moleste
2127 2561 2369 2619 ferentes
2405 2550 2629 2634 legitur.
2662 2596 2727 2606 —-
2763 2565 2874 2620 Est

579 2659 758 2708 tamen
802 2655 891 2707 hic
937 2654 1100 2707 etiam
1145 2654 1313 2719 illud,
1371 2655 1514 2721 quod
1558 2669 1717 2723 saepe
1760 2670 1860 2708 nos
1903 2655 2148 2708 molestos
2193 2654 2415 2722 habuit,
2463 2654 2505 2707 L
2553 2655 2699 2709 enim
2743 2660 2874 2709 ante

577 2745 720 2798 hanc
762 2748 973 2812 partem
1021 2742 1083 2795 in
1129 2747 1383 2795 contextu
1431 2745 1692 2797 sermonis
1729 2744 2026 2798 constituta
2063 2747 2167 2809 est,
2197 2747 2485 2811 praeterea
2519 2744 2702 2797 mendi
2737 2749 2873 2797 noia

578 2833 666 2887 hic
694 2832 936 2902 marqini
965 2830 1241 2900 adposita’
1291 2830 1567 2887 Victorius
1680 2838 1743 2885 11
1784 2831 2113 2909 quaerentes
2132 2832 2186 2884 Β
2298 2835 2363 2884 12
2393 2830 2657 2885 Varronis
2683 2848 2871 2886 rerum

578 2921 912 2976 rusticarum
944 2921 1011 2975 de
1041 2919 1386 2990 agricultura
1414 2921 1571 2975 liber.
1612 2920 1652 2973 I.
1688 2920 1936 2990 explicit'
1965 2920 2144 2974 Marci
2170 2920 2377 2974 terenti
2403 2921 2655 2976 uarronis
2684 2938 2871 2976 rerum

577 3010 912 3065 rusticarum
952 3010 1021 3064 de
1050 3026 1109 3063 re
1137 3009 1402 3078 pecuaria
1430 3009 1635 3080 Incipit
1664 3052 1675 3064 .
1708 3008 1750 3061 L
1780 3051 1792 3064 .
1833 3010 1899 3066 II.
1934 3011 1990 3063 P
2018 3008 2251 3064 Varonis
2281 3009 2486 3063 Rerum
2515 3009 2871 3065 Rusticarum

578 3100 661 3154 De
718 3100 841 3169 agri
899 3099 1118 3153 cultura
1172 3097 1336 3153 Liber
1383 3142 1395 3155 .
1425 3098 1451 3150 Ι
1483 3141 1495 3152 .
1544 3115 1611 3152 ex
1644 3101 1652 3168 Ι
1684 3097 1849 3169 plicit
1895 3141 1907 3154 .
1936 3098 1995 3151 M
2025 3141 2037 3153 .
2087 3097 2316 3153 Terenti
2373 3097 2611 3154 Varonis
2662 3100 2870 3154 Rerum

579 3188 933 3243 Rusticarum
988 3191 996 3255 Ι
1049 3186 1179 3241 dere
1238 3188 1499 3257 pecuaria
1560 3187 1771 3257 Incipit
1833 3187 1998 3242 Liber
2057 3186 2343 3241 Secundus
2389 3188 2444 3241 A
2499 3186 2867 3243 UARRONlS

579 3278 836 3332 RERUM
890 3275 1355 3331 RUSTICARUM
1413 3276 1635 3330 LIBER
1688 3275 1882 3329 PRIM'
1925 3277 1933 3344 Ι
1975 3275 2313 3330 EXPLICIT
2371 3277 2466 3329 DE
2520 3275 2867 3332 AGRICUL-

579 3365 776 3419 TURA
817 3368 825 3434 Ι
867 3367 940 3420 Μ.
982 3366 1329 3420 TERENTII
1376 3363 1752 3419 UARRONIS
1801 3363 2059 3418 RERUM
2096 3364 2564 3420 RUSTICARUM
2600 3365 2696 3420 DE
2733 3370 2742 3437 1
2775 3367 2866 3421 RE

577 3454 945 3510 PECUARIA
983 3454 1254 3509 INCIPIT
1284 3453 1509 3509 -LIBER
1547 3453 1926 3508 SECUNDUS
1964 3453 2020 3506 Β
2056 3452 2286 3509 MARCI
2318 3455 2666 3509 TERENTII
2696 3455 2867 3510 VAR-

579 3542 797 3598 RONIS
844 3543 1102 3598 RERVM
1148 3541 1623 3598 RVSTICARVM
1668 3541 1885 3597 LIBER
1924 3585 1935 3596 .
1975 3542 2028 3597 II
2058 3585 2071 3598 .
2120 3543 2221 3597 AD
2260 3542 2547 3599 NIGRVM
2586 3544 2867 3599 TVRAN-

574 3632 783 3688 NIVM.
823 3631 1230 3718 PRAEFATIO
1266 3649 1298 3687 v
