3178 5185
560 353 686 418 136
1243 360 1626 416 COMMENT.
1665 361 1743 414 IN
1783 360 2155 417 VARRONIS

558 523 650 577 est
708 518 958 596 repetito
1015 516 1392 597 pronomine,
1448 517 1605 576 sieut
1662 522 1868 595 postea
1922 523 1989 576 ut
2043 515 2135 575 his
2188 517 2446 594 positum
2502 527 2612 577 est.
2705 515 2837 576 olim

556 627 720 699 quod
763 622 1110 683 deleveram.

735 730 819 791 Ut
865 731 1060 809 argis
1107 738 1353 789 atreus
1402 747 1603 807 quam
1661 728 1803 789 sibi
1855 729 2173 789 thiesten
2232 727 2555 789 subduxe
2607 731 2838 807 queri·

561 846 677 897 tur
723 845 799 897 ut
860 839 931 897 in
979 836 1309 897 colchide
1368 834 1628 912 actam]
1678 835 1758 895 Et
1802 839 1862 896 in
1918 836 2200 896 Colchide
2255 836 2402 896 Oeta
2448 835 2692 895 Merula.
2782 844 2844 895 ut

559 946 743 1019 Arqts
799 944 1047 1019 AtreuS,
1109 932 1308 1019 quam
1350 946 1470 1004 sibi
1528 943 1823 1020 Thyesten
1880 943 2241 1002 subduxisse
2294 945 2602 1016 queritur,
2660 949 2726 1002 ut
2785 945 2843 1001 in

566 1052 848 1111 Colchide
904 1052 1052 1112 Oeta
1099 1050 1428 1123 IucunduS‚
1491 1048 1593 1109 ubi
1639 1051 1922 1110 subduxe
1969 1055 2030 1108 et
2076 1051 2265 1109 Aeeta
2310 1047 2609 1108 Victorius
2671 1047 2843 1108 dedit.

559 1158 790 1217 Aeetan
821 1157 1143 1217 Politianus
1183 1158 1536 1218 coniecerat.
1597 1165 1865 1217 correcta
1909 1156 2288 1216 distinctione
2329 1154 2666 1235 verborum,
2702 1174 2843 1234 quae

561 1283 632 1324 ex
670 1262 876 1333 Aldina
927 1264 1186 1324 editione
1226 1264 1456 1343 vulgata
1497 1272 1642 1344 erat,
1683 1273 1743 1323 et
1788 1263 1983 1324 addita
2031 1263 2467 1341 praepositione
2507 1264 2594 1322 ad
2640 1263 2848 1340 scripsi

561 1378 629 1431 ut
675 1372 886 1451 Aryi3‚
933 1373 1155 1432 Atreus
1212 1389 1392 1447 quam
1448 1373 1569 1432 sibi
1619 1369 1936 1448 Thyesten'
1971 1372 2253 1431 subduxe
2306 1372 2612 1444 queritur,
2671 1376 2738 1428 ut
2790 1372 2848 1428 in

570 1478 853 1538 Colchide
898 1480 985 1538 ad
1028 1479 1291 1538 Aeetam.
1366 1496 1498 1538 narn
1549 1482 1635 1539 ad
1671 1480 1916 1539 Aeetam
1966 1476 2146 1538 habet
2190 1476 2303 1536 loci
2346 1476 2848 1554 significationem,

566 1585 722 1643 sicut
771 1587 834 1644 in
886 1584 1085 1661 Libya
1134 1587 1220 1645 ad
1252 1586 1647 1661 HesperidaS,
1696 1584 1798 1645 ubi
1843 1603 2022 1664 pravo
2068 1583 2284 1644 iudicio
2325 1581 2729 1642 Schneiderus
2775 1584 2854 1642 ad

564 1689 797 1749 delevit.
890 1690 1154 1769 exempla
1201 1678 1656 1771 praepositionis
1715 1695 1801 1752 ad
1863 1709 1997 1751 cum
2046 1690 2382 1750 nominibus
2442 1689 2748 1749 hominum
2794 1691 2848 1761 in

566 1797 994 1875 significatione
1041 1796 1157 1858 loci
1204 1800 1554 1859 coniunctae
1603 1798 1892 1877 praebent
1940 1796 2076 1857 libri
2129 1799 2674 1876 grammaticorum3
2721 1794 2850 1853 Var-

571 1905 734 1963 ronis
783 1913 923 1964 sunt
969 1904 1141 1983 haee,
1187 1903 1214 1964 I
1252 1903 1312 1986 2,
1354 1902 1435 1966 12
1484 1908 1570 1965 acl
1615 1913 1673 1966 te
1719 1909 1875 1966 em‘m
1922 1907 2136 1966 rudem
2197 1923 2324 1965 esse
2379 1907 2524 1978 aqrz‘
2576 1907 2852 1963 culturae

569 2027 760 2090 nune,
818 2013 955 2070 olim
1021 2013 1126 2071 ad*
1162 2013 1461 2072 Stolonem
1512 2010 1707 2086 fuisse
1774 2014 2011 2086 dieunt,
2075 2008 2154 2069 III
2192 2007 2260 2090 2,
2302 2007 2382 2070 12
2430 2027 2609 2086 posse
2665 2011 2751 2069 ad
2800 2016 2853 2068 te

566 2120 716 2190 fieri
759 2149 841 2158 —
886 2121 1220 2193 pastiones,
1269 2117 1347 2178 111
1391 2114 1489 2198 14,
1531 2115 1573 2179 3
1622 2121 1708 2179 ad
1744 2122 2060 2194 propalam
2106 2121 2289 2177 vitam
2345 2119 2449 2177 diu
2489 2118 2852 2193 producunt,

572 2221 739 2303 140,
782 2222 812 2283 1
886 2231 1144 2300 apparet
1207 2227 1294 2284 ad
1355 2227 1722 2298 ayrieolaS„
1760 2222 1811 2283 11
1855 2220 1909 2302 1,
1956 2221 2031 2282 16
2099 2225 2185 2282 ad
2227 2224 2624 2298 publicanum
2671 2224 2850 2298 profi·

573 2336 793 2390 tentur.

750 2430 993 2497 7'Nec
1059 2435 1279 2496 multo
1347 2455 1559 2497 secus
1624 2439 1859 2497 nostri
1915 2435 1997 2497 ab
2059 2435 2296 2496 eadem
2352 2452 2526 2495 uoce
2595 2433 2714 2494 sed
2778 2433 2852 2493 ab

573 2541 704 2603 alia
775 2542 1022 2604 littera
1070 2560 1202 2604 uox
1260 2561 1499 2604 earum
1560 2561 1696 2604 non
1756 2562 1859 2604 me
1920 2543 2038 2605 sed
2104 2542 2187 2603 be
2253 2559 2507 2602 sonare
2573 2541 2853 2603 uidetur

574 2667 747 2710 oues
795 2649 1032 2711 balare
1080 2670 1328 2712 uocem
1377 2651 1782 2711 efferentes
1831 2669 1862 2710 e
1912 2669 2045 2729 quo
2109 2656 2269 2728 post
2323 2647 2562 2708 balare
2618 2648 2853 2709 dicunt

574 2759 837 2817 extrita
902 2757 1182 2835 littera]
1261 2760 1416 2820 Oues
1482 2760 1690 2819 belare
1746 2776 1820 2817 m.
1890 2776 2002 2818 nee
2067 2760 2248 2817 mullo
2308 2774 2482 2816 secus
2538 2759 2734 2816 nostri
2783 2757 2853 2815 ab

576 2867 787 2925 eadem
833 2883 1007 2944 voce,
1052 2868 1163 2926 sed
1216 2868 1293 2927 ab
1352 2869 1477 2927 alia
1538 2868 1719 2927 litera
1776 2867 1910 2926 bela
1965 2870 2278 2925 vocarunt.
2370 2881 2489 2923 non
2546 2867 2701 2923 em‘m
2754 2880 2854 2935 me,

578 2973 690 3032 sed
733 2972 839 3031 hee
883 2987 1106 3031 sonare
1137 2973 1427 3044 ‚videntur
1462 2988 1600 3032 oves
1637 2988 1839 3031 vocem
1877 2971 2215 3047 efferentes,
2254 2987 2292 3028 a
2331 2987 2448 3043 quo
2478 2977 2617 3046 post
2662 2972 2856 3031 belare

584 3080 812 3157 dieunt,
852 3080 1082 3138 extrita
1129 3080 1310 3137 litera
1348 3076 1669 3158 IucunduS‚
1713 3076 1817 3137 ubi
1865 3060 2091 3139 dictum
2138 3095 2246 3155 pro
2294 3078 2508 3137 dieunt
2552 3076 2853 3155 legendum

581 3203 712 3245 esse
762 3183 1012 3244 Ursinus
1060 3186 1335 3245 coniecit.
1427 3203 1540 3246 nee
1598 3188 1779 3245 multo
1835 3203 2011 3245 secus
2066 3186 2261 3245 nostri
2313 3185 2390 3244 ab
2451 3188 2661 3245 eadem
2705 3202 2855 3256 voce,

582 3294 693 3352 secl
737 3293 813 3351 ab
862 3292 988 3352 alia
1035 3294 1236 3353 litera.
1311 3310 1429 3353 vox
1478 3310 1692 3352 earum
1739 3308 1858 3352 non
1896 3307 2004 3366 me,
2041 3293 2152 3352 sed
2194 3292 2300 3352 hee
2343 3308 2568 3351 sonare
2612 3294 2854 3352 videtur.

584 3416 721 3460 oves
769 3400 1011 3459 beelare
1049 3416 1251 3460 vocem
1290 3400 1634 3475 efferenteS,
1675 3416 1714 3458 a
1752 3415 1868 3473 quo
1908 3399 2114 3458 belare
2151 3400 2389 3479 dieunt,
2416 3401 2645 3458 extrita
2690 3402 2855 3460 litera

584 3504 879 3565 Victorius
919 3523 950 3564 e
990 3508 1239 3565 vetustis
1291 3504 1477 3587 libris,
1503 3507 1583 3566 'ut
1623 3506 1718 3565 ait.
1787 3506 2008 3585 belare,
2049 3502 2201 3582 quod
2252 3519 2324 3563 ex
2360 3503 2565 3564 Aldina
2614 3505 2855 3566 editione

583 3619 891 3691 receptum
940 3619 1093 3693 erat,
1142 3610 1391 3672 Varroni
1437 3611 1825 3673 tribuendum
1883 3628 2001 3670 non
2060 3618 2175 3689 est,
2223 3610 2345 3684 sed,
2383 3613 2622 3688 balare,
2669 3630 2857 3692 quam·

588 3737 764 3797 quam
811 3720 1018 3780 belare
1079 3718 1150 3779 de
1198 3718 1406 3779 ovibus
1453 3719 1677 3780 dictum
1727 3724 2022 3779 testantur
2068 3715 2296 3796 glossae
2343 3736 2392 3778 v.
2432 3717 2504 3777 IV
2548 3739 2606 3798 p.
2646 3717 2787 3800 313,
2826 3716 2856 3778 7

586 3828 859 3887 balantes
899 3827 1163 3888 belantes
1210 3845 1362 3902 oves‘,
1400 3825 1483 3887 ib.
1521 3823 1608 3888 25
1656 3828 1815 3887 belat
1862 3826 2044 3886 balat.
2119 3822 2299 3883 Varro
2338 3832 2533 3885 autem
2573 3828 2625 3886 si
2662 3830 2861 3888 balare

587 3951 619 3992 a
676 3950 821 3992 sono
877 3934 1073 3992 ovium
1139 3935 1211 3994 be
1277 3935 1491 3994 extrita
1554 3933 1752 3994 littera
1817 3932 2039 3992 dictum
2109 3948 2240 3990 esse
2307 3930 2562 4013 volebat,
2628 3936 2859 3994 bealare

589 4038 853 4100 scribere
919 4038 1185 4102 debebat.
1279 4049 1584 4120 praeterea
1659 4043 1872 4101 dieunt
1937 4038 2300 4117 transposui,
2366 4056 2503 4101 oves
2569 4042 2640 4102 be
2700 4044 2860 4102 alare

588 4164 792 4208 vocem
838 4148 1159 4221 efferentes
1207 4151 1435 4223 dieunt,
1482 4168 1515 4209 e
1559 4166 1677 4223 quo
1718 4153 1855 4223 post
1904 4148 2119 4207 balare
2163 4148 2393 4206 extrita
2440 4150 2660 4208 littera.

772 4253 906 4313 Sed
954 4253 1438 4334 appellantur]
1481 4257 1565 4318 Et
1603 4258 1990 4332 appellantur
2030 4251 2348 4314 iucundus,
2421 4257 2530 4315 secl
2565 4273 2634 4314 ex
2672 4251 2856 4314 codice

592 4360 891 4422 Victorius
935 4364 1212 4424 restituit.
1654 4349 1657 4350 ⁷
2676 4352 2680 4360 ⁸

778 4465 816 4528 8
882 4469 1080 4528 Anno
1131 4472 1342 4530 etiam
1389 4472 1557 4531 item
1605 4472 1673 4530 in
1723 4470 1898 4529 mari
1946 4477 2280 4545 terraque
2342 4466 2422 4527 ab
2479 4468 2587 4529 his
2642 4468 2852 4545 regio-
