<?xml version="1.0" encoding="UTF-8"?>
<!DOCTYPE html PUBLIC "-//W3C//DTD XHTML 1.0 Transitional//EN"
    "http://www.w3.org/TR/xhtml1/DTD/xhtml1-transitional.dtd">
<html xmlns="http://www.w3.org/1999/xhtml" xml:lang="en" lang="en">
 <head>
  <title>
</title>
<meta http-equiv="Content-Type" content="text/html;charset=utf-8" />
  <meta name='ocr-system' content='tesseract 3.04.00' />
  <meta name='ocr-capabilities' content='ocr_page ocr_carea ocr_par ocr_line ocrx_word'/>
</head>
<body>
  <div class='ocr_page' id='page_1' title='image "./mporcicatonisde01catogoog_0307.png"; bbox 0 0 3178 5185; ppageno 0'>
   <div class='ocr_carea' id='block_1_1' title="bbox 882 390 2599 455">
    <p class='ocr_par' dir='ltr' id='par_1_1' title="bbox 882 390 2599 455">
     <span class='ocr_line' id='line_1_1' title="bbox 882 390 2599 455; baseline 0.003 -6"><span class='ocrx_word' id='word_1_1' title='bbox 882 396 1143 451; x_wconf 83' lang='lat' dir='ltr'>RERVM</span> <span class='ocrx_word' id='word_1_2' title='bbox 1180 396 1659 451; x_wconf 82' lang='lat' dir='ltr'><strong>RVSTICARVM</strong></span> <span class='ocrx_word' id='word_1_3' title='bbox 1704 397 1840 451; x_wconf 87' lang='lat' dir='ltr'><strong>LIB.</strong></span> <span class='ocrx_word' id='word_1_4' title='bbox 1880 398 1904 451; x_wconf 94' lang='grc' dir='ltr'><strong>Ι</strong></span> <span class='ocrx_word' id='word_1_5' title='bbox 1946 396 2024 453; x_wconf 88' lang='grc'><strong>16</strong></span> <span class='ocrx_word' id='word_1_6' title='bbox 2512 390 2599 455; x_wconf 82' lang='grc'><strong>55</strong></span> 
     </span>
    </p>
   </div>
   <div class='ocr_carea' id='block_1_2' title="bbox 309 550 2630 4580">
    <p class='ocr_par' dir='ltr' id='par_1_2' title="bbox 309 550 2630 2231">
     <span class='ocr_line' id='line_1_2' title="bbox 320 550 2596 633; baseline 0.002 -23"><span class='ocrx_word' id='word_1_7' title='bbox 320 551 540 611; x_wconf 83' lang='lat' dir='ltr'><strong>tertiam</strong></span> <span class='ocrx_word' id='word_1_8' title='bbox 587 552 852 629; x_wconf 87' lang='lat' dir='ltr'><strong>speciem</strong></span> <span class='ocrx_word' id='word_1_9' title='bbox 897 550 1042 611; x_wconf 86' lang='lat' dir='ltr'><strong>haec</strong></span> <span class='ocrx_word' id='word_1_10' title='bbox 1088 554 1409 633; x_wconf 82' lang='lat' dir='ltr'><strong>pertinent,</strong></span> <span class='ocrx_word' id='word_1_11' title='bbox 1447 553 1550 613; x_wconf 88' lang='lat' dir='ltr'><strong>sed</strong></span> <span class='ocrx_word' id='word_1_12' title='bbox 1589 551 1659 612; x_wconf 89' lang='lat' dir='ltr'><strong>ad</strong></span> <span class='ocrx_word' id='word_1_13' title='bbox 1701 552 2038 612; x_wconf 85' lang='lat' dir='ltr'><strong>secundam.</strong></span> <span class='ocrx_word' id='word_1_14' title='bbox 2106 552 2596 632; x_wconf 76' lang='lat' dir='ltr'>quadripertitam</span> 
     </span>
     <span class='ocr_line' id='line_1_3' title="bbox 320 657 2598 743; baseline 0.002 -27"><span class='ocrx_word' id='word_1_15' title='bbox 320 659 471 717; x_wconf 89' lang='lat' dir='ltr'><strong>enim</strong></span> <span class='ocrx_word' id='word_1_16' title='bbox 518 657 994 719; x_wconf 81' lang='lat' dir='ltr'><strong>distributionem</strong></span> <span class='ocrx_word' id='word_1_17' title='bbox 1053 678 1234 737; x_wconf 89' lang='lat' dir='ltr'><strong>supra</strong></span> <span class='ocrx_word' id='word_1_18' title='bbox 1289 662 1653 739; x_wconf 82' lang='lat' dir='ltr'><strong>propositam</strong></span> <span class='ocrx_word' id='word_1_19' title='bbox 1713 661 1790 720; x_wconf 92' lang='lat' dir='ltr'><strong>ita</strong></span> <span class='ocrx_word' id='word_1_20' title='bbox 1846 667 2199 739; x_wconf 86' lang='lat' dir='ltr'><strong>persecutus</strong></span> <span class='ocrx_word' id='word_1_21' title='bbox 2257 668 2350 720; x_wconf 90' lang='lat' dir='ltr'><strong>est</strong></span> <span class='ocrx_word' id='word_1_22' title='bbox 2395 661 2598 743; x_wconf 89' lang='lat' dir='ltr'><strong>Varro,</strong></span> 
     </span>
     <span class='ocr_line' id='line_1_4' title="bbox 317 764 2600 844; baseline 0.002 -21"><span class='ocrx_word' id='word_1_23' title='bbox 317 771 379 823; x_wconf 90' lang='lat' dir='ltr'><strong>ut</strong></span> <span class='ocrx_word' id='word_1_24' title='bbox 423 764 496 824; x_wconf 91' lang='lat' dir='ltr'><strong>de</strong></span> <span class='ocrx_word' id='word_1_25' title='bbox 539 767 727 844; x_wconf 91' lang='lat' dir='ltr'><strong>prima</strong></span> <span class='ocrx_word' id='word_1_26' title='bbox 777 767 976 843; x_wconf 87' lang='lat' dir='ltr'><strong>specie</strong></span> <span class='ocrx_word' id='word_1_27' title='bbox 1032 765 1294 827; x_wconf 87' lang='lat' dir='ltr'><strong>breviter</strong></span> <span class='ocrx_word' id='word_1_28' title='bbox 1342 766 1569 828; x_wconf 87' lang='lat' dir='ltr'><strong>diceret</strong></span> <span class='ocrx_word' id='word_1_29' title='bbox 1615 765 1656 828; x_wconf 82' lang='lat'><strong>2</strong></span> <span class='ocrx_word' id='word_1_30' title='bbox 1709 787 1743 828; x_wconf 91' lang='lat' dir='ltr'><strong>e</strong></span> <span class='ocrx_word' id='word_1_31' title='bbox 1787 771 1921 842; x_wconf 79' lang='lat' dir='ltr'><strong>quis</strong></span> <span class='ocrx_word' id='word_1_32' title='bbox 1967 774 2257 843; x_wconf 79' lang='lat' dir='ltr'><strong>quattuor</strong></span> <span class='ocrx_word' id='word_1_33' title='bbox 2302 772 2468 842; x_wconf 80' lang='lat' dir='ltr'><strong>quod</strong></span> <span class='ocrx_word' id='word_1_34' title='bbox 2510 777 2600 829; x_wconf 87' lang='lat' dir='ltr'><strong>est</strong></span> 
     </span>
     <span class='ocr_line' id='line_1_5' title="bbox 309 871 2598 955; baseline 0.002 -24"><span class='ocrx_word' id='word_1_35' title='bbox 309 874 564 947; x_wconf 86' lang='lat' dir='ltr'><strong>primum</strong></span> <span class='ocrx_word' id='word_1_36' title='bbox 618 891 777 955; x_wconf 89' lang='lat' dir='ltr'><strong>sqq.,</strong></span> <span class='ocrx_word' id='word_1_37' title='bbox 845 871 1091 934; x_wconf 89' lang='lat' dir='ltr'><strong>uberius</strong></span> <span class='ocrx_word' id='word_1_38' title='bbox 1147 873 1219 934; x_wconf 92' lang='lat' dir='ltr'><strong>de</strong></span> <span class='ocrx_word' id='word_1_39' title='bbox 1276 874 1535 935; x_wconf 88' lang='lat' dir='ltr'><strong>secunda</strong></span> <span class='ocrx_word' id='word_1_40' title='bbox 1591 873 1669 934; x_wconf 90' lang='lat' dir='ltr'><strong>ib.</strong></span> <span class='ocrx_word' id='word_1_41' title='bbox 1727 893 1885 949; x_wconf 83' lang='lat' dir='ltr'><strong>quae</strong></span> <span class='ocrx_word' id='word_1_42' title='bbox 1938 877 2267 934; x_wconf 82' lang='lat' dir='ltr'><strong>vicinitatis</strong></span> <span class='ocrx_word' id='word_1_43' title='bbox 2333 878 2598 936; x_wconf 87' lang='lat' dir='ltr'><strong>invectos</strong></span> 
     </span>
     <span class='ocr_line' id='line_1_6' title="bbox 315 978 2630 1060; baseline 0.002 -23"><span class='ocrx_word' id='word_1_44' title='bbox 315 980 531 1039; x_wconf 79' lang='lat' dir='ltr'><strong>habent</strong></span> <span class='ocrx_word' id='word_1_45' title='bbox 574 997 700 1058; x_wconf 88' lang='lat' dir='ltr'><strong>sqq.</strong></span> <span class='ocrx_word' id='word_1_46' title='bbox 714 1026 731 1060; x_wconf 88' lang='lat'><strong>,</strong></span> <span class='ocrx_word' id='word_1_47' title='bbox 779 979 991 1040; x_wconf 90' lang='lat' dir='ltr'><strong>deinde</strong></span> <span class='ocrx_word' id='word_1_48' title='bbox 1039 978 1299 1041; x_wconf 89' lang='lat' dir='ltr'><strong>breviter</strong></span> <span class='ocrx_word' id='word_1_49' title='bbox 1357 981 1428 1041; x_wconf 88' lang='lat' dir='ltr'><strong>de</strong></span> <span class='ocrx_word' id='word_1_50' title='bbox 1476 982 1651 1042; x_wconf 90' lang='lat' dir='ltr'><strong>tertia</strong></span> <span class='ocrx_word' id='word_1_51' title='bbox 1702 978 1742 1041; x_wconf 88' lang='lat'>6</span> <span class='ocrx_word' id='word_1_52' title='bbox 1799 984 2053 1042; x_wconf 83' lang='lat' dir='ltr'><strong>eundem</strong></span> <span class='ocrx_word' id='word_1_53' title='bbox 2103 979 2365 1056; x_wconf 82' lang='lat' dir='ltr'><strong>fundum</strong></span> <span class='ocrx_word' id='word_1_54' title='bbox 2416 981 2630 1057; x_wconf 79' lang='lat' dir='ltr'><strong>fruc-¹</strong></span> 
     </span>
     <span class='ocr_line' id='line_1_7' title="bbox 315 1085 2597 1168; baseline 0.003 -25"><span class='ocrx_word' id='word_1_55' title='bbox 315 1088 628 1146; x_wconf 86' lang='lat' dir='ltr'><strong>tuosiorem</strong></span> <span class='ocrx_word' id='word_1_56' title='bbox 677 1085 929 1161; x_wconf 85' lang='lat' dir='ltr'><strong>faciunt</strong></span> <span class='ocrx_word' id='word_1_57' title='bbox 982 1094 1271 1148; x_wconf 76' lang='lat' dir='ltr'><strong>vecturae</strong></span> <span class='ocrx_word' id='word_1_58' title='bbox 1327 1106 1453 1167; x_wconf 89' lang='lat' dir='ltr'><strong>sqq.</strong></span> <span class='ocrx_word' id='word_1_59' title='bbox 1511 1096 1573 1148; x_wconf 89' lang='lat' dir='ltr'><strong>et</strong></span> <span class='ocrx_word' id='word_1_60' title='bbox 1629 1087 1701 1168; x_wconf 89' lang='lat' dir='ltr'><strong>de</strong></span> <span class='ocrx_word' id='word_1_61' title='bbox 1759 1095 1968 1166; x_wconf 90' lang='lat' dir='ltr'><strong>quarta</strong></span> <span class='ocrx_word' id='word_1_62' title='bbox 2025 1086 2102 1147; x_wconf 92' lang='lat' dir='ltr'><strong>ib.</strong></span> <span class='ocrx_word' id='word_1_63' title='bbox 2162 1087 2358 1163; x_wconf 80' lang='lat' dir='ltr'><strong>refert</strong></span> <span class='ocrx_word' id='word_1_64' title='bbox 2413 1092 2597 1149; x_wconf 89' lang='lat' dir='ltr'><strong>etiam</strong></span> 
     </span>
     <span class='ocr_line' id='line_1_8' title="bbox 315 1190 2594 1274; baseline 0.001 -23"><span class='ocrx_word' id='word_1_65' title='bbox 315 1195 394 1251; x_wconf 85' lang='lat' dir='ltr'><strong>ad</strong></span> <span class='ocrx_word' id='word_1_66' title='bbox 427 1190 611 1267; x_wconf 84' lang='lat' dir='ltr'><strong>fundi</strong></span> <span class='ocrx_word' id='word_1_67' title='bbox 637 1193 887 1269; x_wconf 86' lang='lat' dir='ltr'><strong>fructus</strong></span> <span class='ocrx_word' id='word_1_68' title='bbox 916 1212 1043 1273; x_wconf 91' lang='lat' dir='ltr'><strong>sqq.</strong></span> <span class='ocrx_word' id='word_1_69' title='bbox 1110 1194 1379 1254; x_wconf 87' lang='lat' dir='ltr'><strong>ordinem</strong></span> <span class='ocrx_word' id='word_1_70' title='bbox 1420 1194 1840 1274; x_wconf 81' lang='lat' dir='ltr'><strong>disputationis</strong></span> <span class='ocrx_word' id='word_1_71' title='bbox 1879 1193 2181 1254; x_wconf 88' lang='lat' dir='ltr'><strong>Iucundus</strong></span> <span class='ocrx_word' id='word_1_72' title='bbox 2220 1195 2432 1255; x_wconf 89' lang='lat' dir='ltr'><strong>additis</strong></span> <span class='ocrx_word' id='word_1_73' title='bbox 2477 1198 2594 1255; x_wconf 90' lang='lat' dir='ltr'><strong>sin-</strong></span> 
     </span>
     <span class='ocr_line' id='line_1_9' title="bbox 314 1297 2595 1381; baseline 0.002 -24"><span class='ocrx_word' id='word_1_74' title='bbox 314 1297 573 1375; x_wconf 81' lang='lat' dir='ltr'><strong>gularum</strong></span> <span class='ocrx_word' id='word_1_75' title='bbox 627 1301 887 1378; x_wconf 87' lang='lat' dir='ltr'><strong>partium</strong></span> <span class='ocrx_word' id='word_1_76' title='bbox 944 1303 1215 1361; x_wconf 89' lang='lat' dir='ltr'><strong>numeris</strong></span> <span class='ocrx_word' id='word_1_77' title='bbox 1271 1300 1576 1381; x_wconf 86' lang='lat' dir='ltr'><strong>indicavit,</strong></span> <span class='ocrx_word' id='word_1_78' title='bbox 1626 1303 1973 1362; x_wconf 85' lang='lat' dir='ltr'><strong>Secundum</strong></span> <span class='ocrx_word' id='word_1_79' title='bbox 2029 1319 2188 1376; x_wconf 80' lang='lat' dir='ltr'><strong>quae</strong></span> <span class='ocrx_word' id='word_1_80' title='bbox 2242 1305 2595 1375; x_wconf 72' lang='lat' dir='ltr'><strong>uicinitati3‚</strong></span> 
     </span>
     <span class='ocr_line' id='line_1_10' title="bbox 319 1399 2596 1487; baseline 0.001 -22"><span class='ocrx_word' id='word_1_81' title='bbox 319 1399 511 1466; x_wconf 80' lang='lat' dir='ltr'><strong>Tertio</strong></span> <span class='ocrx_word' id='word_1_82' title='bbox 573 1409 829 1467; x_wconf 84' lang='lat' dir='ltr'><strong>eundem</strong></span> <span class='ocrx_word' id='word_1_83' title='bbox 886 1406 1174 1484; x_wconf 82' lang='lat' dir='ltr'><strong>fundum,</strong></span> <span class='ocrx_word' id='word_1_84' title='bbox 1249 1410 1482 1481; x_wconf 79' lang='lat' dir='ltr'><strong>Quarto</strong></span> <span class='ocrx_word' id='word_1_85' title='bbox 1543 1407 1756 1483; x_wconf 85' lang='lat' dir='ltr'><strong>refert.</strong></span> <span class='ocrx_word' id='word_1_86' title='bbox 1851 1408 2033 1468; x_wconf 91' lang='lat' dir='ltr'><strong>Varro</strong></span> <span class='ocrx_word' id='word_1_87' title='bbox 2095 1415 2293 1468; x_wconf 89' lang='lat' dir='ltr'><strong>autem</strong></span> <span class='ocrx_word' id='word_1_88' title='bbox 2358 1417 2596 1487; x_wconf 85' lang='lat' dir='ltr'><strong>praeter</strong></span> 
     </span>
     <span class='ocr_line' id='line_1_11' title="bbox 312 1508 2596 1597; baseline 0.001 -26"><span class='ocrx_word' id='word_1_89' title='bbox 312 1508 554 1589; x_wconf 83' lang='lat' dir='ltr'><strong>primam</strong></span> <span class='ocrx_word' id='word_1_90' title='bbox 608 1522 839 1592; x_wconf 89' lang='lat' dir='ltr'><strong>partem</strong></span> <span class='ocrx_word' id='word_1_91' title='bbox 896 1533 1178 1575; x_wconf 90' lang='lat' dir='ltr'><strong>numeros</strong></span> <span class='ocrx_word' id='word_1_92' title='bbox 1234 1533 1354 1575; x_wconf 92' lang='lat' dir='ltr'><strong>non</strong></span> <span class='ocrx_word' id='word_1_93' title='bbox 1411 1515 1744 1597; x_wconf 78' lang='lat' dir='ltr'><strong>addiderat,</strong></span> <span class='ocrx_word' id='word_1_94' title='bbox 1803 1515 1906 1574; x_wconf 86' lang='lat' dir='ltr'><strong>sed</strong></span> <span class='ocrx_word' id='word_1_95' title='bbox 1962 1516 2008 1574; x_wconf 93' lang='lat' dir='ltr'><strong>ii</strong></span> <span class='ocrx_word' id='word_1_96' title='bbox 2062 1522 2268 1593; x_wconf 89' lang='lat' dir='ltr'><strong>postea</strong></span> <span class='ocrx_word' id='word_1_97' title='bbox 2325 1514 2596 1594; x_wconf 88' lang='lat' dir='ltr'><strong>partibus</strong></span> 
     </span>
     <span class='ocr_line' id='line_1_12' title="bbox 311 1619 2594 1701; baseline 0.003 -25"><span class='ocrx_word' id='word_1_98' title='bbox 311 1636 483 1696; x_wconf 87' lang='lat' dir='ltr'><strong>pravo</strong></span> <span class='ocrx_word' id='word_1_99' title='bbox 530 1619 702 1679; x_wconf 92' lang='lat' dir='ltr'><strong>modo</strong></span> <span class='ocrx_word' id='word_1_100' title='bbox 751 1620 1048 1681; x_wconf 87' lang='lat' dir='ltr'><strong>distinctis</strong></span> <span class='ocrx_word' id='word_1_101' title='bbox 1095 1623 1155 1681; x_wconf 91' lang='lat' dir='ltr'><strong>in</strong></span> <span class='ocrx_word' id='word_1_102' title='bbox 1204 1623 1469 1698; x_wconf 86' lang='lat' dir='ltr'><strong>margine</strong></span> <span class='ocrx_word' id='word_1_103' title='bbox 1508 1619 1786 1680; x_wconf 89' lang='lat' dir='ltr'><strong>videntur</strong></span> <span class='ocrx_word' id='word_1_104' title='bbox 1826 1619 2108 1699; x_wconf 84' lang='lat' dir='ltr'><strong>adscripti</strong></span> <span class='ocrx_word' id='word_1_105' title='bbox 2150 1622 2352 1701; x_wconf 87' lang='lat' dir='ltr'><strong>fuisse,</strong></span> <span class='ocrx_word' id='word_1_106' title='bbox 2392 1640 2423 1680; x_wconf 92' lang='lat' dir='ltr'><strong>e</strong></span> <span class='ocrx_word' id='word_1_107' title='bbox 2468 1625 2594 1700; x_wconf 87' lang='lat' dir='ltr'><strong>qui·</strong></span> 
     </span>
     <span class='ocr_line' id='line_1_13' title="bbox 312 1717 2593 1805; baseline 0.002 -22"><span class='ocrx_word' id='word_1_108' title='bbox 312 1722 418 1784; x_wconf 91' lang='lat' dir='ltr'><strong>bus</strong></span> <span class='ocrx_word' id='word_1_109' title='bbox 465 1734 522 1785; x_wconf 91' lang='lat' dir='ltr'><strong>et</strong></span> <span class='ocrx_word' id='word_1_110' title='bbox 568 1726 677 1785; x_wconf 88' lang='lat' dir='ltr'><strong>hoc</strong></span> <span class='ocrx_word' id='word_1_111' title='bbox 725 1726 856 1786; x_wconf 88' lang='lat' dir='ltr'><strong>loco</strong></span> <span class='ocrx_word' id='word_1_112' title='bbox 904 1731 1146 1789; x_wconf 86' lang='lat' dir='ltr'><strong>tertium</strong></span> <span class='ocrx_word' id='word_1_113' title='bbox 1194 1735 1284 1788; x_wconf 91' lang='lat' dir='ltr'><strong>est</strong></span> <span class='ocrx_word' id='word_1_114' title='bbox 1330 1736 1388 1788; x_wconf 91' lang='lat' dir='ltr'><strong>et</strong></span> <span class='ocrx_word' id='word_1_115' title='bbox 1435 1730 1496 1787; x_wconf 91' lang='lat' dir='ltr'><strong>in</strong></span> <span class='ocrx_word' id='word_1_116' title='bbox 1543 1729 1717 1787; x_wconf 92' lang='lat' dir='ltr'><strong>initio</strong></span> <span class='ocrx_word' id='word_1_117' title='bbox 1766 1717 1978 1787; x_wconf 84' lang='lat' dir='ltr'><strong>tertiae</strong></span> <span class='ocrx_word' id='word_1_118' title='bbox 2028 1730 2217 1805; x_wconf 87' lang='lat' dir='ltr'><strong>partis</strong></span> <span class='ocrx_word' id='word_1_119' title='bbox 2263 1735 2484 1803; x_wconf 82' lang='lat' dir='ltr'><strong>quarto</strong></span> <span class='ocrx_word' id='word_1_120' title='bbox 2534 1731 2593 1788; x_wconf 90' lang='lat' dir='ltr'><strong>in</strong></span> 
     </span>
     <span class='ocr_line' id='line_1_14' title="bbox 313 1832 2593 1914; baseline 0.001 -24"><span class='ocrx_word' id='word_1_121' title='bbox 313 1839 529 1892; x_wconf 86' lang='lat' dir='ltr'><strong>textum</strong></span> <span class='ocrx_word' id='word_1_122' title='bbox 579 1832 892 1894; x_wconf 90' lang='lat' dir='ltr'><strong>verborum</strong></span> <span class='ocrx_word' id='word_1_123' title='bbox 941 1841 1250 1914; x_wconf 86' lang='lat' dir='ltr'><strong>receptum</strong></span> <span class='ocrx_word' id='word_1_124' title='bbox 1299 1842 1408 1894; x_wconf 92' lang='lat' dir='ltr'><strong>est.</strong></span> <span class='ocrx_word' id='word_1_125' title='bbox 1449 1866 1532 1876; x_wconf 91' lang='grc'>-</span> <span class='ocrx_word' id='word_1_126' title='bbox 1574 1837 1697 1894; x_wconf 86' lang='lat' dir='ltr'><strong>vici</strong></span> <span class='ocrx_word' id='word_1_127' title='bbox 1742 1852 1851 1912; x_wconf 90' lang='lat' dir='ltr'><strong>pro</strong></span> <span class='ocrx_word' id='word_1_128' title='bbox 1900 1837 2164 1895; x_wconf 82' lang='lat' dir='ltr'><strong>viciniae</strong></span> <span class='ocrx_word' id='word_1_129' title='bbox 2210 1834 2593 1896; x_wconf 84' lang='lat' dir='ltr'><strong>scribendum</strong></span> 
     </span>
     <span class='ocr_line' id='line_1_15' title="bbox 314 1937 2594 2020; baseline 0.001 -22"><span class='ocrx_word' id='word_1_130' title='bbox 314 1937 552 1999; x_wconf 87' lang='lat' dir='ltr'><strong>Ursinus</strong></span> <span class='ocrx_word' id='word_1_131' title='bbox 599 1942 871 2000; x_wconf 85' lang='lat' dir='ltr'><strong>coniecit.</strong></span> <span class='ocrx_word' id='word_1_132' title='bbox 933 1944 1156 2018; x_wconf 83' lang='lat' dir='ltr'><strong>oppida</strong></span> <span class='ocrx_word' id='word_1_133' title='bbox 1196 1948 1305 2001; x_wconf 89' lang='lat' dir='ltr'><strong>aut</strong></span> <span class='ocrx_word' id='word_1_134' title='bbox 1350 1943 1472 2000; x_wconf 86' lang='lat' dir='ltr'><strong>vici</strong></span> <span class='ocrx_word' id='word_1_135' title='bbox 1518 1943 1579 2000; x_wconf 88' lang='lat' dir='ltr'><strong>in</strong></span> <span class='ocrx_word' id='word_1_136' title='bbox 1627 1943 1854 2000; x_wconf 83' lang='lat' dir='ltr'><strong>vicinia</strong></span> <span class='ocrx_word' id='word_1_137' title='bbox 1901 1941 2137 2020; x_wconf 87' lang='lat' dir='ltr'><strong>scripsi,</strong></span> <span class='ocrx_word' id='word_1_138' title='bbox 2184 1940 2340 2019; x_wconf 90' lang='lat' dir='ltr'><strong>quod</strong></span> <span class='ocrx_word' id='word_1_139' title='bbox 2390 1948 2594 2019; x_wconf 88' lang='lat' dir='ltr'><strong>postu-</strong></span> 
     </span>
     <span class='ocr_line' id='line_1_16' title="bbox 311 2043 2589 2126; baseline 0.002 -24"><span class='ocrx_word' id='word_1_140' title='bbox 311 2043 499 2107; x_wconf 87' lang='lat' dir='ltr'><strong>labant</strong></span> <span class='ocrx_word' id='word_1_141' title='bbox 543 2066 608 2107; x_wconf 92' lang='lat' dir='ltr'><strong>ea</strong></span> <span class='ocrx_word' id='word_1_142' title='bbox 657 2064 806 2125; x_wconf 91' lang='lat' dir='ltr'><strong>quae</strong></span> <span class='ocrx_word' id='word_1_143' title='bbox 854 2048 1006 2106; x_wconf 83' lang='lat' dir='ltr'><strong>infra</strong></span> <span class='ocrx_word' id='word_1_144' title='bbox 1057 2049 1276 2126; x_wconf 87' lang='lat' dir='ltr'><strong>scripta</strong></span> <span class='ocrx_word' id='word_1_145' title='bbox 1323 2054 1462 2106; x_wconf 93' lang='lat' dir='ltr'><strong>sunt</strong></span> <span class='ocrx_word' id='word_1_146' title='bbox 1508 2043 1551 2106; x_wconf 87' lang='grc'>4</span> <span class='ocrx_word' id='word_1_147' title='bbox 1597 2049 1655 2107; x_wconf 86' lang='lat' dir='ltr'><strong>si</strong></span> <span class='ocrx_word' id='word_1_148' title='bbox 1697 2050 1855 2107; x_wconf 88' lang='lat' dir='ltr'><strong>enim</strong></span> <span class='ocrx_word' id='word_1_149' title='bbox 1895 2065 1933 2106; x_wconf 92' lang='lat' dir='ltr'><strong>a</strong></span> <span class='ocrx_word' id='word_1_150' title='bbox 1964 2045 2161 2121; x_wconf 83' lang='lat' dir='ltr'><strong>fundo</strong></span> <span class='ocrx_word' id='word_1_151' title='bbox 2201 2050 2438 2121; x_wconf 73' lang='lat' dir='ltr'><strong>lonqius</strong></span> <span class='ocrx_word' id='word_1_152' title='bbox 2485 2049 2589 2107; x_wconf 84' lang='lat' dir='ltr'><strong>ab-</strong></span> 
     </span>
     <span class='ocr_line' id='line_1_17' title="bbox 314 2152 1934 2231; baseline -0.001 -19"><span class='ocrx_word' id='word_1_153' title='bbox 314 2161 445 2214; x_wconf 86' lang='lat' dir='ltr'><strong>sunt</strong></span> <span class='ocrx_word' id='word_1_154' title='bbox 489 2157 710 2230; x_wconf 85' lang='lat' dir='ltr'><strong>oppida</strong></span> <span class='ocrx_word' id='word_1_155' title='bbox 758 2161 865 2214; x_wconf 86' lang='lat' dir='ltr'><strong>aut</strong></span> <span class='ocrx_word' id='word_1_156' title='bbox 911 2157 1047 2215; x_wconf 84' lang='lat' dir='ltr'><strong>vici.</strong></span> <span class='ocrx_word' id='word_1_157' title='bbox 1100 2187 1172 2195; x_wconf 94' lang='lat'><em>-</em></span> <span class='ocrx_word' id='word_1_158' title='bbox 1229 2157 1459 2231; x_wconf 80' lang='lat' dir='ltr'><strong>copiosi</strong></span> <span class='ocrx_word' id='word_1_159' title='bbox 1503 2157 1649 2228; x_wconf 69' lang='lat' dir='ltr'><strong>aori</strong></span> <span class='ocrx_word' id='word_1_160' title='bbox 1693 2152 1934 2213; x_wconf 88' lang='lat' dir='ltr'><strong>Merula.</strong></span> 
     </span>
    </p>

    <p class='ocr_par' dir='ltr' id='par_1_3' title="bbox 312 2259 2593 2554">
     <span class='ocr_line' id='line_1_18' title="bbox 480 2259 2589 2340; baseline -0.001 -19"><span class='ocrx_word' id='word_1_161' title='bbox 480 2260 749 2332; x_wconf 88' lang='lat' dir='ltr'><strong>Quibus</strong></span> <span class='ocrx_word' id='word_1_162' title='bbox 817 2280 992 2340; x_wconf 89' lang='lat' dir='ltr'><strong>quae</strong></span> <span class='ocrx_word' id='word_1_163' title='bbox 1051 2263 1429 2339; x_wconf 87' lang='lat' dir='ltr'><strong>supersint</strong></span> <span class='ocrx_word' id='word_1_164' title='bbox 1485 2262 1741 2321; x_wconf 90' lang='lat' dir='ltr'><strong>uenire</strong></span> <span class='ocrx_word' id='word_1_165' title='bbox 1798 2262 2082 2338; x_wconf 90' lang='lat' dir='ltr'><strong>possint</strong></span> <span class='ocrx_word' id='word_1_166' title='bbox 2139 2269 2220 2319; x_wconf 88' lang='lat' dir='ltr'><strong>ut</strong></span> <span class='ocrx_word' id='word_1_167' title='bbox 2288 2259 2589 2337; x_wconf 91' lang='lat' dir='ltr'><strong>quibus-</strong></span> 
     </span>
     <span class='ocr_line' id='line_1_19' title="bbox 313 2365 2593 2447; baseline 0 -22"><span class='ocrx_word' id='word_1_168' title='bbox 313 2365 451 2426; x_wconf 92' lang='lat' dir='ltr'><strong>dam</strong></span> <span class='ocrx_word' id='word_1_169' title='bbox 508 2367 952 2446; x_wconf 87' lang='lat' dir='ltr'><strong>pedamenta]</strong></span> <span class='ocrx_word' id='word_1_170' title='bbox 1013 2370 1360 2443; x_wconf 77' lang='lat' dir='ltr'><strong>Quibusque</strong></span> <span class='ocrx_word' id='word_1_171' title='bbox 1415 2386 1574 2443; x_wconf 83' lang='lat' dir='ltr'><strong>quae</strong></span> <span class='ocrx_word' id='word_1_172' title='bbox 1629 2370 1939 2443; x_wconf 87' lang='lat' dir='ltr'><strong>supersint</strong></span> <span class='ocrx_word' id='word_1_173' title='bbox 1982 2365 2319 2447; x_wconf 82' lang='lat' dir='ltr'><strong>Iucundus,</strong></span> <span class='ocrx_word' id='word_1_174' title='bbox 2375 2368 2593 2441; x_wconf 83' lang='lat' dir='ltr'><strong>quibus</strong></span> 
     </span>
     <span class='ocr_line' id='line_1_20' title="bbox 312 2473 2404 2554; baseline 0 -22"><span class='ocrx_word' id='word_1_175' title='bbox 312 2490 458 2546; x_wconf 78' lang='lat' dir='ltr'><strong>quae</strong></span> <span class='ocrx_word' id='word_1_176' title='bbox 500 2481 825 2551; x_wconf 82' lang='lat' dir='ltr'><strong>supersunt</strong></span> <span class='ocrx_word' id='word_1_177' title='bbox 868 2475 1165 2554; x_wconf 79' lang='lat' dir='ltr'><strong>Angelius,</strong></span> <span class='ocrx_word' id='word_1_178' title='bbox 1259 2476 1621 2550; x_wconf 81' lang='lat' dir='ltr'><strong>quibusdam</strong></span> <span class='ocrx_word' id='word_1_179' title='bbox 1668 2473 1853 2533; x_wconf 92' lang='lat' dir='ltr'><strong>deleri</strong></span> <span class='ocrx_word' id='word_1_180' title='bbox 1904 2473 2089 2533; x_wconf 89' lang='lat' dir='ltr'><strong>voluit</strong></span> <span class='ocrx_word' id='word_1_181' title='bbox 2136 2473 2404 2533; x_wconf 82' lang='lat' dir='ltr'><strong>Ursinus,</strong></span> 
     </span>
    </p>

    <p class='ocr_par' dir='ltr' id='par_1_4' title="bbox 312 2569 2592 3941">
     <span class='ocr_line' id='line_1_21' title="bbox 472 2569 2592 2661; baseline -0 -20"><span class='ocrx_word' id='word_1_182' title='bbox 472 2577 515 2641; x_wconf 87' lang='grc'>4</span> <span class='ocrx_word' id='word_1_183' title='bbox 575 2580 825 2659; x_wconf 89' lang='lat' dir='ltr'><strong>Itaque</strong></span> <span class='ocrx_word' id='word_1_184' title='bbox 871 2582 942 2641; x_wconf 91' lang='lat' dir='ltr'><strong>in</strong></span> <span class='ocrx_word' id='word_1_185' title='bbox 987 2580 1119 2642; x_wconf 86' lang='lat' dir='ltr'><strong>hoc</strong></span> <span class='ocrx_word' id='word_1_186' title='bbox 1167 2569 1390 2661; x_wconf 87' lang='lat' dir='ltr'><strong>genus</strong></span> <span class='ocrx_word' id='word_1_187' title='bbox 1438 2580 1676 2641; x_wconf 89' lang='lat' dir='ltr'><strong>coloni</strong></span> <span class='ocrx_word' id='word_1_188' title='bbox 1729 2581 1972 2659; x_wconf 91' lang='lat' dir='ltr'><strong>potius</strong></span> <span class='ocrx_word' id='word_1_189' title='bbox 2022 2581 2592 2642; x_wconf 89' lang='lat' dir='ltr'><strong>anniuersarios</strong></span> 
     </span>
     <span class='ocr_line' id='line_1_22' title="bbox 312 2683 2590 2767; baseline 0.003 -25"><span class='ocrx_word' id='word_1_190' title='bbox 312 2683 561 2747; x_wconf 84' lang='lat' dir='ltr'><strong>babent</strong></span> <span class='ocrx_word' id='word_1_191' title='bbox 606 2689 892 2748; x_wconf 87' lang='lat' dir='ltr'><strong>uicinos</strong></span> <span class='ocrx_word' id='word_1_192' title='bbox 932 2688 1192 2767; x_wconf 88' lang='lat' dir='ltr'><strong>quibus</strong></span> <span class='ocrx_word' id='word_1_193' title='bbox 1229 2691 1591 2767; x_wconf 87' lang='lat' dir='ltr'><strong>imperent</strong></span> <span class='ocrx_word' id='word_1_194' title='bbox 1628 2688 1949 2748; x_wconf 88' lang='lat' dir='ltr'><strong>medicos</strong></span> <span class='ocrx_word' id='word_1_195' title='bbox 1988 2686 2304 2748; x_wconf 86' lang='lat' dir='ltr'><strong>fullones</strong></span> <span class='ocrx_word' id='word_1_196' title='bbox 2343 2687 2590 2748; x_wconf 84' lang='lat' dir='ltr'><strong>fabros</strong></span> 
     </span>
     <span class='ocr_line' id='line_1_23' title="bbox 312 2784 2590 2873; baseline 0.001 -22"><span class='ocrx_word' id='word_1_197' title='bbox 312 2810 501 2868; x_wconf 83' lang='lat' dir='ltr'><strong>quam</strong></span> <span class='ocrx_word' id='word_1_198' title='bbox 556 2797 625 2855; x_wconf 93' lang='lat' dir='ltr'><strong>in</strong></span> <span class='ocrx_word' id='word_1_199' title='bbox 683 2794 856 2856; x_wconf 90' lang='lat' dir='ltr'><strong>uilla</strong></span> <span class='ocrx_word' id='word_1_200' title='bbox 913 2814 1084 2856; x_wconf 89' lang='lat' dir='ltr'><strong>suos</strong></span> <span class='ocrx_word' id='word_1_201' title='bbox 1139 2784 1477 2872; x_wconf 84' lang='lat' dir='ltr'><strong>habeant]</strong></span> <span class='ocrx_word' id='word_1_202' title='bbox 1527 2797 1843 2873; x_wconf 83' lang='lat' dir='ltr'><strong>Imperant</strong></span> <span class='ocrx_word' id='word_1_203' title='bbox 1897 2814 1967 2855; x_wconf 87' lang='lat' dir='ltr'><strong>ex</strong></span> <span class='ocrx_word' id='word_1_204' title='bbox 2025 2794 2284 2855; x_wconf 89' lang='lat' dir='ltr'><strong>secunda</strong></span> <span class='ocrx_word' id='word_1_205' title='bbox 2332 2794 2590 2854; x_wconf 91' lang='lat' dir='ltr'><strong>editione</strong></span> 
     </span>
     <span class='ocr_line' id='line_1_24' title="bbox 313 2894 2588 2982; baseline 0.002 -27"><span class='ocrx_word' id='word_1_206' title='bbox 313 2894 539 2960; x_wconf 88' lang='lat' dir='ltr'><strong>Victorii</strong></span> <span class='ocrx_word' id='word_1_207' title='bbox 578 2901 878 2980; x_wconf 87' lang='lat' dir='ltr'><strong>vulgatum</strong></span> <span class='ocrx_word' id='word_1_208' title='bbox 918 2912 1059 2963; x_wconf 85' lang='lat' dir='ltr'><strong>erat.</strong></span> <span class='ocrx_word' id='word_1_209' title='bbox 1106 2911 1415 2982; x_wconf 88' lang='lat' dir='ltr'><strong>praeterea</strong></span> <span class='ocrx_word' id='word_1_210' title='bbox 1443 2920 1624 2981; x_wconf 91' lang='lat' dir='ltr'><strong>prave</strong></span> <span class='ocrx_word' id='word_1_211' title='bbox 1664 2903 1979 2963; x_wconf 87' lang='lat' dir='ltr'><strong>coniuncta</strong></span> <span class='ocrx_word' id='word_1_212' title='bbox 2011 2899 2357 2961; x_wconf 86' lang='lat' dir='ltr'><strong>ferebantur</strong></span> <span class='ocrx_word' id='word_1_213' title='bbox 2394 2901 2588 2980; x_wconf 86' lang='lat' dir='ltr'><strong>verba,</strong></span> 
     </span>
     <span class='ocr_line' id='line_1_25' title="bbox 312 3008 2589 3088; baseline 0.001 -24"><span class='ocrx_word' id='word_1_214' title='bbox 312 3008 514 3077; x_wconf 83' lang='lat' dir='ltr'><strong>quibus</strong></span> <span class='ocrx_word' id='word_1_215' title='bbox 569 3011 872 3085; x_wconf 88' lang='lat' dir='ltr'><strong>imperant</strong></span> <span class='ocrx_word' id='word_1_216' title='bbox 928 3013 1217 3086; x_wconf 84' lang='lat' dir='ltr'><strong>medicos,</strong></span> <span class='ocrx_word' id='word_1_217' title='bbox 1275 3008 1348 3069; x_wconf 92' lang='lat' dir='ltr'><strong>de</strong></span> <span class='ocrx_word' id='word_1_218' title='bbox 1406 3027 1523 3088; x_wconf 88' lang='lat' dir='ltr'><strong>quo</strong></span> <span class='ocrx_word' id='word_1_219' title='bbox 1583 3008 1985 3069; x_wconf 84' lang='lat' dir='ltr'><strong>Schneiderus</strong></span> <span class='ocrx_word' id='word_1_220' title='bbox 2052 3009 2296 3067; x_wconf 89' lang='lat' dir='ltr'><strong>monuit.</strong></span> <span class='ocrx_word' id='word_1_221' title='bbox 2389 3009 2589 3086; x_wconf 90' lang='lat' dir='ltr'><strong>itaque</strong></span> 
     </span>
     <span class='ocr_line' id='line_1_26' title="bbox 313 3114 2590 3192; baseline 0.003 -24"><span class='ocrx_word' id='word_1_222' title='bbox 313 3114 511 3190; x_wconf 82' lang='lat' dir='ltr'><strong>scripsi</strong></span> <span class='ocrx_word' id='word_1_223' title='bbox 564 3117 791 3176; x_wconf 80' lang='lat' dir='ltr'><strong>habent</strong></span> <span class='ocrx_word' id='word_1_224' title='bbox 845 3119 1098 3191; x_wconf 77' lang='lat' dir='ltr'><strong>vicinOS,</strong></span> <span class='ocrx_word' id='word_1_225' title='bbox 1154 3119 1371 3191; x_wconf 81' lang='lat' dir='ltr'><strong>quibus</strong></span> <span class='ocrx_word' id='word_1_226' title='bbox 1430 3119 1753 3192; x_wconf 88' lang='lat' dir='ltr'><strong>imperent,</strong></span> <span class='ocrx_word' id='word_1_227' title='bbox 1810 3117 2090 3176; x_wconf 55' lang='lat' dir='ltr'><strong>medicos</strong></span> <span class='ocrx_word' id='word_1_228' title='bbox 2183 3132 2318 3173; x_wconf 91' lang='lat' dir='ltr'><strong>nam</strong></span> <span class='ocrx_word' id='word_1_229' title='bbox 2376 3115 2590 3174; x_wconf 87' lang='lat' dir='ltr'><strong>medici</strong></span> 
     </span>
     <span class='ocr_line' id='line_1_27' title="bbox 319 3216 2589 3301; baseline 0.002 -28"><span class='ocrx_word' id='word_1_230' title='bbox 319 3216 552 3281; x_wconf 78' lang='lat' dir='ltr'><strong>fullones</strong></span> <span class='ocrx_word' id='word_1_231' title='bbox 600 3221 747 3282; x_wconf 82' lang='lat' dir='ltr'><strong>fabri</strong></span> <span class='ocrx_word' id='word_1_232' title='bbox 790 3230 931 3282; x_wconf 91' lang='lat' dir='ltr'><strong>sunt</strong></span> <span class='ocrx_word' id='word_1_233' title='bbox 977 3224 1173 3298; x_wconf 88' lang='lat' dir='ltr'><strong>vicini,</strong></span> <span class='ocrx_word' id='word_1_234' title='bbox 1213 3241 1364 3301; x_wconf 91' lang='lat' dir='ltr'><strong>quos</strong></span> <span class='ocrx_word' id='word_1_235' title='bbox 1412 3223 1848 3282; x_wconf 87' lang='lat' dir='ltr'><strong>anniversarios</strong></span> <span class='ocrx_word' id='word_1_236' title='bbox 1894 3219 2115 3281; x_wconf 91' lang='lat' dir='ltr'><strong>habent</strong></span> <span class='ocrx_word' id='word_1_237' title='bbox 2162 3219 2374 3300; x_wconf 88' lang='lat' dir='ltr'><strong>coloni,</strong></span> <span class='ocrx_word' id='word_1_238' title='bbox 2414 3229 2480 3279; x_wconf 88' lang='lat' dir='ltr'><strong>ut</strong></span> <span class='ocrx_word' id='word_1_239' title='bbox 2516 3221 2589 3279; x_wconf 93' lang='lat' dir='ltr'><strong>iis</strong></span> 
     </span>
     <span class='ocr_line' id='line_1_28' title="bbox 313 3323 2588 3410; baseline 0.001 -27"><span class='ocrx_word' id='word_1_240' title='bbox 313 3323 605 3402; x_wconf 91' lang='lat' dir='ltr'><strong>imperent.</strong></span> <span class='ocrx_word' id='word_1_241' title='bbox 672 3331 737 3389; x_wconf 79' lang='lat' dir='ltr'><strong>in</strong></span> <span class='ocrx_word' id='word_1_242' title='bbox 783 3330 899 3389; x_wconf 80' lang='lat' dir='ltr'><strong>hoc</strong></span> <span class='ocrx_word' id='word_1_243' title='bbox 940 3348 1136 3404; x_wconf 66' lang='lat' dir='ltr'><strong>oenus</strong></span> <span class='ocrx_word' id='word_1_244' title='bbox 1184 3338 1382 3389; x_wconf 88' lang='lat' dir='ltr'><strong>autem</strong></span> <span class='ocrx_word' id='word_1_245' title='bbox 1430 3330 1481 3388; x_wconf 92' lang='lat' dir='ltr'><strong>si</strong></span> <span class='ocrx_word' id='word_1_246' title='bbox 1529 3346 1733 3388; x_wconf 89' lang='lat' dir='ltr'><strong>verum</strong></span> <span class='ocrx_word' id='word_1_247' title='bbox 1784 3336 1892 3410; x_wconf 87' lang='lat' dir='ltr'><strong>est,</strong></span> <span class='ocrx_word' id='word_1_248' title='bbox 1931 3345 2111 3406; x_wconf 93' lang='lat' dir='ltr'><strong>opera</strong></span> <span class='ocrx_word' id='word_1_249' title='bbox 2160 3327 2588 3406; x_wconf 72' lang='lat' dir='ltr'><strong>significantur,</strong></span> 
     </span>
     <span class='ocr_line' id='line_1_29' title="bbox 318 3428 2589 3514; baseline 0.002 -25"><span class='ocrx_word' id='word_1_250' title='bbox 318 3428 378 3488; x_wconf 85' lang='lat' dir='ltr'><strong>ad</strong></span> <span class='ocrx_word' id='word_1_251' title='bbox 424 3450 568 3510; x_wconf 88' lang='lat' dir='ltr'><strong>quae</strong></span> <span class='ocrx_word' id='word_1_252' title='bbox 618 3436 797 3495; x_wconf 87' lang='lat' dir='ltr'><strong>vicini</strong></span> <span class='ocrx_word' id='word_1_253' title='bbox 843 3434 1111 3495; x_wconf 90' lang='lat' dir='ltr'><strong>adhiberi</strong></span> <span class='ocrx_word' id='word_1_254' title='bbox 1158 3434 1376 3495; x_wconf 84' lang='lat' dir='ltr'><strong>solent:</strong></span> <span class='ocrx_word' id='word_1_255' title='bbox 1426 3430 1598 3514; x_wconf 80' lang='lat' dir='ltr'><strong>‘agro</strong></span> <span class='ocrx_word' id='word_1_256' title='bbox 1648 3453 1755 3494; x_wconf 88' lang='lat' dir='ltr'><strong>seu</strong></span> <span class='ocrx_word' id='word_1_257' title='bbox 1797 3433 1964 3493; x_wconf 87' lang='lat' dir='ltr'><strong>villae</strong></span> <span class='ocrx_word' id='word_1_258' title='bbox 2012 3429 2145 3493; x_wconf 85' lang='lat' dir='ltr'><strong>tali&#39;</strong></span> <span class='ocrx_word' id='word_1_259' title='bbox 2186 3432 2589 3495; x_wconf 84' lang='lat' dir='ltr'><strong>Schneiderus</strong></span> 
     </span>
     <span class='ocr_line' id='line_1_30' title="bbox 317 3533 2591 3620; baseline 0.004 -29"><span class='ocrx_word' id='word_1_260' title='bbox 317 3533 748 3616; x_wconf 86' lang='lat' dir='ltr'><strong>interpretatur.</strong></span> <span class='ocrx_word' id='word_1_261' title='bbox 814 3540 916 3601; x_wconf 89' lang='lat' dir='ltr'><strong>sed</strong></span> <span class='ocrx_word' id='word_1_262' title='bbox 966 3544 1166 3620; x_wconf 87' lang='lat' dir='ltr'><strong>potius</strong></span> <span class='ocrx_word' id='word_1_263' title='bbox 1213 3543 1429 3602; x_wconf 90' lang='lat' dir='ltr'><strong>omissa</strong></span> <span class='ocrx_word' id='word_1_264' title='bbox 1477 3542 1915 3620; x_wconf 88' lang='lat' dir='ltr'><strong>praepositione</strong></span> <span class='ocrx_word' id='word_1_265' title='bbox 1965 3537 2345 3613; x_wconf 78' lang='lat' dir='ltr'><strong>scribendum</strong></span> <span class='ocrx_word' id='word_1_266' title='bbox 2387 3543 2591 3614; x_wconf 83' lang='lat' dir='ltr'><strong>itaque</strong></span> 
     </span>
     <span class='ocr_line' id='line_1_31' title="bbox 316 3641 2589 3728; baseline 0 -25"><span class='ocrx_word' id='word_1_267' title='bbox 316 3641 417 3702; x_wconf 82' lang='lat' dir='ltr'><strong>hoc</strong></span> <span class='ocrx_word' id='word_1_268' title='bbox 472 3663 663 3720; x_wconf 65' lang='lat' dir='ltr'><strong>glenus</strong></span> <span class='ocrx_word' id='word_1_269' title='bbox 729 3651 944 3708; x_wconf 82' lang='lat' dir='ltr'><strong>coloni.</strong></span> <span class='ocrx_word' id='word_1_270' title='bbox 1036 3648 1265 3728; x_wconf 86' lang='lat' dir='ltr'><strong>coloni,</strong></span> <span class='ocrx_word' id='word_1_271' title='bbox 1327 3650 1430 3727; x_wconf 91' lang='lat' dir='ltr'><strong>qui</strong></span> <span class='ocrx_word' id='word_1_272' title='bbox 1496 3647 1711 3727; x_wconf 93' lang='lat' dir='ltr'><strong>oppida</strong></span> <span class='ocrx_word' id='word_1_273' title='bbox 1776 3656 1877 3706; x_wconf 89' lang='lat' dir='ltr'><strong>aut</strong></span> <span class='ocrx_word' id='word_1_274' title='bbox 1937 3647 2096 3705; x_wconf 86' lang='lat' dir='ltr'><strong>vicos</strong></span> <span class='ocrx_word' id='word_1_275' title='bbox 2161 3652 2262 3705; x_wconf 90' lang='lat' dir='ltr'><strong>aut</strong></span> <span class='ocrx_word' id='word_1_276' title='bbox 2317 3647 2589 3723; x_wconf 86' lang='lat' dir='ltr'><strong>copiosos</strong></span> 
     </span>
     <span class='ocr_line' id='line_1_32' title="bbox 319 3743 2589 3835; baseline 0.004 -33"><span class='ocrx_word' id='word_1_277' title='bbox 319 3743 543 3815; x_wconf 86' lang='lat' dir='ltr'><strong>divitum</strong></span> <span class='ocrx_word' id='word_1_278' title='bbox 591 3770 766 3831; x_wconf 87' lang='lat' dir='ltr'><strong>agros</strong></span> <span class='ocrx_word' id='word_1_279' title='bbox 813 3755 873 3813; x_wconf 88' lang='lat' dir='ltr'><strong>in</strong></span> <span class='ocrx_word' id='word_1_280' title='bbox 925 3755 1135 3814; x_wconf 85' lang='lat' dir='ltr'><strong>vicinia</strong></span> <span class='ocrx_word' id='word_1_281' title='bbox 1182 3754 1420 3835; x_wconf 90' lang='lat' dir='ltr'><strong>habent,</strong></span> <span class='ocrx_word' id='word_1_282' title='bbox 1458 3772 1526 3815; x_wconf 85' lang='lat' dir='ltr'><strong>ex</strong></span> <span class='ocrx_word' id='word_1_283' title='bbox 1566 3752 1660 3813; x_wconf 91' lang='lat' dir='ltr'><strong>bis</strong></span> <span class='ocrx_word' id='word_1_284' title='bbox 1701 3752 2027 3812; x_wconf 85' lang='lat' dir='ltr'><strong>conductos</strong></span> <span class='ocrx_word' id='word_1_285' title='bbox 2064 3750 2286 3812; x_wconf 86' lang='lat' dir='ltr'><strong>habent</strong></span> <span class='ocrx_word' id='word_1_286' title='bbox 2327 3752 2589 3813; x_wconf 87' lang='lat' dir='ltr'><strong>medicos</strong></span> 
     </span>
     <span class='ocr_line' id='line_1_33' title="bbox 322 3852 2085 3941; baseline 0.005 -30"><span class='ocrx_word' id='word_1_287' title='bbox 322 3852 551 3918; x_wconf 78' lang='lat' dir='ltr'><strong>fullones</strong></span> <span class='ocrx_word' id='word_1_288' title='bbox 598 3857 814 3941; x_wconf 81' lang='lat' dir='ltr'><strong>fabroS,</strong></span> <span class='ocrx_word' id='word_1_289' title='bbox 863 3878 1013 3939; x_wconf 91' lang='lat' dir='ltr'><strong>quos</strong></span> <span class='ocrx_word' id='word_1_290' title='bbox 1060 3862 1122 3920; x_wconf 93' lang='lat' dir='ltr'><strong>in</strong></span> <span class='ocrx_word' id='word_1_291' title='bbox 1168 3859 1299 3920; x_wconf 87' lang='lat' dir='ltr'><strong>villa</strong></span> <span class='ocrx_word' id='word_1_292' title='bbox 1348 3859 1568 3919; x_wconf 88' lang='lat' dir='ltr'><strong>habere</strong></span> <span class='ocrx_word' id='word_1_293' title='bbox 1619 3858 1812 3919; x_wconf 88' lang='lat' dir='ltr'><strong>solent</strong></span> <span class='ocrx_word' id='word_1_294' title='bbox 1858 3858 2085 3919; x_wconf 69' lang='lat' dir='ltr'><strong>divites</strong></span> 
     </span>
    </p>

    <p class='ocr_par' dir='ltr' id='par_1_5' title="bbox 318 3964 2590 4260">
     <span class='ocr_line' id='line_1_34' title="bbox 475 3964 2589 4046; baseline 0 -21"><span class='ocrx_word' id='word_1_295' title='bbox 475 3965 784 4036; x_wconf 85' lang='lat' dir='ltr'><strong>Quorum</strong></span> <span class='ocrx_word' id='word_1_296' title='bbox 864 3984 1386 4046; x_wconf 90' lang='lat' dir='ltr'><strong>nonnumquam</strong></span> <span class='ocrx_word' id='word_1_297' title='bbox 1474 3967 1686 4026; x_wconf 88' lang='lat' dir='ltr'><strong>unius</strong></span> <span class='ocrx_word' id='word_1_298' title='bbox 1762 3965 2081 4024; x_wconf 78' lang='lat' dir='ltr'><strong>artificis</strong></span> <span class='ocrx_word' id='word_1_299' title='bbox 2163 3983 2305 4024; x_wconf 92' lang='lat' dir='ltr'><strong>mos</strong></span> <span class='ocrx_word' id='word_1_300' title='bbox 2389 3964 2589 4025; x_wconf 87' lang='lat' dir='ltr'><strong>tollit</strong></span> 
     </span>
     <span class='ocr_line' id='line_1_35' title="bbox 318 4064 2590 4149; baseline 0.004 -26"><span class='ocrx_word' id='word_1_301' title='bbox 318 4064 496 4130; x_wconf 80' lang='lat' dir='ltr'><strong>fundi</strong></span> <span class='ocrx_word' id='word_1_302' title='bbox 542 4073 783 4133; x_wconf 82' lang='lat' dir='ltr'><strong>fructu</strong></span> <span class='ocrx_word' id='word_1_303' title='bbox 802 4071 885 4149; x_wconf 89' lang='lat' dir='ltr'><strong>m]</strong></span> <span class='ocrx_word' id='word_1_304' title='bbox 934 4075 1111 4146; x_wconf 79' lang='lat' dir='ltr'><strong>Quod</strong></span> <span class='ocrx_word' id='word_1_305' title='bbox 1156 4090 1587 4147; x_wconf 80' lang='lat' dir='ltr'><strong>nonnunquam</strong></span> <span class='ocrx_word' id='word_1_306' title='bbox 1626 4074 1807 4132; x_wconf 87' lang='lat' dir='ltr'><strong>unius</strong></span> <span class='ocrx_word' id='word_1_307' title='bbox 1846 4074 2106 4144; x_wconf 76' lang='lat' dir='ltr'><strong>artificis</strong></span> <span class='ocrx_word' id='word_1_308' title='bbox 2148 4089 2309 4132; x_wconf 87' lang='lat' dir='ltr'><strong>mors</strong></span> <span class='ocrx_word' id='word_1_309' title='bbox 2347 4071 2590 4132; x_wconf 85' lang='lat' dir='ltr'><strong>Merula.</strong></span> 
     </span>
     <span class='ocr_line' id='line_1_36' title="bbox 320 4179 1714 4260; baseline 0.004 -28"><span class='ocrx_word' id='word_1_310' title='bbox 320 4189 552 4244; x_wconf 82' lang='lat' dir='ltr'><strong>quorum</strong></span> <span class='ocrx_word' id='word_1_311' title='bbox 598 4198 670 4239; x_wconf 87' lang='lat' dir='ltr'><strong>ex</strong></span> <span class='ocrx_word' id='word_1_312' title='bbox 720 4179 1038 4260; x_wconf 78' lang='lat' dir='ltr'><strong>archetypo</strong></span> <span class='ocrx_word' id='word_1_313' title='bbox 1087 4179 1386 4241; x_wconf 86' lang='lat' dir='ltr'><strong>Victorius</strong></span> <span class='ocrx_word' id='word_1_314' title='bbox 1434 4181 1714 4241; x_wconf 89' lang='lat' dir='ltr'><strong>restituit.</strong></span> 
     </span>
    </p>

    <p class='ocr_par' dir='ltr' id='par_1_6' title="bbox 321 4283 2588 4580">
     <span class='ocr_line' id='line_1_37' title="bbox 474 4283 2582 4365; baseline -0.001 -18"><span class='ocrx_word' id='word_1_315' title='bbox 474 4285 684 4356; x_wconf 85' lang='lat' dir='ltr'><strong>Quam</strong></span> <span class='ocrx_word' id='word_1_316' title='bbox 768 4294 1042 4365; x_wconf 84' lang='lat' dir='ltr'><strong>partem</strong></span> <span class='ocrx_word' id='word_1_317' title='bbox 1124 4286 1467 4347; x_wconf 80' lang='lat' dir='ltr'><strong>latifundi</strong></span> <span class='ocrx_word' id='word_1_318' title='bbox 1549 4285 1818 4347; x_wconf 88' lang='lat' dir='ltr'><strong>diuites</strong></span> <span class='ocrx_word' id='word_1_319' title='bbox 1903 4283 2294 4343; x_wconf 88' lang='lat' dir='ltr'><strong>domestica</strong></span> <span class='ocrx_word' id='word_1_320' title='bbox 2379 4287 2582 4364; x_wconf 86' lang='lat' dir='ltr'><strong>copia</strong></span> 
     </span>
     <span class='ocr_line' id='line_1_38' title="bbox 321 4389 2588 4472; baseline 0 -24"><span class='ocrx_word' id='word_1_321' title='bbox 321 4392 626 4453; x_wconf 87' lang='lat' dir='ltr'><strong>mandare</strong></span> <span class='ocrx_word' id='word_1_322' title='bbox 684 4393 949 4471; x_wconf 89' lang='lat' dir='ltr'><strong>solent]</strong></span> <span class='ocrx_word' id='word_1_323' title='bbox 998 4392 1349 4468; x_wconf 84' lang='lat' dir='ltr'><strong>Latifundii</strong></span> <span class='ocrx_word' id='word_1_324' title='bbox 1401 4394 1614 4454; x_wconf 84' lang='lat' dir='ltr'><strong>divites</strong></span> <span class='ocrx_word' id='word_1_325' title='bbox 1671 4393 2034 4453; x_wconf 77' lang='lat' dir='ltr'><strong>domesticae</strong></span> <span class='ocrx_word' id='word_1_326' title='bbox 2088 4393 2301 4466; x_wconf 87' lang='lat' dir='ltr'><strong>copiae</strong></span> <span class='ocrx_word' id='word_1_327' title='bbox 2347 4389 2588 4472; x_wconf 87' lang='lat' dir='ltr'><strong>Merula,</strong></span> 
     </span>
     <span class='ocr_line' id='line_1_39' title="bbox 328 4495 2587 4580; baseline 0 -24"><span class='ocrx_word' id='word_1_328' title='bbox 328 4509 456 4569; x_wconf 87' lang='lat' dir='ltr'><strong>quae</strong></span> <span class='ocrx_word' id='word_1_329' title='bbox 499 4518 712 4580; x_wconf 84' lang='lat' dir='ltr'><strong>parum</strong></span> <span class='ocrx_word' id='word_1_330' title='bbox 761 4499 1130 4561; x_wconf 88' lang='lat' dir='ltr'><strong>considerate</strong></span> <span class='ocrx_word' id='word_1_331' title='bbox 1179 4498 1431 4560; x_wconf 88' lang='lat' dir='ltr'><strong>Ursinus</strong></span> <span class='ocrx_word' id='word_1_332' title='bbox 1477 4501 1903 4579; x_wconf 86' lang='lat' dir='ltr'><strong>interpretatus</strong></span> <span class='ocrx_word' id='word_1_333' title='bbox 1952 4503 2060 4578; x_wconf 87' lang='lat' dir='ltr'><strong>est,</strong></span> <span class='ocrx_word' id='word_1_334' title='bbox 2108 4495 2400 4556; x_wconf 85' lang='lat' dir='ltr'><strong>latifundii</strong></span> <span class='ocrx_word' id='word_1_335' title='bbox 2448 4495 2587 4557; x_wconf 89' lang='lat' dir='ltr'><strong>divi-</strong></span> 
     </span>
    </p>
   </div>
  </div>
 </body>
</html>
