3178 5185
495 389 626 453 284
1180 395 1560 451 COMMENT.
1598 396 1679 449 IN
1713 387 2089 449 VARRONIS

499 552 841 632 ligurriunt,
892 552 1048 611 sicut
1092 568 1360 630 muscae,
1418 568 1553 630 quo,
1591 549 1648 609 h.
1687 568 1737 609 e.
1775 556 2023 628 propter
2061 567 2237 627 quam
2275 566 2453 627 apum
2502 555 2791 628 naturam,

504 661 569 720 fit
615 668 680 720 ut
728 676 901 719 nemo
950 676 1048 718 eas
1095 658 1290 718 videat
1335 660 1395 717 in
1443 675 1623 718 carne
1668 655 2065 718 considentes,

678 765 842 826 Ideo
901 764 1102 825 modo
1143 764 1549 825 ‘considunt
1595 767 1665 825 in
1715 780 2017 844 quorum
2063 780 2274 841 sapor
2312 759 2789 838 dulciSJIdeo

502 875 676 934 modo
724 873 918 931 omnia
967 869 1319 952 apographa,
1367 874 1502 932 ideo
1547 874 1723 933 modo
1769 888 1840 931 eo
1876 868 2205 929 Politianus
2251 870 2314 943 in
2352 869 2624 947 principe
2671 866 2791 927 edi-

500 981 662 1040 tione
711 996 829 1039 non
877 980 1156 1040 correxit.
1250 982 1311 1038 in
1358 996 1474 1053 quo
1525 985 1615 1039 est
1667 995 1853 1053 sapor
1900 979 2098 1055 dulcis
2154 974 2309 1035 edita
2364 973 2503 1034 inde
2551 992 2585 1034 a
2629 975 2791 1053 prin-

498 1088 628 1165 cipe
687 1084 947 1144 editione
1011 1082 1384 1163 exemplaria.
1477 1087 1540 1143 in
1607 1100 1675 1143 eo
1736 1085 1913 1143 modo
1975 1084 2303 1142 considunt
2355 1079 2795 1160 Schoettgenus

499 1192 654 1271 apud
713 1191 1041 1251 Gesnerum
1102 1191 1371 1251 coniecit.
1458 1191 1600 1272 ,ideo
1657 1191 1831 1249 modo
1898 1190 2223 1249 considunt
2275 1190 2339 1261 in
2395 1190 2481 1248 eis
2536 1175 2795 1262 quorum

500 1318 686 1377 sapor
743 1302 940 1360 dulcis
996 1299 1226 1377 scripsi.
1320 1296 1652 1357 reflectitur
1711 1297 1868 1356 enim
1927 1296 2112 1355 oratio
2161 1294 2232 1353 ad
2289 1311 2357 1353 ea
2414 1311 2565 1371 quae
2623 1300 2796 1353 antea

504 1408 725 1485 scripta
772 1412 960 1485 erant,
1007 1408 1213 1479 itaque
1257 1407 1426 1464 nulla
1472 1406 1695 1465 harum
1742 1405 1971 1463 adsidit
2017 1405 2079 1462 in
2125 1405 2256 1477 loco
2305 1404 2639 1476 inquinato.

681 1510 716 1573 7
782 1510 978 1597 Quod
1027 1509 1302 1571 nullius
1351 1529 1526 1588 opus
1574 1509 1930 1570 uellicans
1977 1508 2152 1568 facit
2191 1507 2523 1567 deterius
2563 1524 2793 1586 neque

499 1622 755 1699 ignaua
787 1629 1038 1678 utnon
1079 1619 1200 1695 qui
1229 1619 1382 1677 eius
1422 1624 1726 1677 conetur
1764 1615 2182 1676 disturbare
2221 1616 2523 1674 resistat
2562 1632 2793 1692 neque

499 1736 733 1787 tamen
782 1727 1027 1785 nescia
1078 1742 1245 1784 suae
1302 1721 1879 1801 imbecillitatis]
1940 1724 2088 1782 Eius
2132 1720 2461 1781 Politianus
2510 1739 2542 1778 e
2591 1719 2794 1779 codice

502 1851 622 1893 non
681 1832 980 1910 adnotavit
1035 1829 1289 1891 lectione
1343 1832 1633 1910 principis
1690 1829 1968 1889 editionis
2024 1833 2084 1890 ei
2135 1832 2242 1903 qui
2284 1834 2540 1889 conetur
2585 1845 2794 1906 parum

502 1946 776 1999 accurate
845 1946 1131 1997 correcta.
1232 1941 1291 1997 ei
1353 1941 1460 2012 qui
1513 1940 1644 1998 eius
1700 1954 1848 2013 opus
1904 1942 2158 1996 conetur
2218 1953 2290 1994 ex
2347 1932 2551 1994 codice
2612 1951 2671 1993 m
2734 1935 2798 1993 in

502 2045 767 2122 Aldinam
818 2044 1138 2105 editionem
1184 2052 1492 2124 receptum
1543 2051 1602 2104 et
1651 2043 1864 2104 deinde
1913 2041 1985 2102 ad
2033 2040 2292 2121 reliquas
2331 2040 2625 2102 editiones
2663 2060 2797 2120 pro-

500 2160 778 2232 pagatum
818 2159 960 2211 erat.
1046 2153 1287 2212 restitui
1323 2151 1638 2211 lectionem
1679 2150 2000 2231 archetypi,
2029 2151 2087 2209 in
2130 2166 2242 2227 qua
2274 2167 2345 2208 ex
2382 2146 2797 2227 superioribus

502 2277 717 2319 nomen
766 2277 913 2335 opus
959 2260 1152 2336 repeti
1202 2260 1440 2337 poterit.
1534 2255 1743 2317 similis
1804 2254 2041 2316 dicendi
2095 2254 2353 2315 brevitas
2401 2263 2493 2314 est
2547 2252 2574 2313 Ι
2617 2251 2672 2336 1,
2715 2251 2798 2315 10

502 2370 577 2428 de
624 2366 908 2441 Maqom's
965 2368 1233 2443 dempsit.
1328 2373 1594 2425 ceterum
1654 2362 1726 2422 de
1785 2373 1995 2424 natura
2058 2380 2233 2441 apum
2290 2360 2459 2440 plura
2515 2359 2798 2439 leguntur

499 2476 562 2533 in
609 2473 950 2551 geoponicis
1000 2469 1099 2530 XV
1139 2469 1207 2552 3,
1244 2467 1314 2552 5,
1374 2461 1527 2531 οὔτε
1584 2466 1971 2550 λυμαίνεται
2026 2459 2184 2540 τοὺς
2244 2459 2468 2528 ἄλλων
2524 2462 2797 2546 πόνους,

499 2571 827 2661 ἀμύνεται
892 2572 1119 2657 μέντοι
1186 2574 1584 2660 ἰσχυρότατα
1648 2596 1806 2650 τους
1870 2574 2317 2657 λυμαίνεσθαι
2371 2562 2532 2648 τόὺς
2587 2568 2799 2654 αὐτῆς

505 2679 1065 2765 ἐπιβαλλομένους
1129 2677 1400 2758 πόνους.
1514 2682 1734 2745 εἰδυῖα
1809 2676 1882 2745 δὲ
1959 2675 2080 2763 τὴν
2154 2673 2360 2761 αὐτῆς
2433 2673 2798 2743 ἀσθένειαν

505 2784 742 2865 στενὰς
787 2798 969 2853 ποιεῖ
1007 2785 1119 2852 καὶ
1168 2785 1291 2852 οὐκ
1338 2789 1431 2865 εἰς
1478 2782 1654 2852 εὐθὺ
1689 2784 2088 2870 τεταγμένας
2131 2784 2250 2862 τὰς
2298 2787 2390 2862 εἰς
2426 2779 2546 2850 τὸν
2594 2782 2800 2868 αὐτῆς

507 2892 695 2963 οἶκον
743 2893 1067 2972 εἰσόδους.
1141 2891 1298 2972 τοὺς
1337 2883 1462 2960 οὖν
1502 2890 2103 2979 εἰσπορευομένους
2141 2890 2246 2957 ἐπὶ
2275 2888 2492 2977 βλάβῃ
2531 2894 2801 2967 πλείους

503 3010 896 3094 περιστᾶσαι
954 3002 1201 3089 ῥαδίως
1255 3002 1684 3086 καθαιροῦσι.
1786 2997 2013 3083 θέλγει
2080 2995 2153 3063 δὲ
2216 3000 2416 3064 τοῦτο
2482 2994 2558 3063 τὸ
2629 3001 2800 3086 ζῷον

502 3108 612 3176 καὶ
658 3109 1011 3175 κάλλιστον
1059 3106 1275 3191 μέλος,
1324 3102 1492 3173 ὅθεν
1551 3108 1621 3190 οἰ
1654 3103 2126 3192 μελισσουργοὶ
2167 3102 2800 3190 διασκορπιζομένας

505 3212 711 3293 αὐτὰς
746 3218 1260 3301 κυμβαλίζοντες
1296 3208 1336 3297 ἢ
1366 3210 1483 3291 τὰς
1512 3225 1734 3300 χεῖρας
1774 3208 2130 3298 εὐρύθμως
2167 3213 2563 3298 κροτοῦντες
2600 3207 2798 3277 συνᾶ-

505 3342 763 3409 γουσιν.
858 3326 1014 3388 unde
1063 3325 1314 3386 Ursinus
1372 3343 1439 3384 ea
1498 3343 1648 3404 quae
1709 3344 1739 3384 a
1787 3342 1999 3403 graeco
2058 3325 2349 3401 scriptore
2407 3322 2602 3383 addita
2659 3328 2800 3400 sunt

508 3435 646 3495 olim
688 3434 840 3512 apud
880 3433 1201 3493 Varronem
1235 3451 1471 3512 quoque
1503 3434 1725 3511 scripta
1768 3432 1949 3491 fuisse
1991 3432 2242 3510 putavit3
2280 3428 2523 3489 lacunae
2565 3430 2799 3507 signum

508 3549 642 3621 post
691 3543 1100 3602 inbecillitatis
1146 3547 1480 3618 posuerunt
1527 3538 1831 3598 Gesnerus
1879 3544 1939 3598 et
1987 3535 2406 3597 SchneideruS.

689 3647 877 3718 Quae
944 3666 1099 3707 cum
1165 3664 1373 3707 causa
1440 3663 1803 3705 musarum
1868 3662 2026 3704 esse
2095 3625 2346 3703 dicunt
2410 3639 2796 3717 uolucres]

513 3757 822 3816 Dic-antur
877 3752 1031 3814 edita
1080 3752 1216 3813 inde
1283 3771 1313 3811 a
1380 3753 1647 3831 principe
1714 3750 1973 3811 editione
2040 3748 2411 3827 exemplaria.
2506 3749 2798 3808 dicuntur

512 3862 750 3941 scripsi:
799 3879 933 3920 nam
980 3861 1343 3920 coniunctivi
1388 3858 1547 3918 modi
1598 3857 1754 3917 nulla
1793 3859 1944 3917 ratio
1993 3862 2101 3916 est.
2176 3873 2312 3916 cum
2350 3847 2542 3916 causa
2581 3852 2798 3932 legitur

511 3967 665 4047 apud
710 3967 1032 4026 Varronem
1082 3965 1106 4025 Ι
1147 3964 1248 4046 17,
1285 3963 1329 4026 4
1376 3973 1436 4025 et
1482 3963 1555 4024 de
1604 3964 1742 4042 ling.
1780 3963 1876 4023 lat.
1915 3962 1994 4022 IX
2033 3958 2116 4023 68
2158 3971 2217 4022 et
2254 3950 2423 4039 apud'
2448 3949 2798 4021 Ciceronem

511 4075 581 4136 ad
631 4073 832 4144 Quint.
870 4074 1035 4135 fratr.
1073 4071 1097 4131 Ι
1136 4070 1195 4154 2,
1224 4069 1327 4151 26,
1367 4073 1602 4150 saepius
1650 4088 1771 4132 non
1815 4074 1947 4130 sine
1993 4087 2203 4148 causa,
2239 4066 2297 4127 ll*
2330 4067 2513 4146 praef.
2558 4064 2611 4127 1.
2656 4064 2709 4146 1,
2736 4064 2797 4127 4.

510 4181 591 4242 III
632 4177 688 4262 1,
726 4177 795 4261 43
843 4176 902 4241 5.
2578 4181 2617 4236 ’.

691 4284 762 4345 Si
827 4286 1105 4363 quando
1173 4285 1605 4365 displicatae
1673 4291 1838 4344 sunt
1895 4280 2236 4361 cymbalis
2298 4289 2367 4341 et
2421 4278 2802 4359 plausibus

513 4411 810 4455 numero
876 4392 1285 4452 redducunt
1344 4394 1412 4451 in
1478 4391 1710 4451 locum
1776 4388 2015 4467 unum]
2082 4390 2441 4465 Dispalatae
2496 4386 2803 4448 Gesnerus

516 4502 786 4561 coniecit.
862 4502 1147 4576 displicat
1192 4490 1601 4559 ἀναπτύσσει
1639 4496 1814 4575 gloss.
1855 4476 2257 4573 latino—graec.
2296 4513 2347 4554 v.
2385 4491 2437 4552 11
2472 4512 2529 4573 p.
2558 4488 2665 4575 51,
2695 4488 2806 4557 53.
