3178 5185
565 362 696 425 304
1264 366 1645 422 COMMENT.
1684 366 1764 419 IN
1799 364 2176 420 VARRONIS

575 527 848 604 arcula3‚
887 525 994 583 ubi
1039 524 1532 593 discolores‚sint
1580 538 1766 581 cerae
1802 519 2098 580 Victorius
2138 527 2196 579 et
2235 537 2303 578 ex
2344 513 2578 578 ‘vetere
2627 510 2866 576 codice'

575 630 844 691 Ursinus,
920 648 1176 704 maynas
1222 627 1474 688 Ursinus
1523 627 1756 707 delevit,
1794 625 1863 686 ad
1914 630 2212 688 loculatas
2250 628 2526 702 piscinas
2562 618 2869 703 pertinere

574 736 873 798 adnotavit
933 734 1263 796 Pontedera
1330 754 1385 814 p.
1423 730 1574 794 461.
1667 733 1738 794 de
1808 734 2146 793 encaustica
2212 734 2444 811 pictura
2479 731 2650 792 ‘baec
2712 732 2869 791 dicta

577 861 709 904 esse
758 845 990 904 monuit
1036 841 1288 902 Ursinus
1336 840 1467 902 coll.
1515 840 1665 900 Plin.
1704 838 1914 899 XXXV
1956 837 2083 900 122
2131 848 2189 899 et
2240 835 2384 900 149.
2462 839 2566 900 sed
2612 856 2870 913 maynas

584 952 808 1011 rectius
857 949 972 1010 dici
1019 950 1280 1028 piscinas
1328 966 1501 1026 quam
1550 946 1781 1007 arculas
1828 948 2124 1025 pictorum
2173 953 2435 1025 apparet.
2508 947 2610 1006 hic
2656 942 2869 1024 plurali

574 1074 823 1118 numero
871 1054 1162 1134 scriptum
1209 1062 1301 1115 est
1366 1056 1428 1114 in
1484 1052 1687 1114 codice
1737 1051 2016 1111 Varronis
2073 1050 2145 1111 de
2202 1050 2340 1129 ling.
2388 1050 2485 1111 lat.
2524 1049 2599 1110 VI
2638 1048 2720 1111 73
2766 1052 2868 1111 hic

575 1181 811 1239 quoque
857 1166 966 1238 qui
998 1166 1247 1235 dicunt,
1297 1160 1398 1221 sed
1449 1162 1685 1241 vitiose,
1735 1168 1800 1218 ut
1854 1167 2016 1237 puto.
2110 1157 2365 1235 denique
2413 1160 2706 1218 disclusos
2760 1158 2868 1217 ha-

578 1272 762 1331 beant
800 1273 1018 1346 pisces,
1058 1269 1213 1349 quod
1252 1267 1553 1328 Iucundus
1603 1265 1886 1345 ediderat,
1926 1265 2038 1325 fide
2079 1263 2367 1324 librorum
2406 1282 2581 1325 manu
2624 1266 2872 1342 scripto-

575 1395 709 1437 rum
776 1375 1221 1455 comprobatur,
1276 1392 1416 1435 nam
1480 1379 1548 1434 ut
1596 1374 1858 1433 Pausias
1922 1379 1979 1432 et
2036 1374 2229 1432 ceteri
2283 1374 2552 1447 pictores
2607 1373 2874 1431 eiusdem

570 1487 819 1560 yeneris
865 1488 1162 1544 loculatas
1207 1483 1433 1542 habent
1478 1484 1758 1554 arculas,
1805 1480 1914 1539 ubi
1968 1481 2298 1539 discolores
2341 1481 2464 1538 sint
2516 1495 2729 1551 cerae,
2785 1480 2875 1538 sic

569 1593 638 1651 hi
706 1594 1006 1651 loculatas
1071 1606 1326 1664 maynas
1397 1589 1623 1649 habent
1687 1589 1990 1662 piscinas,
2065 1586 2174 1645 ubi
2249 1587 2526 1662 dispares
2580 1587 2876 1645 disclusos

565 1684 841 1758 habeant
879 1700 1096 1773 pisces.

750 1803 968 1874 Quam
1031 1802 1139 1863 illi
1205 1804 1273 1862 in
1338 1801 1525 1880 lydia
1593 1818 1771 1879 quos
1834 1799 2263 1860 sacrificant
2330 1797 2432 1858 ibi
2504 1816 2719 1858 uarro
2795 1795 2876 1856 ad

574 1910 975 1972 tubicinam
1015 1927 1350 1989 graecum
1390 1909 1742 1986 gregatim
1786 1909 2077 1968 uenisse
2117 1903 2438 1980 dicebas]
2490 1907 2646 1977 Quos
2681 1907 2875 1965 sacri-

569 2021 793 2091 ficanti
837 2020 972 2091 tibi,
1036 2017 1260 2097 Varro,
1307 2018 1394 2075 ad
1448 2017 1755 2076 tibicinem
1808 2031 2106 2089 yraecum
2172 2011 2475 2072 Iucundus
2540 2021 2599 2071 et
2664 2009 2877 2071 deinde

582 2124 799 2203 reliqui
838 2123 1112 2185 editores,
1180 2125 1266 2182 ad
1310 2123 1622 2182 tibicinam
1658 2138 1956 2196 yraecam
1994 2119 2273 2198 Scaliger.
2342 2117 2532 2178 delevi
2563 2134 2879 2197 praecum,

584 2230 750 2309 quod
789 2231 1091 2308 propriam
1139 2230 1252 2289 vim
1304 2230 1362 2288 in
1411 2227 1519 2287 hac
1581 2246 1647 2287 re
1707 2245 1824 2287 non
1881 2226 2087 2307 habet,
2135 2226 2237 2287 sed
2296 2244 2501 2286 errore
2559 2225 2879 2285 scribentis

579 2355 650 2396 ex
680 2353 749 2396 eo
782 2334 937 2415 quod
979 2336 1251 2413 sequitur
1284 2337 1592 2410 yreyatim
1629 2335 1863 2395 videtur
1902 2341 2098 2394 ortum
2130 2352 2282 2415 esse,
2311 2352 2458 2409 quos
2495 2335 2884 2405 sacrificanti

579 2445 711 2517 tibi,
764 2443 987 2515 Varro,
1026 2445 1112 2502 ad
1155 2443 1460 2502 tibicinem
1494 2445 1802 2517 yreyatim
1840 2444 2070 2502 venisse
2107 2443 2369 2502 dicebas.
2454 2458 2588 2500 nam
2632 2439 2701 2498 ad
2744 2437 2877 2499 tibi-

592 2551 784 2611 cinem
825 2551 883 2609 in
916 2549 1221 2609 sacrificiis
1258 2549 1329 2609 ad
1360 2566 1521 2611 aram
1553 2550 1943 2610 constitutum
1975 2549 2171 2627 pisces
2203 2549 2551 2609 convenisse
2580 2546 2877 2607 dicuntur.

760 2656 927 2716 Cum
1010 2656 1253 2715 eodem
1327 2665 1652 2735 tempore
1735 2655 2011 2717 insulas
2086 2655 2515 2716 ludonorum
2591 2653 2692 2714 ibi
2765 2672 2878 2713 co·

584 2782 836 2825 reusas
883 2760 1230 2840 uidisses]
1283 2764 1525 2824 Insulas
1570 2766 1919 2824 ludinorum
1977 2765 2066 2823 ibi
2118 2781 2411 2824 corrusas
2466 2759 2718 2840 Merula,
2779 2759 2880 2821 ubi

589 2888 875 2932 corrosas
941 2869 1125 2929 edidit
1188 2868 1518 2949 IucunduS‚
1585 2869 1814 2945 infulas
1875 2873 2179 2931 ludiorum
2245 2869 2545 2930 Victorius
2611 2868 2878 2928 coniecit.

582 2982 812 3039 insulas
873 2978 1184 3053 Lydorum
1252 2980 1340 3038 ibi
1401 2995 1730 3038 concussas
1794 2976 2111 3040 Turnebus
2176 2977 2402 3037 advers.
2438 2973 2501 3055 4,
2541 2972 2601 3056 6,
2649 2977 2879 3034 insulas

583 3087 1005 3146 Ludianorum
1052 3086 1138 3144 ibi
1181 3087 1515 3153 choreusas
1563 3083 1852 3162 Scaliger,
1902 3087 2134 3144 insulas
2182 3083 2559 3143 Ludinorum
2607 3084 2694 3141 ibi
2737 3083 2875 3141 cho-

586 3211 846 3253 reuusas
894 3191 1311 3252 Schneiderus.
1383 3194 1612 3251 insulas
1658 3191 1971 3274 Lydorum
2029 3193 2117 3251 ibi
2177 3183 2582 3269 χορευούσας
2650 3188 2879 3265 scripsi.

584 3317 717 3358 nam
765 3298 1064 3375 Ludianos
1115 3296 1436 3358 Varronem
1485 3297 1706 3357 dixisse
1754 3299 1909 3358 sicut
1947 3297 2215 3377 AsianOS,
2261 3304 2328 3356 ut
2366 3293 2630 3374 Scaliger
2674 3293 2874 3372 voluit,

589 3404 897 3483 probabile
944 3423 1061 3465 non
1111 3414 1219 3465 est.
1312 3404 1386 3463 de
1433 3403 1645 3464 insulis
1704 3382 1930 3485 autem,
1978 3421 2127 3483 quae
2185 3406 2245 3463 in
2293 3401 2475 3481 Lydia
2521 3402 2765 3462 fuerunt
2819 3402 2877 3459 in

585 3510 716 3571 lacu
766 3511 1196 3591 Nympharum,
1245 3510 1524 3571 Varronis
1571 3512 1978 3571 testimonium
2037 3518 2127 3570 est
2172 3510 2326 3589 apud
2375 3509 2728 3570 Martianum
2776 3507 2877 3567 Ca-

590 3615 803 3696 pellam
840 3617 920 3677 IX
957 3615 1086 3678 928
1121 3616 1187 3677 Κ.
1238 3620 1299 3677 in
1338 3618 1539 3695 Lydia
1586 3619 2003 3693 Nympharum
2050 3619 2279 3678 insulas
2326 3619 2468 3689 dici,
2507 3633 2661 3691 quas
2699 3618 2877 3676 etiam

585 3728 894 3785 recentior
940 3728 1350 3786 adserentium
1395 3724 1593 3785 Varro
1638 3743 1703 3784 se
1748 3726 1969 3785 vidisse
2007 3730 2280 3798 testatur,
2318 3741 2478 3798 quae
2514 3726 2578 3783 in
2620 3724 2880 3782 medium

583 3837 865 3907 staynum
906 3850 945 3892 a
987 3835 1320 3893 continenti
1346 3833 1749 3908 procedentes
1790 3837 1976 3891 cantu
2010 3833 2299 3891 tibiarum
2329 3833 2531 3906 primo
2569 3832 2631 3889 in
2677 3831 2879 3889 circu·

586 3942 707 3999 lum
744 3945 957 4012 motae,
996 3939 1217 3998 dehinc
1255 3941 1342 3998 ad
1374 3941 1559 3999 litora
1598 3942 2008 3997 revertuntur.
2057 3935 2130 3995 de
2170 3935 2379 3995 iisdem
2415 3934 2627 3995 insulis
2654 3933 2881 3995 Plinius

586 4044 640 4105 11
671 4041 800 4105 209
832 4043 1040 4105 scribit
1078 4043 1242 4126 haec,
1281 4048 1342 4105 in
1372 4045 1573 4121 Lydia
1611 4062 1770 4119 quae
1806 4050 2105 4105 vocantur
2150 4044 2500 4103 Calaminae
2535 4060 2656 4103 non
2692 4044 2883 4102 ventis

585 4156 775 4212 solum
838 4154 948 4211 sed
990 4154 1173 4211 etiam
1228 4155 1422 4212 contis
1477 4169 1596 4226 quo
1653 4153 1840 4212 libeat
1893 4154 2212 4227 impulsae,
2276 4153 2598 4210 multorum
2662 4151 2882 4210 civium

589 4258 1014 4318 Mithridatico
1063 4260 1211 4319 bello
1270 4262 1457 4319 salus.
1548 4266 1690 4319 sunt
1735 4265 1795 4319 et
1839 4261 1902 4318 in
1949 4259 2298 4334 Nymphaeo
2339 4273 2578 4333 parvae
2622 4259 2883 4317 saliares

591 4367 821 4438 dictae,
889 4366 1174 4437 quoniam
1230 4367 1293 4423 in
1349 4367 1746 4441 symphoniae
1810 4370 1997 4425 cantu
2067 4365 2154 4423 ad
2206 4366 2392 4423 ictum
2447 4365 2884 4424 modulantium

584 4472 809 4546 pedum
856 4477 1185 4545 moventur,
1234 4478 1292 4529 et
1338 4469 1584 4531 uberius
1634 4488 1810 4549 quam
1858 4472 2041 4531 ceteri
2094 4469 2259 4530 Sotio
2308 4471 2370 4530 in
2415 4468 2879 4547 paradoxologu-
