3178 5185
756 417 1017 471 RERVM
1056 418 1535 473 RVSTICARVM
1573 419 1710 473 LIB.
1750 419 1775 472 I
1816 418 1968 475 5-6
2428 413 2512 476 29

267 581 559 650 quartum
623 580 702 631 ut
765 574 835 631 in
903 591 981 631 eo
1048 572 1265 632 fundo
1332 572 1502 633 haec
1569 572 1705 633 duo
1772 584 1891 634 aut
1954 576 2092 634 tria
2161 583 2326 634 sunt
2390 584 2508 635 aut

264 678 469 738 multis
521 678 700 738 locis
758 678 938 739 licet
984 680 1219 740 uideri
1281 698 1313 739 e
1372 679 1633 758 quibus
1690 680 1926 740 tribus
1975 681 2296 759 fastigiis
2344 685 2505 742 sim-

264 785 537 864 plicibus
601 790 756 847 s-ine
822 786 1036 847 dubio
1108 788 1381 847 infimis
1450 787 1585 847 alia
1653 787 1936 848 cultura
2005 791 2242 866 aptior
2308 808 2509 867 quam

265 895 513 952 summis
579 893 763 970 quod
833 892 1003 953 haec
1060 893 1408 954 calidiora
1465 913 1666 973 quam
1725 913 1987 955 summa
2039 898 2150 965 ,sic
2217 896 2510 956 collinis

265 999 411 1077 quod
465 1018 538 1059 ea
596 1000 958 1078 tepidiora
1016 1020 1217 1079 quam
1275 1002 1521 1062 infima
1578 1011 1698 1062 aut
1754 1020 2019 1063 summa
2074 1002 2244 1062 haec
2301 1022 2512 1082 appa-

264 1115 392 1166 rent
442 1109 656 1184 magis
714 1109 813 1168 ita
871 1108 1067 1186 esse]
1137 1111 1340 1184 Iqitur
1400 1128 1537 1170 cum
1595 1113 1720 1169 tria
1772 1127 2007 1183 qenera
2060 1112 2183 1169 sint
2227 1128 2265 1168 a
2312 1114 2514 1185 specie

261 1216 483 1289 simplici
524 1233 838 1295 aqrorum,
885 1223 1242 1291 campestre,
1290 1220 1594 1295 collinum,
1642 1224 1702 1277 et
1746 1224 2110 1289 montanum,
2159 1225 2248 1276 est
2292 1235 2373 1276 ex
2419 1219 2513 1276 his

263 1323 423 1381 tribus
467 1331 771 1397 quartum,
818 1331 887 1382 ut
932 1326 994 1383 in
1041 1342 1110 1383 eo
1151 1322 1365 1398 fundO,
1415 1327 1475 1383 in
1525 1341 1642 1398 quo
1691 1325 1844 1384 haec
1892 1326 2011 1383 duo
2059 1328 2154 1384 vel
2193 1326 2317 1384 tria
2353 1330 2511 1397 sunt,

260 1435 313 1486 ut
340 1432 524 1489 multis
561 1432 711 1489 locis
748 1432 890 1489 licet
925 1432 1138 1490 videri.
1216 1431 1275 1488 E
1298 1431 1517 1504 quibus
1552 1463 1629 1472 —
1663 1448 1843 1504 quam
1875 1433 2082 1502 infima
2121 1437 2230 1490 aut
2262 1447 2511 1490 summa.

169 1532 173 1537 ’
259 1535 399 1595 Haec
442 1543 744 1613 apparent
787 1540 982 1610 maqis
1029 1540 1116 1597 ita
1168 1556 1297 1598 esse
1343 1537 1663 1598 iucundus,
1739 1557 1778 1597 a
1832 1540 2034 1613 specie
2089 1540 2391 1613 simplicia
2439 1555 2510 1596 ex

258 1658 402 1702 manu
446 1644 685 1721 scriptis
732 1642 901 1703 libris
952 1643 1232 1722 Angelius
1290 1646 1579 1725 restituit,
1641 1644 1797 1722 quod
1856 1647 1930 1704 iis
1977 1663 2126 1723 quae
2176 1654 2512 1723 sequuntur

253 1746 484 1823 sastiqiis
529 1753 906 1827 simplicibus
952 1760 1013 1811 et
1057 1755 1358 1828 simplicia
1397 1769 1535 1812 cum
1579 1759 1723 1812 sunt
1768 1751 2123 1812 defenditur.
2200 1770 2337 1812 eum
2386 1755 2509 1811 tria

255 1872 453 1927 qenera
487 1859 609 1917 sint
643 1861 849 1934 specie
885 1861 1147 1935 simplici
1174 1858 1595 1919 SchneideruS.
1669 1863 1870 1935 speeie
1907 1867 2103 1919 autem
2145 1877 2261 1918 non
2304 1877 2510 1938 genuS,

260 1960 339 2019 sed
382 1971 676 2023 externam
725 1983 1003 2043 agrorum
1053 1965 1300 2025 formam
1347 1967 1667 2045 significari
1724 1965 1985 2044 intellegi
2032 1973 2265 2044 poterat
2319 1984 2389 2024 ex
2436 1967 2510 2024 iis

260 2086 379 2144 quae
414 2078 612 2149 postea
653 2073 874 2151 scripta
913 2082 1053 2131 sunt
1094 2070 1149 2153 7,
1180 2070 1222 2132 2
1261 2090 1420 2148 quae
1454 2075 1659 2150 specie
1679 2075 1840 2144 siant
1866 2076 2232 2132 venustiora.
2293 2071 2506 2131 deinde

261 2174 465 2237 Aldinae
523 2176 801 2240 editionis
849 2178 1050 2254 lectio,
1109 2197 1258 2257 quae
1307 2198 1337 2238 a
1376 2176 1642 2257 'reliquis
1698 2177 2028 2238 editoribus
2076 2186 2314 2256 recepta
2362 2186 2509 2258 erat,

257 2280 442 2360 obluit,
496 2286 816 2362 quominus
864 2288 1213 2365 compositio
1261 2285 1609 2366 verborum,
1665 2289 1857 2360 iyitur
1913 2303 2050 2346 cum
2107 2288 2231 2345 tria
2274 2303 2509 2359 qenera

256 2392 353 2450 sint
398 2424 466 2433 —
507 2395 672 2466 quod
715 2409 790 2451 ea
837 2393 1140 2467 tepidiora
1188 2410 1369 2467 quam
1407 2395 1615 2465 infima
1662 2399 1773 2451 aut
1815 2409 2065 2465 summa,
2119 2394 2273 2451 haec
2320 2409 2506 2467 appa-

258 2505 367 2556 rent
405 2503 592 2574 maqis
630 2503 720 2559 ita
758 2517 904 2574 esse,
941 2497 1408 2578 intellegeretur.
1481 2499 1592 2559 hac
1634 2500 1908 2559 restituta
1948 2508 2291 2577 corruptam
2331 2497 2509 2557 libro-

260 2620 366 2664 rum
400 2610 749 2687 scripturam
789 2609 849 2667 in
888 2606 1048 2667 hunc
1089 2606 1327 2667 modum
1358 2609 1613 2685 correxi,
1652 2614 1712 2666 et
1749 2625 1828 2667 ex
1865 2609 1940 2666 iis
1978 2608 2173 2667 tribus
2206 2613 2510 2681 quartum,

258 2713 343 2770 ubi
378 2717 435 2773 in
479 2733 599 2776 uno
639 2713 839 2790 fundo
887 2717 1041 2774 haec
1089 2717 1209 2775 duo
1256 2722 1366 2774 aut
1410 2718 1534 2774 tria
1580 2722 1748 2788 sunt,
1804 2721 1874 2773 ut
1927 2717 2129 2773 multis
2174 2716 2322 2775 locis
2369 2716 2512 2773 licet

258 2820 446 2880 videre.
519 2840 651 2881 nam
702 2826 847 2882 lieet
890 2825 1099 2882 videre
1140 2821 1390 2882 Ursinus
1438 2824 1720 2903 restituit,
1768 2830 1828 2881 et
1869 2821 2087 2898 legitur
2135 2820 2339 2880 eadem
2389 2821 2505 2879 for-

258 2924 382 2984 mula
425 2931 674 3010 saepius,
712 2928 737 2987 Ι
776 2926 846 3008 9,
885 2927 943 2989 6.
998 2926 1104 3011 14,
1134 2926 1194 2990 3.
1250 2928 1302 2987 ΙΙ
1345 2926 1453 3011 10,
1494 2927 1550 2989 1.
1628 2929 1856 3006 fastigia
1913 2937 2111 2987 autem
2145 2946 2285 2991 ,non
2343 2934 2506 2985 recte

260 3026 630 3093 Lachmannus
678 3036 738 3094 in
788 3034 964 3097 Lucr.
1003 3054 1059 3113 p.
1095 3023 1231 3096 223
1268 3037 1694 3114 interpretatus
1735 3043 1826 3094 est
1872 3030 2006 3113 ‘pro
2046 3033 2238 3094 tribus
2275 3035 2505 3112 generi-

261 3132 347 3195 bus
372 3137 670 3209 definitis'.
747 3140 1046 3219 fastigium
1087 3144 1244 3202 enim
1285 3141 1591 3203 declivitas
1629 3141 1867 3220 dicitur,
1913 3140 1939 3199 Ι
1981 3138 2083 3221 14,
2113 3138 2154 3200 2
2187 3140 2507 3215 fastiqium

259 3241 408 3302 habet
441 3255 498 3305 et
534 3245 557 3304 1
597 3243 703 3329 20,
731 3242 774 3307 5
813 3265 931 3322 quo
963 3247 1217 3323 fastiqio
1258 3252 1338 3308 sit
1367 3247 1620 3322 fundus.
1693 3250 1893 3326 itaque
1934 3250 2042 3308 tria
2084 3265 2300 3325 genera
2340 3265 2508 3324 agro-

260 3363 365 3408 rum
406 3352 704 3434 simplicia,
754 3372 904 3433 quae
953 3373 1132 3434 supra
1179 3354 1334 3415 dicta
1382 3363 1569 3434 erant,
1618 3357 1733 3415 iam
1772 3356 2109 3415 accuratius
2148 3355 2377 3433 fastigia
2419 3353 2508 3414 vel

263 3470 442 3529 genera
477 3459 1177 3542 declivitatisdicuntur,
1215 3464 1351 3540 quia
1392 3471 1531 3522 sunt
1567 3464 1921 3541 campestria
1961 3461 2175 3522 collina
2214 3471 2508 3540 montana,

262 3559 482 3642 itemque
543 3575 750 3645 postea
816 3562 858 3627 5
922 3570 1076 3628 haec
1143 3570 1268 3628 tria
1317 3567 1579 3643 fastiqia
1625 3568 1869 3644 formae
1924 3576 1982 3628 et
2050 3565 2090 3627 6
2148 3571 2272 3628 tria
2331 3567 2507 3642 fasti·

260 3669 344 3736 ,(Ιὶα
382 3676 527 3746 ayri.

405 3775 440 3837 3
504 3780 699 3851 Quod
761 3780 1039 3842 leuiora
1095 3791 1167 3842 et
1221 3782 1379 3842 ideo
1438 3781 1847 3842 salubriora
1905 3784 2025 3860 qui
2081 3781 2329 3842 colunt
2392 3781 2509 3841 de·

265 3894 459 3944 orsum
511 3890 731 3966 magis
787 3896 1064 3950 aestate
1111 3888 1445 3949 laborant
1499 3892 1619 3968 qui
1676 3908 1916 3950 susum
1974 3890 2194 3966 magis
2250 3887 2507 3964 bieme]

267 3981 673 4069 Neglegentiore
722 3994 1038 4055 verborum
1088 3997 1517 4073 compositione
1565 3995 1711 4055 haec
1758 3997 1869 4055 tria
1912 3992 2173 4054 membra
2222 3996 2506 4053 orationis

267 4089 312 4148 in
350 4113 504 4159 unam
551 4105 906 4162 sententiam
954 4102 1224 4182 copulata
1272 4111 1438 4182 sunt,
1497 4105 1607 4163 ubi
1648 4106 1762 4163 lati
1805 4105 2030 4178 campi,
2090 4109 2148 4161 et
2192 4103 2300 4161 ubi
2344 4118 2505 4160 mon-

268 4201 399 4276 tana,
447 4212 546 4280 qui
589 4214 796 4270 colunt
841 4213 1140 4270 deorsum.
1219 4209 1446 4270 facilius
1493 4209 1846 4289 procederet
1901 4210 2117 4288 oratio,
2175 4209 2222 4267 si
2282 4209 2502 4266 omisso

271 4310 314 4360 et
344 4311 683 4377 scriberetur
720 4320 885 4391 quod
919 4320 1168 4390 leviora,
1215 4320 1350 4377 ideo
1387 4318 1756 4377 salubriora.
1786 4349 1872 4357 —
1903 4319 2184 4375 deorsum
2223 4313 2336 4372 hoc
2375 4313 2506 4373 loco

270 4406 317 4466 in
356 4416 650 4500 archetypo
698 4425 987 4502 scriptum
1044 4422 1180 4504 fuit,
1237 4424 1379 4483 item
1436 4432 1639 4502 postea
1698 4425 1978 4482 deorsum
2035 4424 2276 4481 tardius
2323 4429 2383 4479 et
2432 4420 2508 4479 111

272 4507 318 4592 5,
346 4516 381 4577 4
421 4523 686 4589 deorsum
733 4532 795 4589 in
847 4541 1105 4614 terram,
1171 4528 1195 4587 1
1241 4526 1337 4609 16,
1377 4527 1417 4589 6
1475 4533 1832 4606 introrsum,
1891 4536 2096 4587 contra
2150 4530 2394 4587 deosum
2441 4535 2508 4587 ut
