3178 5185
580 389 713 452 204
729 347 735 352 “
1564 385 1941 441 VARRONIS

530 560 698 616 2nos
763 554 1104 632 inpedisset.
1198 553 1321 631 Ego
1388 572 1551 633 vero,
1618 555 1887 632 inquam,
1952 552 2141 611 dicam
2208 550 2511 611 dumtaxat
2567 550 2741 629 quod
2807 557 2901 609 est

577 661 930 740 historicon,
988 660 1347 720 de.duahus
1403 659 1586 721 rebus
1644 661 1853 739 primis
1913 677 2061 737 quae
2120 660 2348 738 accepi,
2408 658 2480 718 de
2537 660 2787 737 origine
2838 663 2902 716 et

577 767 881 845 dignitate.
976 768 1047 827 de
1095 770 1271 827 tertia
1319 774 1512 848 parte,
1569 766 1675 827 ubi
1723 776 1813 827 est
1860 766 1932 825 de
1981 774 2133 846 arte,
2191 764 2395 825 Scrofa
2439 767 2778 843 suscipiet,
2830 771 2901 824 ut

575 877 953 953 semigraecis
991 872 1331 953 pastoribus
1371 873 1559 933 dicam
1591 891 1818 953 graece,
1859 864 1934 944 ὅς
1961 868 2082 951 πέρ
2112 892 2242 951 μου
2278 864 2533 932 πολλὸν
2560 862 2897 951 ἀμείνων.

576 1000 707 1041 nam
764 984 816 1040 is
871 983 1153 1059 magister
1218 980 1280 1040 C.
1336 979 1526 1040 Lucili
1584 980 1775 1060 Hirri,
1845 982 2052 1058 generi
2107 981 2220 1053 tui,
2277 980 2449 1039 cuius
2497 978 2738 1039 nobiles
2789 995 2894 1055 pe·
2950 992 2975 1032 5

574 1090 810 1149 cuariae
876 1090 938 1147 in
995 1088 1245 1148 Bruttiis
1309 1086 1620 1147 habentur.
1724 1087 1828 1147 sed
1893 1085 2038 1147 haec
2094 1089 2173 1146 ita
2231 1105 2263 1146 a
2319 1085 2492 1146 nobis
2549 1086 2894 1165 accipietiS,

574 1198 770 1274 inquit
810 1195 1032 1275 Scrofa,
1081 1202 1149 1255 ut
1195 1213 1312 1274 vost,
1352 1196 1453 1272 qui
1494 1196 1639 1254 estis
1678 1193 1969 1272 Epirotici
2005 1195 2249 1273 pecuari
2285 1192 2555 1271 athletae,
2596 1210 2890 1253 remune-

574 1303 791 1362 remini
862 1320 972 1361 nos
1040 1321 1106 1362 ac
1174 1319 1324 1380 quae
1391 1303 1555 1361 scitis
1612 1300 1929 1379 proferatis
1983 1302 2046 1359 in
2104 1300 2380 1360 medium.
2482 1318 2657 1359 nemo
2717 1301 2889 1359 enim

523 1416 559 1472 3
583 1411 777 1467 omnia
824 1415 1022 1486 potest
1059 1410 1230 1468 scire.
1325 1406 1472 1467 Cum
1520 1409 1882 1485 accepissem
1922 1407 2331 1468 condicionem
2371 1413 2430 1466 et
2466 1425 2632 1467 meae
2673 1414 2886 1486 partes

575 1521 775 1574 essent
820 1517 1072 1595 primae,
1119 1532 1237 1574 non
1288 1533 1404 1592 quo
1453 1533 1572 1574 non
1621 1532 1729 1592 ego
1776 1516 2086 1592 pecuarias
2131 1515 2194 1573 in
2240 1511 2404 1573 Italia
2451 1512 2719 1593 habeam,
2769 1513 2880 1573 sed
2915 1529 2963 1567 ιο

571 1638 688 1680 non
737 1639 942 1680 omnes
1000 1602 1111 1699 qui·
1147 1621 1367 1681 hahent
1414 1621 1699 1682 citharam
1750 1631 1889 1681 sunt
1936 1620 2290 1681 citharoedi:
2346 1618 2559 1700 Igitur,
2606 1622 2878 1699 inquam,

573 1737 631 1787 et
696 1727 966 1787 homines
1032 1735 1092 1788 et
1156 1728 1415 1807 pecudes
1477 1746 1615 1789 cum
1672 1746 1907 1807 semper
1960 1728 2145 1788 fuisse
2203 1729 2280 1787 sit
2336 1745 2580 1787 necesse
2640 1735 2876 1804 natura,

571 1837 695 1895 sive
740 1837 898 1894 enim
947 1835 1183 1913 aliquod
1233 1836 1344 1895 suit
1394 1836 1751 1914 principium
1803 1835 2126 1913 generandi
2175 1834 2532 1914 animalium,
2582 1841 2649 1894 ut
2698 1840 2873 1911 puta-

573 1944 655 2002 vit
701 1941 912 2001 Thales
951 1940 1217 2002 Milesius
1265 1952 1324 2002 et
1361 1941 1518 2003 Zeno
1557 1942 1801 2024 Citieus,
1849 1943 1971 2002 sive
2010 1949 2216 2002 contra
2254 1943 2612 2020 principium
2653 1940 2869 2000 horum

568 2188 795 2255 po‘etam
841 2203 1026 2239 sesum
1077 2184 1253 2239 uisere
1304 2184 1649 2239 uenissemus
1696 2200 1767 2239 ne
1815 2175 2019 2239 medici
2068 2184 2342 2238 aduentus
2389 2201 2490 2238 nos
2537 2181 2861 2238 inredisset’

581 2275 856 2329 Victorius
1032 2279 1261 2342 poetam
1318 2291 1497 2328 sesum
1549 2273 1733 2327 PAB
1784 2277 1974 2343 petam
2021 2291 2234 2327 sessum
2280 2291 2313 2327 v
2366 2272 2600 2328 Paetum
2655 2273 2864 2327 fessum

578 2363 809 2418 Ursinus
952 2382 1022 2417 ne
1060 2360 1265 2417 medici
1314 2362 1492 2417 VAB
1641 2368 1667 2415 1
1707 2362 2035 2432 impedisset
2081 2362 2314 2416 Ursinus
2350 2361 2651 2416 inredisset
2680 2361 2863 2415 PAB

567 2452 883 2522 irreptisset
900 2469 933 2505 v
1015 2458 1047 2505 3
1066 2451 1245 2505 tercia
1263 2451 1319 2505 A
1403 2457 1436 2504 4
1459 2446 1631 2519 ὅσπερ
1652 2471 1760 2521 μου
1781 2448 1987 2505 πολλὸν
2008 2445 2253 2521 ἀμείνων
2275 2452 2570 2505 Iucunda-3
2589 2452 2859 2505 ΟΟΠΕΡ·

571 2541 1067 2596 ΜΟΥΤΙΟΛΛΟΝ.
1102 2542 1111 2610 Ι
1146 2541 1364 2594 Memfi]
1414 2539 1467 2592 A
1525 2536 1666 2609 ὅπερ
1725 2559 1833 2612 μου
1889 2536 2094 2595 πολλὸν
2152 2535 2367 2610 ἀμείνω
2419 2540 2497 2606 Ρ,
2552 2541 2615 2595 in
2662 2541 2863 2595 lacuna

568 2647 653 2684 om
681 2630 754 2697 B,
793 2647 879 2684 om
913 2647 945 2684 v
1093 2636 1124 2683 5
1162 2647 1292 2684 nam
1329 2629 1377 2682 is
1417 2630 1532 2685 VB
1568 2648 1698 2684 nam
1737 2630 1843 2684 mis
1873 2630 1991 2684 Am
2135 2630 2174 2685 C
2207 2673 2219 2685 .
2249 2629 2454 2684 Lucilli
2483 2631 2539 2683 P
2570 2630 2781 2700 clucilii
2807 2631 2862 2684 A

569 2718 757 2773 clucili
794 2720 850 2773 Β
886 2719 1096 2775 elucilii
1132 2738 1184 2773 m
1222 2722 1310 2774 est
1345 2717 1547 2774 Lucilli
1593 2737 1627 2773 v
1736 2718 1895 2788 Hipri
1956 2719 2135 2773 VAB
2244 2725 2276 2773 6
2323 2717 2383 2772 in
2427 2718 2655 2772 bruttiis
2705 2718 2760 2771 B
2803 2719 2860 2771 in

565 2808 767 2863 brutiis
822 2807 875 2862 V
921 2808 979 2862 in
1034 2808 1315 2862 brutticiis
1362 2809 1417 2862 A
1471 2808 1528 2862 in
1588 2808 1794 2862 bruciis
1842 2826 1895 2862 m
2076 2814 2106 2861 '¹1
2162 2807 2349 2875 inquit
2400 2807 2512 2861 VB
2564 2807 2763 2875 inquid
2807 2807 2860 2860 A

712 2897 845 2963 ‘Qui
894 2898 1026 2953 estis
1073 2897 1332 2966 epirotici
1378 2896 1631 2967 pecuarii
1661 2940 1672 2952 .
1704 2897 1941 2951 Auxilio
1987 2897 2289 2963 fidelissimi
2335 2897 2536 2950 codicis
2572 2897 2662 2950 hic
2698 2897 2856 2963 locus,

564 2988 802 3055 turpiter
838 2987 901 3040 in
938 2990 1151 3041 excusis
1187 2988 1471 3056 diuulsus‚
1521 3003 1587 3040 ac
1622 2988 1891 3054 foedatuS,
1930 2987 2242 3041 restituitur
2268 3006 2285 3037 .·
2312 3002 2381 3039 ne
2416 2987 2541 3054 quis
2577 2991 2755 3040 autem
2781 3001 2859 3038 me

564 3076 843 3130 addidisse
889 3077 1132 3145 aliquid,
1188 3081 1289 3129 aut
1334 3076 1644 3130 distorsisse
1680 3081 1866 3144 putet,
1918 3081 2143 3129 ueterem
2193 3076 2527 3142 scripturam
2572 3075 2852 3128 adducam.

565 3161 684 3235 Qui·
739 3163 872 3218 estis
930 3163 1412 3232 pecuariathietae
1467 3181 1696 3218 remune
1751 3164 2054 3219 remininos
2112 3180 2203 3229 ac,
2263 3166 2368 3217 etc.
2458 3163 2636 3233 Quam
2683 3164 2857 3231 possit

563 3253 683 3306 sine
719 3254 832 3307 ullo
861 3255 1114 3322 periculo
1151 3255 1235 3307 ila
1271 3254 1500 3323 corriyi,
1544 3254 1710 3320 facile
1745 3270 1925 3308 omnes
1961 3255 2148 3308 uidere
2185 3254 2453 3320 arbitror,
2492 3269 2610 3305 una
2646 3258 2855 3307 tantum

563 3342 627 3394 in
662 3348 827 3410 parte
874 3343 1156 3397 industria
1193 3358 1331 3410 opus
1364 3342 1503 3409 fuit,
1549 3348 1613 3396 ut
1648 3360 1718 3397 ex
1753 3341 2045 3408 Athietae,
2082 3341 2331 3396 Athletae
2366 3342 2531 3409 fieret.
2610 3342 2856 3395 Maxime

563 3436 743 3485 autem
787 3448 868 3485 me
912 3432 1285 3498 confirmauit,
1348 3432 1493 3500 quod
1540 3433 1915 3487 animaduerti
1950 3417 2090 3485 alibi
2124 3432 2186 3485 id
2222 3431 2448 3485 uerbum
2483 3432 2624 3485 idem
2661 3432 2856 3486 uitium

561 3520 773 3586 habere,
811 3521 954 3588 quod
990 3522 1053 3574 in
1089 3522 1301 3575 excusis
1329 3521 1600 3590 inteyrum
1629 3528 1746 3576 erat
1773 3542 1789 3574 .·
1817 3537 1947 3574 nam
1978 3522 2041 3573 in
2068 3521 2246 3574 eodem
2274 3521 2571 3589 exemplari
2599 3521 2682 3575 ita
2711 3521 2856 3576 locus

562 3610 655 3664 ille
689 3610 840 3663 tertii
876 3610 1007 3664 libri
1041 3611 1130 3680 [5,
1169 3610 1275 3680 18]
1310 3611 1534 3681 leyitur,
1570 3609 1687 3665 Nos
1723 3610 1972 3665 athietae
2010 3609 2381 3678 comitiorum,
2419 3612 2525 3664 etc.
2556 3626 2686 3678 pre,
2718 3609 2874 3663 Ath-.

561 3697 734 3752 letae’
798 3699 1075 3753 Victorius
1220 3699 1477 3768 epirotici
1522 3698 2010 3769 pecuariathieta.
2043 3716 2073 3753 e
2122 3715 2241 3753 una
2288 3699 2471 3753 littera
2517 3705 2646 3754 ante
2692 3716 2722 3753 e
2770 3716 2855 3752 ex·

562 3793 786 3841 tremam
821 3789 994 3843 deleta
1022 3788 1076 3841 A
1115 3787 1386 3858 epyrotici
1413 3788 1893 3858 pecuariathietae
1924 3789 1980 3842 Β
2009 3786 2268 3856 epirotici
2306 3787 2484 3860 thiete
2518 3788 2573 3841 P
2599 3786 2857 3856 epirotici

561 3875 852 3930 thietatev
925 3882 986 3935 .8
1016 3878 1143 3949 nos]
1176 3895 1275 3932 uos
1295 3878 1414 3932 Am
1513 3885 1544 3932 9
1576 3878 1927 3947 accepissent
1954 3877 2186 3931 Ursinus
2277 3877 2652 3931 conditionem
2682 3876 2857 3931 VAB

670 3972 737 4020 10
773 3965 831 4019 in
867 3965 1030 4020 italia
1078 3967 1129 4020 V
1160 3967 1217 4020 in
1255 3966 1473 4021 italiam
1502 3967 1624 4021 AB
1738 3973 1800 4020 11
1841 3966 2052 4020 habent
2092 3965 2203 4019 VB
2239 3965 2489 4020 habeant
2515 3966 2571 4019 A
2680 3966 2855 4020 citha·

560 4054 680 4109 redi
720 4055 771 4108 V
903 4055 1083 4124 Igitur
1109 4056 1363 4127 inquam]
1396 4057 1477 4111 De
1507 4055 1722 4125 origine
1751 4055 2048 4124 pecuariae
2076 4054 2159 4107 rei
2186 4055 2250 4108 in
2276 4056 2525 4124 maryine
2551 4056 2778 4109 rubrica
2802 4057 2853 4109 A

670 4151 735 4198 12
778 4143 873 4198 ‘Et
909 4144 1178 4213 homines,
1218 4146 1276 4199 et
1303 4162 1497 4214 pecua.
1572 4145 1759 4199 Pecua
1784 4145 1986 4199 habent
2011 4145 2231 4213 antiqui
2258 4145 2406 4210 libri,
2442 4160 2556 4198 non
2588 4143 2850 4198 Pecudes’

572 4233 865 4288 Victorius’
1038 4233 1282 4303 pecudes
1349 4251 1475 4287 cum
1541 4250 1759 4302 semper
1822 4251 1876 4287 m
1930 4231 2090 4303 pecd'
2149 4249 2274 4286 cum
2331 4249 2550 4302 semper
2601 4232 2659 4288 A
2714 4249 2856 4302 pecu

560 4339 685 4376 cum
725 4339 943 4392 semper
974 4323 1029 4376 P
1053 4340 1316 4393 pecorum
1346 4339 1564 4392 semper
1591 4323 1647 4376 Β
1673 4339 1843 4392 pecus
1873 4339 2000 4376 cum
2030 4339 2249 4392 semper
2274 4339 2307 4377 v
2422 4327 2487 4375 14
2523 4321 2708 4376 thales
2748 4322 2856 4375 Vm

560 4412 718 4466 hales
765 4412 884 4465 AB
1028 4410 1282 4465 milesius
1353 4413 1411 4465 et
1458 4411 1608 4466 Zeno
1667 4412 1777 4465 VA
1824 4410 2113 4477 miliusesu
2160 4428 2297 4467 zeno
2353 4412 2408 4464 Β
2553 4410 2752 4465 citieus
2799 4411 2855 4466 A

561 4499 798 4556 citiaeus
835 4501 890 4553 Β
927 4501 1146 4572 cytieus
1185 4500 1240 4553 P
1270 4499 1525 4569 cythieus
1562 4517 1595 4553 v
