3178 5185
617 400 739 464 116
1301 408 1681 463 COMMENT.
1720 410 1801 463 IN
1838 408 2212 463 VARRONIS

789 560 829 623 2
906 562 1039 634 Qui
1106 581 1308 624 manu
1365 567 1569 644 tangi
1627 583 1760 625 non
1822 573 2166 643 poterunt
2207 567 2316 625 ⁴ita
2374 564 2571 643 quati
2629 561 2885 624 debent

612 679 685 731 ut
729 669 1130 730 harundine
1178 673 1419 750 potius
1467 690 1670 750 quam
1720 674 1995 751 pertica
2044 670 2433 747 feriantur]
2493 673 2665 745 Quae
2711 689 2883 732 manu

610 777 765 837 edita
814 789 948 838 ante
997 778 1319 838 Victorium
1379 778 1752 858 exemplaria.
1827 782 1935 854 qui
1987 797 2168 840 manu
2218 798 2286 838 ex
2345 778 2547 838 codice
2599 776 2885 839 Victorius

612 887 853 964 recepit.
930 887 1167 945 restitui
1213 904 1399 961 quae:
1446 904 1580 945 nam
1630 885 1701 945 de
1750 884 1894 946 oleis
1942 885 2087 946 haec
2135 885 2270 966 dici,
2318 903 2433 945 non
2483 884 2555 945 de
2595 886 2793 965 ramiS,
2829 892 2885 943 et

608 1011 680 1052 ex
725 994 799 1052 iis
847 1011 996 1071 quae
1044 1001 1222 1071 supra
1264 994 1480 1071 scripta
1532 1002 1703 1053 erant
1740 1012 1899 1068 quae
1935 1009 2119 1053 manu
2156 995 2380 1053 stricta
2419 1000 2478 1052 et
2516 1010 2589 1051 ex
2626 992 2701 1050 iis
2743 1008 2883 1069 quae

611 1106 945 1177 sequuntur
992 1119 1069 1160 ne
1115 1103 1443 1161 adversam
1491 1103 1714 1160 caedat
1766 1107 2033 1181 apparet,
2091 1100 2357 1178 quamvis
2403 1097 2632 1158 Plinius
2671 1096 2768 1156 XV
2811 1095 2884 1157 12

610 1205 683 1265 de
730 1208 910 1267 ramis
959 1206 1238 1267 arborum
1296 1206 1517 1267 scribat
1571 1210 1680 1282 qui
1724 1209 2071 1267 cautissime
2116 1213 2331 1282 ayunt,
2382 1208 2734 1266 harundine
2778 1207 2890 1265 levi

607 1316 733 1374 ictu
780 1332 894 1375 nec
941 1316 1229 1376 adversos
1266 1317 1624 1392 percutiunt
1669 1332 1887 1376 ramos.

786 1418 835 1500 3,
891 1421 1031 1481 Nec
1078 1421 1251 1481 haec
1300 1439 1436 1481 non
1485 1423 1770 1481 minima
1819 1420 2067 1497 causa]
2139 1422 2211 1482 Ut
2264 1423 2418 1481 haec
2476 1437 2596 1481 non
2645 1422 2889 1480 minima

606 1546 797 1589 causa
846 1547 914 1589 ex
963 1530 1231 1607 principe
1282 1528 1539 1589 editione
1588 1528 1889 1589 Gesnerus
1946 1537 2006 1589 et
2055 1527 2456 1589 Schneiderus
2512 1536 2890 1606 receperunt,

604 1644 918 1715 postquam
951 1635 1170 1696 codicis
1201 1635 1513 1696 lectionem
1545 1634 1843 1697 Victorius
1873 1638 2232 1697 restituerat.
2309 1652 2421 1695 nec
2457 1637 2613 1695 haec
2642 1637 2890 1694 minima

606 1761 797 1803 causa
855 1742 1017 1803 dedit
1066 1742 1511 1824 SchleicheruS,
1571 1745 1673 1821 qui
1729 1745 1989 1822 priorem
2048 1743 2226 1802 huius
2275 1742 2483 1821 capitis
2537 1747 2772 1819 partem
2831 1742 2888 1799 in

605 1848 930 1910 melematis
978 1847 1355 1910 Varronianis
1393 1848 1633 1909 Bounae
1673 1868 1722 1910 a.
1773 1847 1943 1912 1846
1994 1848 2168 1910 editis
2214 1867 2270 1928 p.
2315 1845 2394 1908 16
2434 1849 2746 1927 expressit.
2821 1847 2888 1907 de

603 1958 896 2035 geminata
946 1959 1257 2035 negatione
1306 1975 1424 2017 non
1473 1956 1700 2018 sublata
1750 1958 1804 2018 vi
1854 1956 2105 2036 negandi
2145 1956 2265 2016 dixi
2302 1954 2327 2013 Ι
2368 1953 2427 2037 2,
2455 1953 2557 2018 23.
2629 1955 2704 2015 de
2746 1954 2889 2015 oleis

603 2063 845 2125 alternis
902 2067 1070 2125 annis
1126 2065 1360 2125 fructus
1424 2064 1756 2125 ferentibus
1813 2063 2021 2126 scribit
2079 2062 2397 2125 Columella
2447 2064 2504 2122 V
2543 2060 2611 2145 8,
2652 2061 2687 2124 1
2752 2080 2890 2123 nam

603 2175 876 2247 quamvis
905 2190 1024 2232 non
1056 2175 1356 2232 continuis
1385 2176 1581 2247 annis,
1619 2176 1731 2233 sed
1758 2172 1898 2248 fere
1926 2176 2120 2233 altero
2149 2190 2386 2247 quoque
2422 2188 2580 2231 anno
2612 2169 2890 2245 fructum

604 2278 869 2354 adferat,
909 2281 1134 2339 eximia
1173 2286 1372 2339 tamen
1413 2282 1744 2340 eius'ratio
1784 2286 1886 2353 est,
1925 2278 2002 2338 ib.
2031 2275 2092 2362 9,
2126 2276 2203 2338 11
2247 2281 2467 2340 deinde
2502 2280 2890 2338 constitutum

606 2388 728 2445 iam
776 2393 835 2445 et
879 2392 1187 2445 maturum
1234 2388 1513 2446 olivetum
1562 2381 1625 2445 in
1665 2388 1820 2446 duas
1861 2392 2074 2462 partes
2113 2388 2403 2465 dividere,
2442 2403 2600 2461 quae
2637 2387 2891 2445 alternis

606 2495 785 2554 annis
816 2492 1033 2568 fructu
1065 2495 1420 2552 induantur.
1495 2511 1690 2567 neque
1718 2496 1874 2553 enim
1903 2497 2036 2553 olea
2065 2495 2350 2553 continuo
2381 2494 2620 2552 biennio
2651 2493 2886 2552 uberat.

783 2597 827 2660 4
891 2600 1040 2661 Alia
1088 2599 1167 2659 ad
1218 2599 1452 2660 cibum
1499 2599 1795 2661 ledatur
1843 2600 1977 2661 alia
2025 2610 2099 2662 ut
2147 2598 2580 2679 eliquescat]
2628 2602 2772 2661 Alta
2812 2602 2893 2660 ad

607 2711 808 2769 cibum
865 2711 1113 2783 eliqt’tur
1171 2726 1241 2767 ex
1290 2706 1495 2767 Aldina
1551 2707 1822 2768 editione·
1857 2717 2165 2787 receptum
2222 2717 2366 2768 erat.
2440 2710 2526 2768 ad
2578 2710 2779 2768 cibum
2826 2715 2889 2767 ut

605 2818 910 2876 condatur
956 2813 1227 2875 Ursinus
1303 2817 1565 2888 ledatur,
1614 2814 1771 2893 quod
1821 2833 1891 2874 ex
1940 2814 2258 2894 archetypo
2307 2813 2603 2874 Victorius
2650 2814 2885 2874 adnota-

608 2930 792 3003 verat,
851 2921 1167 2982 delendum
1224 2941 1355 2982 esse
1412 2921 1556 2982 vidit
1605 2920 1883 3000 Scaliger.
1959 2940 2161 2982 ansam
2217 2923 2440 2981 erroris
2501 2921 2734 2982 dedisse
2794 2922 2887 2981 ad·

608 3031 889 3108 scriptam
958 3028 974 3087 l
1040 3028 1295 3090 litteram
1356 3028 1774 3089 Schleicherus
1838 3029 2152 3089 adnotavit.
2246 3029 2478 3089 videtur
2538 3036 2734 3090 autem
2793 3030 2886 3089 ad·

605 3138 894 3215 scriptum
944 3136 1126 3196 fuisse
1174 3139 1210 3197 l.
1258 3144 1326 3197 ut
1373 3139 1612 3197 edatur.

784 3243 1030 3323 ltaque
1078 3243 1435 3304 dominum
1476 3253 1545 3305 et
1583 3243 1876 3304 balneas
1916 3252 1984 3303 et
2021 3245 2473 3322 giminasium
2515 3242 2881 3322 sequitur]

612 3353 1008 3412 Giminasium
1048 3352 1089 3409 A
1141 3360 1201 3411 et
1247 3350 1627 3411 Florentinus
1674 3351 1877 3431 codex,
1920 3355 2307 3427 qymnasz’um
2347 3351 2678 3430 apographa
2718 3350 2882 3412 Italo-

605 3476 755 3519 rum.
831 3461 1037 3533 z'taque
1084 3460 1388 3518 dominum
1435 3465 1492 3518 et
1538 3460 1626 3518 ad
1669 3460 1919 3518 balneas
1966 3464 2024 3518 et
2070 3461 2156 3518 ad
2194 3461 2576 3536 aymnasz‘um
2613 3462 2883 3534 sequitur

605 3565 927 3626 IucunduS.
1003 3564 1308 3643 archetypi
1347 3566 1706 3644 scripturam
1736 3563 2032 3625 Victorius
2073 3568 2300 3644 recepit
2337 3565 2444 3625 hac
2482 3565 2676 3626 addita
2707 3568 2881 3626 inter·

605 3675 954 3752 pretatione,
1004 3667 1174 3732 ‘cibis
1222 3673 1625 3732 necessarium
1674 3680 1765 3731 est
1812 3680 1871 3731 et
1915 3670 2140 3732 balneis
2179 3682 2237 3733 et
2273 3668 2640 3751 gymnasiis'.
2716 3692 2880 3734 accu-

605 3782 854 3840 sativum
906 3781 1156 3840 balneas
1203 3786 1261 3840 et
1301 3783 1710 3859 §gymnasium
1745 3796 1863 3838 non
1911 3778 2103 3840 addita
2152 3781 2587 3859 praepositione
2637 3780 2708 3840 de
2755 3779 2879 3840 loco

604 3888 827 3947 dictum
877 3905 1010 3946 esse
1059 3886 1358 3947 Gesnerus
1416 3885 1530 3946 sibi
1584 3889 1896 3966 persuasit.
1981 3889 2206 3948 rectius
2255 3886 2655 3948 Schneiderus
2711 3895 2769 3948 et
2820 3891 2878 3947 in

604 3996 854 4055 balneas
910 4001 968 4055 et
1015 3997 1416 4072 aymnasz‘um.
1491 4012 1625 4053 nam
1683 3994 1754 4054 ad
1814 3993 2063 4055 alterum
2120 3994 2233 4055 olei
2291 4013 2491 4077 usum,
2547 4001 2613 4055 ut
2667 4012 2878 4073 corpus

606 4102 979 4161 extrinsecus
1017 4110 1259 4182 ungual,
1305 4100 1363 4162 id
1404 4101 1561 4180 quod
1601 4103 1662 4161 in
1701 4099 1924 4161 balneis
1965 4110 2031 4162 et
2067 4104 2385 4181 gymnasiis
2434 4102 2515 4183 fit,
2562 4102 2704 4162 haec
2749 4119 2875 4181 per-

605 4210 794 4269 tinere
853 4216 1121 4289 apparet,
1176 4211 1383 4283 itaque
1439 4211 1741 4269 dominum
1798 4210 1861 4268 in
1917 4210 2167 4269 balneas
2223 4216 2282 4269 et
2328 4213 2733 4284 quminasium
2790 4227 2873 4268 se-

603 4318 829 4391 quitur.

783 4418 824 4481 5
890 4421 1072 4481 Haec
1130 4422 1211 4481 de
1270 4441 1399 4501 qua
1459 4423 1544 4482 sit
1601 4422 1829 4483 oleum
1888 4425 2184 4501 congeri
2240 4423 2426 4484 solet
2492 4425 2874 4484 aceruatim

606 4529 758 4589 dies
817 4526 1177 4606 singulos]
1236 4528 1458 4588 Eodem
1518 4529 1689 4589 modo
1745 4528 1971 4590 Nonius
2020 4549 2074 4608 p.
2116 4527 2314 4610 62‚2.
2389 4535 2716 4591 acervatim
2761 4548 2874 4606 per
