3178 5185
823 444 1079 499 RERVM
1116 442 1591 497 RVSTICARVM
1627 441 1761 496 LIB.
1800 441 1851 495 II
1893 434 2041 490 1-2
2091 449 2096 453 ’
2448 439 2578 503 215

300 615 483 674 mavis
540 616 664 674 sine
719 613 1020 673 mulorum
1075 611 1266 672 fetura
1325 618 1385 670 et
1439 611 1738 671 nutricatu
1796 627 2111 669 numerum
2167 610 2466 687 octoginta
2519 615 2580 668 et

301 739 510 801 unum,
570 728 659 781 est
724 722 830 799 qui
894 718 1130 798 expleas
1196 716 1492 796 duplicem
1558 718 1732 798 istam
1797 715 2094 796 lacunam,
2165 714 2320 794 quod
2388 723 2578 775 extra-

298 827 622 888 ordinariae
675 827 937 888 fructum
995 827 1228 905 species
1283 825 1433 885 duae
1489 824 1784 885 accedunt
1838 842 2109 904 magnae,
2165 841 2414 902 quarum
2463 840 2581 882 una

298 943 390 997 est
446 943 707 1018 tonsura,
766 935 925 1014 quod
980 952 1120 994 oves
1177 952 1243 994 ac
1296 950 1505 1011 capras
1552 932 1884 992 detondunt
1930 938 2031 991 aut
2077 929 2325 1010 vellunt3
2380 929 2579 1009 altera,

247 1052 270 1092 ⁵
297 1060 448 1121 quae
500 1042 663 1103 latius
708 1050 891 1124 patet,
937 1042 1011 1103 de
1057 1041 1206 1102 lacte
1256 1048 1316 1100 et
1362 1058 1553 1120 case0,
1602 1057 1779 1119 quam
1817 1040 2141 1116 scriptores
2178 1037 2377 1116 graeci
2416 1054 2580 1114 sepa-

296 1152 470 1209 ratim
517 1148 906 1231 τυροποιίαν
942 1148 1388 1229 appellaverunt
1425 1165 1492 1206 ac
1532 1148 1907 1225 scripserunt
1945 1145 2017 1205 de
2056 1163 2123 1205 ea
2163 1162 2228 1204 re
2266 1142 2577 1223 permulta.

477 1256 587 1317 Sed
651 1258 930 1336 quoniam
996 1274 1105 1316 nos
1162 1261 1433 1316 nostrum
1490 1270 1745 1332 pensum
1804 1252 2162 1313 absolvimus
2219 1270 2285 1311 ac
2342 1249 2588 1311 limitata
2626 1249 2679 1309 II

297 1371 386 1426 est
431 1366 706 1442 pecuaria
754 1366 1040 1443 quaestio,
1088 1380 1247 1422 nunc
1286 1379 1499 1422 rursus
1546 1378 1651 1420 vos
1696 1359 1928 1420 reddite
1976 1357 2165 1440 nobiS,
2212 1378 2245 1419 ο
2283 1358 2582 1438 Epirotae,

296 1469 366 1529 de
430 1488 547 1530 una
614 1490 848 1551 quaque
914 1490 1005 1547 re,
1072 1478 1138 1530 ut
1206 1469 1533 1548 videamuS,
1599 1467 1740 1545 quid
1805 1474 2075 1545 pastores
2139 1485 2173 1526 a
2235 1465 2581 1544 Pergamide

229 1588 274 1625 1⁰
295 1575 587 1637 Maledove
637 1581 797 1656 potis
854 1580 988 1638 sint.
1080 1577 1339 1656 Atticus,
1396 1577 1499 1653 qui
1554 1583 1698 1634 tunc
1754 1573 1924 1633 Titus
1971 1573 2359 1653 Pomponius,
2414 1575 2632 1633 nunc2

299 1681 550 1753 Quintus
597 1684 887 1746 Caecilius
934 1685 1284 1763 cognomine
1332 1682 1558 1762 eodem,
1605 1681 1730 1760 Ego
1769 1682 2000 1762 opinor,
2046 1682 2258 1761 inquit,
2303 1681 2583 1758 incipiam

297 1775 557 1871 primuS,
614 1793 892 1870 quoniam
947 1792 1010 1851 in
1065 1808 1160 1851 me
1217 1789 1418 1850 videre
1476 1789 1804 1849 coniecisse
1860 1786 2091 1868 oculoS,
2148 1795 2208 1848 et
2264 1787 2454 1847 dicam
2511 1786 2583 1846 de

299 1898 642 1976 primigenia
699 1900 996 1976 pecuaria.
1089 1916 1120 1958 e
1169 1897 1312 1957 feris
1359 1898 1516 1956 enim
1566 1895 1897 1975 pecudibus
1943 1897 2201 1974 primum
2249 1894 2398 1955 dicis
2444 1912 2585 1954 oves

298 2006 730 2082 conprehensas
768 2005 841 2065 ab
879 2004 1219 2065 hominihus
1257 2023 1325 2064 ac
1363 2004 1814 2065 mansuefactaS.
1906 2002 2013 2062 has
2051 2003 2310 2081 primum
2350 2008 2586 2080 oportet

235 2118 278 2158 15
300 2110 477 2171 bonas
533 2130 760 2193 emere,
819 2130 969 2190 quae
1025 2113 1105 2171 ita
1162 2110 1233 2170 ab
1291 2118 1508 2191 aetate,
1567 2113 1619 2170 si
1676 2127 1869 2188 neque
1927 2108 2157 2168 vetulae
2204 2115 2343 2168 sunt
2388 2126 2583 2187 neque

298 2236 488 2279 merae
526 2238 728 2299 agnae,
777 2199 1188 2299 quod‘alterae
1228 2217 1398 2295 [iam]
1440 2219 1721 2298 nondum,
1768 2216 1985 2277 alterae
2023 2218 2137 2276 iam
2176 2234 2295 2275 non
2334 2223 2586 2293 possunt

302 2324 431 2385 dare
486 2327 767 2389 fructum.
863 2326 964 2386 sed
1024 2344 1089 2385 ea
1142 2324 1352 2385 melior
1399 2332 1586 2405 aetas,
1644 2343 1820 2405 quam
1869 2325 2142 2402 sequitur
2188 2340 2351 2402 spes,
2410 2339 2581 2400 quam

302 2450 363 2492 ea
422 2451 596 2511 quam
661 2452 841 2496 mors,
943 2434 1015 2494 de
1078 2434 1265 2493 forma
1330 2451 1498 2493 ovem
1561 2451 1694 2493 esse
1759 2438 1995 2512 oportet
2058 2447 2306 2508 corpore
2364 2426 2634 2507 amplo,3

435 2646 503 2695 18
540 2642 609 2695 de
648 2640 832 2696 forma.
865 2658 1088 2711 yeopon.
1131 2639 1372 2695 XVIII
1401 2646 1432 2694 1
1469 2657 1580 2709 sqq.

435 2841 463 2888 1
510 2835 736 2891 foetura
781 2834 835 2888 V
968 2835 1286 2907 numerum]
1334 2851 1621 2890 nemetum
1656 2833 1713 2888 Β
1857 2841 1888 2888 3
1934 2833 2178 2887 fructum
2218 2832 2400 2885 PAB
2438 2831 2585 2885 fruc-

305 2925 448 2978 tuum
479 2924 604 2980 A²v
732 2925 1007 3053 accedlunt
1035 2925 1176 2980 duae
1203 2941 1342 2980 corr.
1373 2924 1516 2979 duae
1545 2923 1893 2978 acceduntB
2003 2928 2037 2975 4
2064 2921 2376 2977 detendunt
2411 2920 2585 2974 VAB

307 3065 606 3123 detondent
631 3084 685 3120 m
828 3015 1026 3120 nollunt
1052 3066 1107 3119 A
1253 3071 1285 3120 5
1324 3083 1466 3135 quae
1503 3065 1676 3121 latius
1716 3064 1769 3118 V
1791 3024 1940 3132 quod
1966 3063 2138 3118 latius
2167 3063 2287 3117 AB
2428 3063 2588 3132 patet

1737 3154 1952 3207 mnemia

307 3207 368 3261 de
402 3209 548 3264 lacte
587 3208 700 3263 VB
728 3210 888 3279 patet
918 3212 977 3263 et
1002 3209 1071 3262 de
1100 3208 1248 3263 lacte
1277 3210 1397 3263 Am
1506 3216 1538 3263 6
1582 3165 2027 3262 ΤΥΡΟΤΟΟΙαῑι
2058 3207 2115 3260 Ρ
2134 3206 2298 3275 typot
2325 3203 2488 3261 coian
2514 3204 2589 3274 A,

309 3333 364 3386 in
395 3335 599 3389 lacwna
634 3348 734 3388 om.
773 3339 823 3388 et
858 3335 921 3389 in
956 3332 1205 3402 maryi‘ne
1239 3350 1312 3401 gc
1338 3333 1412 3400 B,
1449 3334 1567 3387 sine
1604 3335 1809 3388 lacuna
1843 3348 1945 3388 om.
1980 3348 2014 3386 v
2149 3307 2507 3401 appellarunt
2531 3331 2589 3384 Β

471 3431 503 3478 8
573 3424 842 3492 epyrotae
897 3423 952 3475 Β
1169 3426 1202 3475 9
1269 3438 1303 3476 a.
1364 3421 1693 3491 pergamide
1747 3421 1868 3477 AB
1934 3420 2211 3476 Victorius
2273 3420 2587 3490 apergami-

312 3510 403 3565 dae
456 3513 505 3566 V
650 3519 733 3567 10·
775 3511 1068 3566 maledoue
1114 3510 1228 3564 PB
1284 3511 1558 3567 Victorius
1614 3511 1945 3564 malednoue
1982 3515 2060 3565 ut
2111 3510 2353 3576 videtwr,
2405 3511 2499 3565 sed
2552 3529 2589 3563 n

313 3599 521 3656 deletum
561 3603 617 3655 A
654 3601 946 3656 maledone
982 3617 1079 3655 mv
1196 3599 1509 3669 ponponius
1544 3599 1604 3653 A
1725 3605 1789 3652 11
1831 3597 2199 3668 ‘cognomine
2238 3598 2449 3653 eodem.
2490 3599 2592 3652 Ita

315 3691 589 3746 mendatii
615 3707 683 3746 ex
710 3689 953 3758 inqenio'
997 3689 1275 3744 Victorius
1303 3705 1430 3743 cum
1457 3689 1681 3744 nomine
1711 3688 1909 3744 eodem
1943 3687 2120 3743 VAB
2263 3687 2445 3754 inquit
2476 3685 2589 3739 VB

310 3775 488 3846 inquid
523 3779 586 3835 A
733 3785 796 3833 12
837 3778 1136 3845 ‘Quoniam
1172 3779 1233 3833 in
1267 3795 1358 3833 me
1393 3777 1586 3833 uidere
1625 3777 1927 3833 coniecisse
1966 3778 2171 3833 oculoS.
2245 3775 2343 3831 Ita
2376 3781 2496 3831 erat
2526 3777 2592 3830 in

315 3880 467 3922 manu
507 3868 764 3938 scriptia,
813 3873 864 3923 et
917 3869 1001 3922 ita
1047 3868 1219 3922 scribi
1253 3867 1424 3922 uolui.
1506 3867 1728 3935 Videre,
1767 3883 1877 3935 pro
1925 3866 2168 3933 Videris.
2215 3867 2356 3935 cepit
2380 3887 2398 3919 .·
2428 3872 2492 3921 ut
2527 3867 2591 3920 in

316 3953 400 4008 illo
436 3958 603 4012 etiam
640 3957 771 4025 loco,
810 3958 907 4026 qui
943 3962 1049 4023 est,
1086 3957 1186 4012 ubi
1221 3957 1341 4028 aqit
1377 3956 1443 4011 de
1476 3957 1670 4011 suibus
1705 3954 1821 4026 [II
1849 3959 1902 4022 4,
1939 3955 2026 4025 1],
2063 3955 2351 4023 Iynorare,
2388 3955 2589 4022 inquit,

266 4053 283 4073 ⁸
319 4043 501 4114 uidere,
540 4061 645 4100 eur
682 4046 923 4115 appeller
959 4045 1174 4112 Scrofa.
1250 4045 1346 4100 Sic
1382 4048 1525 4099 enim
1552 4045 1671 4099 illic
1697 4045 1860 4099 etiam
1886 4045 2085 4099 habent
2113 4043 2331 4112 antiqui
2359 4043 2584 4096 codices'

329 4129 588 4190 Victorius
696 4134 999 4191 coniecisse
1025 4152 1058 4189 v
1089 4134 1356 4189 conicisse
1388 4134 1504 4188 ΡΑ
1533 4133 1845 4189 eonnicisse
1864 4135 1919 4187 B
2031 4139 2096 4187 13
2133 4131 2427 4203 pecuariae
2454 4129 2589 4186 feris

331 4217 428 4274 VB
468 4223 732 4294 pecuaria
779 4223 910 4280 ferie
947 4225 1068 4280 Am
1209 4224 1452 4295 primum
1500 4223 1640 4278 dicis
1689 4225 1846 4294 oves]
1888 4223 1971 4278 De
2010 4222 2206 4276 ouibus
2243 4222 2308 4275 in
2342 4222 2591 4290 maraine

323 4311 523 4369 rubrica
559 4314 619 4369 A
730 4318 798 4367 14
835 4312 1243 4382 conprehensas
1279 4312 1335 4366 A
1373 4312 1804 4383 comprehensas
1846 4311 1902 4366 V
1930 4311 2391 4380 compraehensus
2426 4310 2482 4364 Β

326 4412 381 4450 ac
413 4401 817 4457 mansuefactae
867 4401 976 4456 Vm
1013 4418 1080 4455 ac
1116 4401 1486 4456 mansuefactae
1523 4403 1578 4455 A
1615 4399 2119 4455 ammansuefactas
2147 4399 2202 4452 Β
2314 4403 2379 4452 15
2414 4398 2591 4454 bonas

328 4498 485 4544 emere
518 4490 632 4545 VA
669 4507 854 4546 emere
890 4491 1065 4544 bonas
1092 4489 1149 4543 Β
1260 4494 1325 4544 17
1362 4489 1560 4545 melior
1597 4490 1753 4544 aetas
1789 4487 1897 4542 Vm
1933 4486 2167 4556 meliora·
2204 4489 2323 4541 etas
2350 4488 2405 4540 A
2442 4504 2478 4541 a
2503 4504 2591 4541 ex-

324 4584 504 4642 puncto
556 4579 642 4637 Α2
697 4577 933 4652 meliora.
986 4578 1143 4632 aetas
1196 4577 1253 4633 Β
1397 4584 1464 4635 18
1512 4594 1632 4633 esse
1679 4575 1906 4647 oportet
1955 4575 2068 4632 VB
2113 4577 2337 4648 oportet
2380 4592 2499 4632 esse
2535 4576 2590 4630 A
