3178 5185
1326 408 1735 462 PRAEFATIO
2599 406 2676 460 XI

369 576 706 637 secundum
768 576 988 637 librum
1038 579 1254 655 scripta
1305 585 1444 637 sunt
1489 577 1662 657 haec,
1720 579 1992 653 Explicit
2037 579 2193 637 liber
2231 578 2468 653 primus
2514 594 2673 636 mar-

369 688 462 745 cii
516 686 796 744 callionis
866 687 960 745 De
1024 687 1426 759 Aqricullura
1484 686 1710 761 Incipit
1765 687 2084 746 Secundus
2133 682 2403 758 feliciter
2456 688 2681 744 marcii

371 795 638 852 terencii
680 795 969 853 varronis
1020 792 1253 852 Rerum
1292 793 1707 852 Rusticarum.
1801 791 1893 849 his
1939 785 2269 850 rationibus
2317 790 2537 850 factum
2586 799 2678 851 est

371 906 443 958 ut
511 896 860 979 BandiniUS,
946 901 1046 976 qui
1123 897 1388 958 codicem
1467 898 1784 977 descripsit
1858 896 2022 957 catal.
2099 896 2227 956 cod.
2303 895 2462 958 latin.
2536 896 2678 958 bibl.

372 1005 659 1065 Laurent.
720 1026 770 1066 v.
817 1020 868 1065 11
914 1025 969 1084 p.
1022 1003 1131 1084 74,
1188 1005 1339 1065 duos
1387 1006 1581 1064 inesse
1633 1003 1861 1063 diceret
1907 1002 2145 1063 Catonis
2192 1001 2377 1062 libros
2425 1011 2484 1063 et
2526 1004 2676 1064 duos

374 1112 680 1172 Varronis
754 1113 912 1173 idem
955 1116 1174 1173 veteris
1214 1114 1577 1191 possessoris
1619 1130 1831 1172 nomen
1872 1113 1931 1170 in
1970 1111 2085 1170 fine
2125 1110 2347 1170 codicis
2386 1112 2676 1189 scriptum

374 1239 512 1280 esse
554 1219 835 1280 indicavit
877 1222 977 1301 ita,
1015 1216 1340 1280 ‘Francisci
1381 1218 1632 1279 Sassetti
1669 1218 1928 1278 Thomae
1967 1216 2072 1278 filii
2111 1217 2271 1278 Ciuis
2310 1215 2679 1279 Florentini'.

373 1335 470 1387 est
528 1335 724 1387 autem
782 1325 881 1387 hic
937 1329 1063 1406 ipse
1121 1326 1269 1387 alter
1325 1325 1423 1386 ille
1481 1325 1693 1406 codex,
1751 1343 1925 1404 quem
1974 1324 2300 1386 Politianus
2346 1334 2484 1405 post
2527 1325 2675 1386 Mar-

372 1436 616 1494 cianum
686 1452 820 1494 cum
878 1436 1147 1513 principe
1208 1434 1465 1494 editione
1524 1432 1800 1513 contulit,
1858 1432 2232 1511 eundemque
2291 1452 2362 1493 ex
2416 1432 2676 1493 Medicea

373 1541 737 1603 bibliotheca
797 1541 1212 1620 depromptum
1274 1540 1478 1602 habuit
1525 1540 1848 1620 Victorius,
1908 1542 2010 1619 qui
2067 1558 2203 1600 eum
2260 1542 2677 1601 semiuoterem

374 1649 469 1709 vel
521 1647 884 1709 Gallicanum
948 1648 1036 1709 vel
1096 1668 1125 1708 a
1174 1648 1393 1709 Gallico
1452 1648 1691 1708 homine
1749 1649 2037 1726 scriptum
2095 1647 2293 1707 dicere
2351 1650 2676 1709 consuevit.

372 1760 579 1835 itaque
628 1754 957 1816 Victorium
1008 1764 1252 1817 secutus
1299 1754 1632 1816 Mediceum
1680 1753 1983 1834 appellavi.

557 1861 632 1922 Hi
661 1863 779 1924 duo
810 1866 991 1943 igitur
1021 1863 1256 1923 codices
1289 1870 1355 1923 ut
1388 1871 1576 1923 aetate
1599 1862 1860 1941 reliquos
1883 1871 2186 1944 superant,
2212 1864 2291 1922 ita
2313 1865 2677 1942 cognationis

371 1972 634 2050 quodam
673 1970 909 2031 vinculo
950 1973 1106 2032 inter
1149 1990 1211 2031 se
1254 1973 1557 2031 coniuncti
1597 1977 1736 2030 sunt
1773 1978 1832 2029 et
1870 1969 2099 2029 diversa
2130 1989 2159 2029 a
2193 1972 2410 2030 ceteris
2448 1973 2674 2031 ratione

372 2098 447 2139 ex
496 2080 802 2138 communi
850 2079 1115 2138 omnium
1163 2078 1482 2158 archetypo
1521 2077 1799 2138 videntur
1838 2076 2000 2137 ducti
2040 2095 2189 2137 esse.
2264 2075 2482 2137 habent
2520 2080 2675 2137 enim

334 2205 554 2265 saepe
603 2187 877 2265 proprias
925 2186 1206 2265 quasdam
1254 2186 1559 2265 lectioneS,
1609 2204 1758 2264 quae
1807 2203 1942 2244 cum
1990 2187 2046 2244 in
2098 2183 2309 2244 italicis
2352 2182 2518 2243 libris
2557 2202 2673 2244 non

374 2294 777 2374 inveniantur,
815 2311 888 2352 ex
927 2294 1258 2371 antiquiore
1298 2291 1467 2372 libro,
1507 2311 1574 2351 ex
1618 2310 1736 2371 quo
1775 2299 2071 2369 tamquam
2111 2308 2144 2349 e
2184 2293 2483 2351 communi
2513 2292 2675 2352 fonte

375 2401 686 2464 Parisinus
717 2407 777 2459 et
796 2398 1098 2459 Mediceus
1128 2398 1413 2478 descripti
1441 2407 1626 2472 erant,
1658 2397 1727 2457 ad
1751 2396 1882 2457 illos
1902 2404 2255 2476 propagatae
2277 2406 2432 2458 sunt.
2481 2417 2675 2478 neque

378 2509 538 2567 enim
587 2524 658 2566 ex
707 2508 837 2585 ipso
881 2506 1148 2566 Parisino
1199 2506 1400 2566 codice
1450 2489 1707 2566 describi
1754 2507 1948 2584 potuit
1984 2503 2304 2584 MediceuS,
2352 2507 2507 2585 quod
2558 2525 2674 2567 non

376 2614 538 2674 nulla
577 2616 640 2674 in
679 2613 779 2673 illo
820 2614 945 2713 solo
985 2623 1263 2693 corrupta
1305 2615 1392 2674 vel
1426 2615 1641 2674 omissa
1672 2624 1830 2694 sunt,
1868 2630 2019 2692 quae
2048 2614 2279 2691 integra
2308 2612 2586 2692 leguntur
2615 2616 2674 2674 in

377 2721 673 2801 Mediceo,
732 2723 888 2781 sicut
932 2724 991 2781 in
1041 2721 1314 2801 reliquiS,
1377 2739 1569 2799 neque
1619 2739 1687 2780 ex
1737 2720 2006 2780 Parisino
2052 2720 2174 2798 peti
2221 2728 2512 2798 poterant.
2606 2740 2673 2780 ex

378 2830 684 2889 communi
731 2836 929 2889 autem
978 2830 1240 2889 omnium
1289 2828 1608 2908 archetypo
1647 2830 1828 2888 istum
1871 2826 2108 2909 librum,
2154 2846 2226 2887 ex
2266 2846 2382 2906 quo
2424 2836 2675 2908 uterque

379 2936 598 2997 ductus
646 2943 756 3016 est,
804 2935 1168 3014 descriptum
1219 2936 1421 3016 fuisse,
1467 2954 1585 2995 non
1635 2935 1707 2995 ab
1756 2937 2088 3014 antiquiore
2137 2936 2365 3013 origine
2405 2943 2676 3015 repeten-

379 3044 523 3104 dum
591 3061 723 3103 esse
798 3041 929 3102 dico
985 3051 1329 3124 propterea,
1398 3042 1554 3122 quod
1615 3060 1800 3122 pauca
1856 3044 1918 3102 in
1974 3060 2044 3102 eo
2101 3044 2325 3102 rectius
2384 3060 2558 3121 quam
2616 3045 2675 3102 in

380 3131 679 3210 Marc-iano
737 3149 939 3209 codice
999 3151 1218 3227 scripta
1279 3158 1473 3228 erant,
1531 3167 1719 3227 eaque
1769 3150 1964 3209 omnia
2010 3150 2091 3208 ita
2139 3157 2472 3227 comparata
2522 3158 2682 3231 sunt,

384 3266 452 3319 ut
500 3258 845 3317 coniectura
892 3254 1061 3316 facile
1109 3258 1361 3316 inveniri
1407 3258 1729 3335 potuerint.
1820 3255 2092 3335 plurimis
2140 3258 2296 3315 enim
2349 3255 2494 3316 locis
2542 3275 2678 3316 con-

388 3385 603 3427 sensus
651 3365 905 3425 Parisini
963 3370 1022 3423 et
1076 3362 1326 3424 Medicei
1376 3364 1599 3424 codicis
1647 3365 1708 3423 in
1756 3363 2171 3423 communibus
2221 3363 2572 3441 quibusdam
2621 3374 2682 3426 et

387 3473 720 3533 manifestis
787 3472 1119 3549 scripturae
1185 3472 1341 3530 vitiis
1407 3472 1792 3549 conspicitur.
1893 3471 2092 3549 itaque
2160 3472 2209 3530 si
2277 3470 2420 3530 haec
2477 3474 2556 3530 ita
2615 3490 2678 3532 se

388 3580 629 3659 habent,
678 3588 746 3638 ut
792 3578 929 3658 dixi,
979 3596 1067 3658 ex·
1097 3576 1393 3638 Marciano
1442 3577 1665 3657 codice,
1714 3586 2028 3657 antequam
2075 3579 2126 3637 is
2175 3576 2532 3638 Florentiam
2583 3578 2679 3638 de-

384 3687 540 3747 latus
602 3693 721 3766 est,
791 3686 1008 3745 factum
1066 3692 1194 3744 erat
1249 3684 1679 3765 apographum,
1736 3702 1807 3743 ex
1867 3703 1984 3763 quo
2040 3686 2298 3763 primum
2356 3685 2681 3767 ParisinuS,

393 3792 605 3853 deinde
666 3799 907 3853 centum
967 3799 1026 3851 et
1083 3793 1508 3870 quinquaginta
1568 3791 1692 3851 fere
1749 3793 1920 3851 annis
1966 3799 2103 3869 post
2147 3790 2449 3851 Mediceus
2497 3793 2677 3852 codex

392 3900 732 3979 descriptus
791 3907 896 3958 est.
992 3897 1096 3957 sed
1145 3899 1197 3956 is
1246 3900 1348 3976 qui
1395 3898 1729 3958 Parisinum
1778 3897 2045 3959 codicem
2094 3900 2336 3978 scripsit
2380 3906 2679 3958 vetustum

391 4006 724 4086 exemplum
787 4024 898 4085 qua
957 4006 1204 4064 maxima
1254 4014 1486 4085 poterat
1533 4005 1647 4065 fide
1695 4008 2015 4087 expressit,
2073 4014 2131 4066 et
2177 4023 2532 4085 quamquam
2580 4024 2679 4066 ne-

394 4113 682 4193 glegentia
750 4111 842 4172 vel
905 4113 1235 4191 ignorantia
1302 4131 1478 4191 saepe
1544 4112 1745 4192 lapsus
1801 4120 1893 4172 est
1949 4105 2092 4195 (fuit
2149 4115 2304 4173 enim
2363 4131 2563 4172 rerum
2623 4122 2681 4174 et

395 4219 714 4280 verborum
781 4238 931 4297 quae
989 4219 1305 4299 descripsit
1360 4219 1532 4300 plane
1588 4213 1889 4303 ignarus),
1953 4228 2149 4280 tamen
2208 4220 2352 4279 nihil
2409 4221 2679 4281 consulto

394 4329 666 4408 mutavit,
724 4326 853 4386 sed·
887 4330 1081 4388 omnia
1139 4330 1295 4388 sicut
1356 4330 1575 4406 scripta
1633 4329 1940 4387 invenerat
1996 4330 2054 4386 in
2115 4345 2286 4386 suum
2346 4327 2679 4408 exemplum

392 4432 710 4495 transtulit.
804 4453 921 4514 quo
977 4436 1197 4494 factum
1260 4443 1352 4495 est
1397 4444 1488 4516 ut,
1547 4437 1814 4513 quamvis
1860 4436 2055 4514 ipsum
2105 4434 2490 4513 archetypum
2540 4437 2681 4494 scri-

398 4540 562 4601 benti
618 4548 755 4601 ante
812 4540 1015 4602 oculos
1050 4523 1188 4601 non
1247 4543 1454 4624 fuerit,
1513 4550 1708 4603 tamen
1765 4540 1950 4601 multa
2007 4548 2281 4602 accurate
2338 4560 2408 4601 ex
2466 4560 2536 4601 eo
2583 4560 2679 4601 ex-
