3178 5185
534 373 539 378 “
585 405 720 469 270
1570 405 1943 460 VARRONIS

587 574 782 632 minus
830 590 959 631 esse
1008 570 1201 630 villam
1249 590 1376 631 eam
1426 591 1575 650 quae
1624 580 1783 631 esset
1830 571 2075 650 simplex
2125 572 2367 650 rustica,
2415 588 2593 648 quam
2645 588 2790 629 eam
2844 571 2906 628 in

588 698 701 757 qua
759 686 917 738 esset
971 685 1321 758 utrumque,
1376 686 1435 737 et
1493 697 1559 737 ea
1619 685 1679 738 et
1725 677 1978 756 urbana,
2036 685 2096 736 et
2143 683 2437 755 rogasset,
2495 676 2637 755 quid
2693 695 2773 734 ex
2831 677 2908 733 iis

588 785 768 845 rebus
816 784 1147 865 colligeret,
1204 783 1401 855 Quid?
1466 787 1685 864 inquit,
1735 786 1783 844 si
1832 791 2077 864 propter
2123 786 2424 861 pastiones
2469 792 2611 842 tuus
2664 782 2908 842 fundus

588 893 648 951 in
695 892 871 951 Rosia
919 892 1263 971 probandus
1310 895 1403 972 sit,
1451 900 1509 951 et
1558 891 1715 970 quod
1764 891 1846 951 ibi
1894 893 2157 970 pascitur
2203 909 2387 968 pecus
2425 909 2492 950 ac
2530 889 2908 969 stabulatur,

588 1008 751 1059 recte
808 999 943 1059 villa
1001 1000 1358 1079 appellatur,
1414 1000 1557 1059 haec
1608 1017 1845 1078 quoque
1894 998 2072 1084 simili
2119 999 2190 1058 de
2238 1016 2412 1058 causa
2461 996 2640 1056 debet
2689 998 2907 1056 vocari
2963 1009 2987 1048 5

496 1110 571 1165 11
598 1105 758 1186 villa,
813 1108 876 1166 in
932 1126 1044 1186 qna
1103 1114 1347 1186 propter
1403 1109 1703 1185 pastiones
1761 1107 1993 1165 fructus
2050 1107 2368 1183 capiuntur
2422 1107 2635 1183 magni.
2750 1104 2903 1184 quid

590 1216 747 1273 enim
796 1214 998 1294 refert,
1048 1222 1246 1274 utrum
1294 1222 1540 1293 propter
1587 1232 1745 1293 oveS,
1793 1232 1865 1272 an
1913 1220 2158 1291 propter
2197 1231 2334 1272 aves
2372 1213 2603 1271 fructus
2644 1207 2908 1291 capias?

589 1339 741 1379 anile
799 1320 1031 1380 dulcior
1085 1329 1177 1380 est
1234 1321 1466 1381 fructus
1522 1328 1667 1399 aput
1723 1329 1780 1379 te
1838 1339 1910 1379 ex
1965 1319 2189 1379 bubulo
2236 1337 2479 1398 pecore,
2536 1318 2699 1378 unde
2752 1337 2904 1397 apes

592 1435 945 1506 nascuntur,
1004 1446 1179 1506 quam
1229 1447 1299 1487 ex
1348 1427 1584 1508 apibus,
1639 1445 1788 1507 quae
1838 1427 1906 1486 ad
1956 1426 2151 1486 villam
2200 1425 2298 1485 Sei
2345 1428 2405 1485 in
2453 1425 2690 1486 alvariis
2741 1443 2904 1504 opus

594 1529 860 1594 faciunt?
916 1541 975 1592 et
1022 1553 1164 1593 num
1212 1533 1400 1613 pluris
1449 1533 1576 1610 [tua
1624 1531 1784 1610 villa]
1834 1532 1954 1593 illic
2003 1541 2172 1594 natos
2218 1552 2420 1593 verres
2468 1532 2622 1592 lanio
2665 1533 2903 1612 vendiS,
2936 1545 2985 1582 10

504 1645 580 1700 12
605 1659 778 1720 quam
829 1639 966 1700 hinc
1013 1659 1190 1719 apros
1238 1640 1569 1701 macellario
1611 1636 1828 1701 Seius?
1893 1639 2006 1709 Qui
2048 1642 2245 1700 minus
2283 1659 2409 1720 ego,
2456 1642 2649 1718 iuquit
2689 1641 2906 1720 Axius,

595 1747 994 1807 istas-habere
1033 1766 1275 1827 possum
1314 1751 1377 1807 in
1417 1748 1665 1807 Reatina
1704 1743 1881 1807 villa‘?
1936 1749 2053 1806 nisi
2091 1749 2143 1806 si
2180 1747 2334 1825 apud
2378 1747 2580 1807 Seium
2621 1746 2904 1808 Siculum

593 1856 659 1914 fit
724 1854 866 1934 mel,
936 1835 1244 1914 Corsicum
1311 1857 1371 1914 in
1434 1855 1705 1935 Reatin03
1772 1863 1832 1914 et
1897 1853 1992 1913 hic
2050 1872 2261 1931 aprum
2317 1854 2440 1932 glas
2497 1872 2632 1913 cum
2701 1856 2903 1933 pascit

594 1964 897 2041 empticia,
945 1962 1083 2021 facit
1129 1963 1437 2039 pinguem,
1485 1960 1604 2021 illic
1653 1963 1908 2039 gratuita
1956 1960 2184 2020 exilem.
2276 1960 2525 2039 AppiuS,
2585 1959 2775 2020 Posse
2824 1960 2902 2020 ad

594 2076 653 2129 te
710 2070 865 2149 fieri,
923 2070 1142 2147 inquit,
1201 2068 1441 2128 Seianas
1499 2070 1801 2146 pastiones
1856 2087 1974 2127 non
2023 2070 2258 2144 negavit
2305 2066 2556 2147 Merula;
2613 2085 2725 2145 ego
2776 2087 2898 2128 non
2933 2079 2980 2119 15

506 2180 582 2238 13
606 2195 736 2236 esse
801 2178 928 2253 ipse
994 2175 1129 2235 vidi.
1232 2175 1348 2235 duo
1415 2176 1570 2234 enim
1629 2194 1847 2253 genera
1905 2194 2041 2235 cum
2097 2177 2217 2234 sint
2274 2176 2638 2255 pastionum,
2705 2194 2900 2236 unum

596 2289 858 2362 agreste,
912 2283 975 2341 in
1023 2301 1140 2360 quo
1188 2284 1501 2360 pecuariae
1549 2290 1715 2362 sunt,
1772 2282 2024 2342 alterum
2075 2282 2421 2362 villaticum,
2477 2284 2539 2342 in
2587 2301 2706 2360 quo
2757 2291 2902 2343 sunt

598 2391 844 2470 gallinae
893 2408 959 2449 ac
1007 2389 1313 2449 columbae
1362 2398 1421 2450 et
1468 2408 1609 2470 apes
1657 2399 1716 2451 et
1755 2398 1969 2474 cetera,
2019 2409 2169 2468 quae
2209 2392 2270 2449 in
2313 2390 2441 2449 villa
2480 2390 2673 2450 solent
2711 2392 2901 2471 pasci,

599 2499 671 2558 de
740 2496 956 2577 quihus
1023 2504 1081 2556 et
1136 2497 1374 2557 Poenus
1429 2496 1599 2575 Mago
1664 2507 1724 2558 et
1779 2498 2016 2558 Cassius
2072 2496 2389 2577 Dionysius
2455 2506 2515 2558 et
2578 2497 2674 2557 alii
2735 2498 2898 2576 quod

782 2749 806 2796 1
866 2740 1061 2794 uillam
1109 2757 1231 2795 eam
1277 2741 1399 2796 AB
1442 2741 1638 2795 uillam
1688 2757 1754 2795 ea
1810 2742 1863 2793 V
2036 2741 2249 2795 rustica
2304 2741 2414 2795 Vm
2459 2741 2726 2796 rusticam
2775 2741 2896 2795 AB

776 2830 835 2884 in
882 2847 995 2899 qua
1042 2830 1337 2884 Iucundus
1383 2829 1442 2883 in
1490 2846 1600 2899 quo
1650 2830 1829 2884 VAB
2009 2836 2040 2883 2
2089 2833 2148 2884 et
2192 2847 2260 2884 ea
2306 2833 2364 2883 et
2410 2829 2626 2883 urbana
2670 2830 2897 2883 inclusit

605 2921 873 2975 Gesnerus
1053 2936 1120 2973 ex
1164 2917 1233 2971 iis
1276 2918 1460 2972 PAB
1497 2936 1565 2973 ex
1602 2918 1690 2972 his
1728 2936 1759 2972 v
1942 2925 1973 2972 3
2012 2918 2194 2987 inquit
2241 2920 2355 2973 VB
2391 2916 2588 2987 inquid
2625 2918 2681 2972 A
2861 2924 2896 2971 4

599 3009 748 3065 rosia
767 3008 942 3063 PAB
969 3025 1130 3062 rosea
1155 3025 1187 3062 v
1279 3008 1354 3062 sit
1380 3009 1572 3062 delevit
1598 3008 1834 3062 Ursinus
1925 3015 1956 3063 6
1987 3009 2284 3076 capiuntur
2310 3026 2363 3062 m
2392 3008 2684 3077 capiantur
2712 3006 2895 3062 VAB

710 3106 739 3154 7
779 3115 849 3152 an
887 3100 1116 3168 propter
1150 3114 1201 3151 m
1240 3100 1338 3151 aul:
1373 3100 1607 3166 propter
1655 3097 1831 3150 VAB
1940 3104 1973 3152 8
2012 3099 2151 3167 aput
2186 3098 2239 3150 A
2281 3097 2429 3167 apud
2474 3097 2584 3150 VB
2692 3114 2762 3151 ex
2796 3097 2894 3151 bu·
2979 3160 2984 3164 ,

600 3189 734 3243 bulo
782 3187 894 3241 VB
941 3188 999 3240 el:
1042 3185 1252 3240 bubulo
1291 3187 1346 3240 A
1393 3203 1423 3240 e
1468 3185 1681 3241 bubulo
1719 3205 1771 3241 m
1951 3193 1982 3240 9
2031 3204 2163 3241 aues
2199 3188 2505 3240 nascuntur
2546 3187 2725 3240 PAB
2763 3203 2895 3256 apes

602 3277 901 3331 nascantur
945 3293 977 3329 v
1121 3277 1193 3329 ad
1244 3274 1438 3329 uillam
1485 3275 1533 3329 si
1580 3275 1638 3328 in
1684 3273 1913 3330 alnariis
1961 3276 2016 3329 A
2063 3276 2136 3328 ad
2182 3275 2379 3329 uillam
2425 3274 2522 3329 Sin
2570 3275 2799 3329 aluariis
2846 3276 2901 3329 P

601 3365 673 3418 ad
720 3363 920 3418 uillam
969 3364 1013 3418 si
1061 3364 1119 3417 in
1169 3363 1432 3419 alueariis
1469 3364 1525 3416 Β
1574 3366 1644 3418 ad
1692 3365 1888 3418 uillam
1929 3365 2026 3419 Sin
2065 3363 2330 3419 alueariis
2367 3382 2398 3419 v
2438 3364 2509 3417 ad
2546 3363 2744 3418 uillam
2785 3362 2896 3418 Seii

601 3454 661 3507 in
698 3451 959 3507 alueariis
1000 3454 1234 3508 Ursinus
1356 3459 1420 3507 10
1459 3455 1516 3508 et
1551 3472 1682 3507 num
1713 3471 1744 3508 v
1784 3455 1844 3508 et
1876 3471 2023 3508 nunc
2052 3453 2230 3508 PAB
2337 3454 2437 3507 tua
2473 3452 2613 3507 uilla
2654 3454 2766 3507 VB
2801 3456 2895 3507 tue

603 3561 639 3598 a
657 3529 797 3597 uffla
816 3544 869 3595 A
948 3549 1007 3597 11
1032 3542 1356 3598 macellario
1378 3541 1535 3597 Seius
1562 3543 1849 3598 Turnebus
1867 3545 2073 3598 advers.
2095 3550 2150 3610 8,
2166 3548 2202 3598 7
2219 3541 2571 3597 macellarios
2591 3541 2711 3596 eius
2723 3543 2896 3596 PAB

602 3631 896 3686 milliarios
946 3632 1085 3686 emis
1131 3649 1181 3688 v.
1259 3631 1460 3698 ‘Quam
1509 3631 1642 3686 hinc
1695 3649 1860 3701 apros
1900 3631 2252 3687 macellarios
2292 3633 2465 3689 Seius,
2546 3633 2716 3687 Totus
2753 3633 2898 3685 locus

606 3722 884 3788 uariatus,
922 3722 987 3775 in
1022 3738 1129 3791 quo
1166 3737 1259 3791 eqo
1299 3723 1678 3776 auctoritatem
1705 3728 1946 3776 ueterum
1974 3723 2241 3776 librorum
2267 3727 2480 3776 secutus
2507 3738 2641 3776 sum.
2718 3722 2892 3776 Modi-

605 3827 724 3865 cam
773 3811 1099 3878 libertatem,
1154 3828 1318 3880 quam
1363 3812 1500 3865 mihi
1536 3812 1797 3887 permisi,
1851 3828 2002 3866 nunc
2041 3812 2380 3880 patefaciam
2407 3832 2423 3863 .·
2452 3827 2618 3880 eaque
2662 3828 2744 3864 me
2788 3827 2896 3864 non

605 3902 1027 3971 intemperanter
1073 3917 1231 3954 usum
1278 3901 1581 3955 declarabo,
1659 3901 1739 3954 In
1775 3902 1987 3955 cunctis
2022 3889 2269 3969 antiquis
2306 3899 2467 3969 Eine,
2514 3904 2754 3954 extrema
2790 3915 2897 3953 uox

606 3995 741 4056 erat,
779 4006 847 4043 ex
883 4007 994 4058 qua
1029 4006 1147 4043 una
1185 3990 1381 4044 addita
1418 3990 1602 4057 litera,
1641 3988 1798 4044 Seius
1833 3990 1962 4056 seci'
2013 3989 2290 4045 Victorius
2432 3988 2619 4057 inquit
2665 3988 2780 4043 VB
2818 3989 2891 4041 in·

606 4078 741 4147 quid
779 4077 835 4131 A
989 4084 1054 4131 12
1104 4078 1252 4148 apud
1297 4077 1454 4132 seiun
1492 4079 1545 4131 A
1694 4085 1760 4132 13
1808 4079 1933 4147 glas
1972 4080 2085 4134 PB
2130 4079 2254 4149 glas
2293 4080 2346 4131 A
2393 4077 2554 4146 glans
2591 4095 2688 4132 mv
2835 4081 2898 4129 14

607 4168 682 4223 ad
725 4170 783 4222 te
819 4168 940 4223 AB
996 4167 1274 4221 Victorius
1318 4167 1465 4236 apud
1512 4168 1571 4221 te
1629 4167 1682 4218 V
1859 4172 1923 4220 15
1977 4167 2162 4236 inquii:
2214 4168 2324 4221 VB
2368 4167 2563 4236 inquid
2599 4167 2655 4222 A
2836 4170 2898 4218 16

609 4257 928 4326 pastionum
976 4257 1090 4310 VB
1126 4256 1414 4326 pastiones
1452 4273 1587 4312 corr.
1632 4287 1691 4294 -
1736 4255 1784 4309 is
1822 4257 1893 4325 A,
1935 4258 2034 4311 ubi
2069 4258 2133 4311 in
2167 4258 2413 4327 maryine
2451 4257 2792 4325 adscriptum
2828 4259 2900 4309 est

609 4347 718 4399 duo
774 4352 886 4414 gna
939 4346 1259 4415 pastionum
1312 4347 1521 4399 minore
1564 4346 1864 4414 scriptura,
1919 4347 2011 4400 sed
2064 4347 2246 4401 eadem
2299 4362 2498 4412 manu,
2555 4351 2618 4399 ut
2671 4347 2900 4410 videtur,

608 4433 883 4502 pastionis
911 4452 964 4488 m
1063 4440 1128 4488 18
1159 4438 1383 4489 caetera
1411 4434 1464 4485 V
1553 4439 1617 4487 19
1647 4434 1932 4503 dionysius
1965 4435 2077 4489 VB
2106 4435 2374 4489 dionisius
2400 4436 2455 4489 A
2545 4435 2696 4502 quod
2728 4435 2902 4488 VAB

612 4524 746 4592 quid
784 4540 835 4577 m
875 4525 1183 4578 Iucundus.
1249 4524 1479 4590 sortasse
1516 4523 1794 4590 quaedam
1831 4529 1879 4579 et
1914 4526 2106 4579 deinde
2145 4542 2287 4593 quae
2325 4524 2484 4578 Seius
