3178 5185
592 425 675 488 14
1271 431 1653 487 COMMENT.
1690 432 1772 485 IN
1807 431 2185 486 VARRONIS

590 587 770 646 verbo
816 594 1220 647 nascerentur
1267 588 1562 669 coniunxi,
1602 588 1930 661 effodiebat
1976 590 2212 648 circum
2260 588 2514 648 arbores
2566 607 2600 649 e
2647 591 2870 649 radici
2878 621 2893 631 ·

588 697 697 755 bus
743 713 901 769 quae
946 702 1367 754 nascerentur.

765 800 1097 861 Eiusdem
1127 803 1364 880 gentis
1394 800 1454 861 C.
1478 800 1801 862 Licinius
1830 811 1911 862 tr.
1943 802 2026 881 pl.
2060 821 2216 863 cum
2255 811 2448 862 esset
2479 810 2642 881 post
2671 820 2895 880 reges

589 917 880 968 exactos
918 909 1125 967 annis
1154 906 1444 967 CCCLXV
1472 909 1745 986 primus
1792 907 2131 987 populum
2160 907 2240 967 ad
2279 909 2476 988 leges
2514 910 2894 986 accipien-

588 1016 709 1075 das
750 1018 820 1075 in
858 1026 1129 1094 septem
1167 1018 1415 1093 iugera
1455 1016 1773 1075 forensia
1813 1034 1845 1074 e
1885 1018 2174 1076 comitio
2215 1014 2498 1093 eduxit]
2529 1017 2590 1074 E
2621 1019 2898 1076 comitiis

587 1122 829 1202 Merula,
868 1122 1171 1201 archetypi
1211 1124 1566 1201 scripturam
1606 1121 1902 1183 Victorius
1941 1125 2218 1184 restituit.
2280 1123 2342 1184 C.
2380 1123 2676 1183 Licinium
2714 1121 2895 1182 Cras-

589 1248 738 1309 sum,
760 1232 863 1308 qui
891 1247 941 1288 a.
963 1226 1111 1310 609,
1132 1229 1187 1289 h.
1211 1248 1259 1288 e.
1282 1232 1566 1290 trecentis
1598 1232 1895 1309 sexaginta
1927 1232 2189 1309 quinque
2220 1232 2387 1290 annis
2416 1241 2550 1309 post
2579 1248 2761 1308 reges
2792 1248 2894 1289 ex-

589 1348 771 1419 actos,
809 1336 1086 1397 tribunus
1132 1336 1322 1415 plebis
1362 1337 1492 1419 fuit,
1530 1337 1648 1397 dici
1684 1339 1912 1417 primus
1951 1337 2364 1398 animadvertit
2401 1337 2646 1416 Pighius
2687 1336 2891 1397 annal.

589 1443 754 1504 Rom.
786 1443 856 1503 ad
887 1462 936 1503 a.
967 1439 1095 1503 608
1137 1462 1183 1503 v.
1215 1443 1267 1502 11
1307 1462 1360 1522 p.
1389 1441 1540 1525 463,
1579 1443 1906 1523 eodemque
1946 1446 2246 1524 pertinere
2285 1444 2575 1505 intellexit
2614 1463 2776 1523 quae
2818 1444 2895 1503 de

590 1570 659 1610 eo
699 1553 937 1629 scripsit
977 1549 1182 1610 Cicero
1222 1550 1295 1610 de
1335 1553 1503 1611 amic.
1543 1548 1646 1633 25,
1677 1549 1780 1632 96,
1819 1555 2183 1627 meministis,
2231 1554 2294 1625 Q.
2336 1552 2627 1627 MaximO,
2670 1552 2893 1627 fratre

588 1660 905 1736 Scipionis,
945 1666 1002 1717 et
1039 1658 1107 1717 L.
1138 1660 1428 1720 Mancino
1467 1661 1813 1720 consulibus
1850 1678 2031 1734 quam
2062 1663 2380 1736 popularis
2417 1664 2519 1719 lex
2558 1663 2632 1720 de
2669 1678 2892 1719 sacer·

589 1770 768 1827 dotiis
813 1766 870 1825 C.
911 1765 1115 1825 Licini
1157 1766 1366 1826 Crassi
1408 1768 1759 1828 videbatur:
1806 1769 2107 1843 cooptatio
2155 1769 2312 1827 enim
2359 1770 2760 1841 colleqiorum
2807 1769 2895 1825 ad

577 1876 795 1951 populi
856 1875 1211 1945 beneficium
1279 1873 1774 1949 transferebatur
1786 1895 1807 1945 ;
1863 1881 2045 1948 atque
2102 1877 2152 1933 is
2200 1877 2438 1950 primus
2495 1877 2765 1934 instituit
2829 1877 2889 1933 in'

580 1978 788 2054 forum
824 2000 1034 2041 versus
1072 1999 1260 2056 aqere
1298 2000 1433 2043 cum
1464 1985 1705 2059 populo.
1757 1999 1888 2040 nam
1920 1980 2167 2041 eandem
2205 1999 2331 2040 rem
2362 1979 2481 2040 dici
2509 1998 2540 2039 a
2570 1980 2891 2061 Cicerone,

590 2087 730 2147 dum
778 2087 1083 2149 tribunum
1133 2090 1194 2147 in
1241 2089 1437 2149 forum
1476 2108 1714 2149 versum
1755 2108 1928 2167 agere
1977 2108 2113 2149 cum
2150 2087 2369 2167 populo
2407 2090 2746 2149 instituisse
2798 2089 2888 2147 in-

588 2193 758 2273 dicat,
789 2204 849 2255 et
887 2215 917 2254 a
947 2194 1227 2276 Varrone,
1259 2198 1361 2274 qui
1398 2196 1683 2275 populum
1723 2195 1793 2255 ab
1834 2216 1903 2256 eo
1934 2216 1964 2256 e
1997 2196 2235 2255 comitio
2274 2196 2335 2253 in
2374 2193 2570 2254 forum
2609 2194 2887 2275 ductum,

588 2300 644 2361 h.
684 2320 734 2361 e.
774 2301 1021 2362 concilia
1070 2301 1257 2381 plebis
1304 2305 1367 2362 in
1414 2303 1610 2363 forum
1660 2302 1943 2363 translata
1990 2319 2142 2383 esse,
2180 2302 2278 2381 ait,
2318 2310 2547 2361 certum
2597 2309 2710 2361 est.
2780 2299 2884 2360 sed

589 2425 741 2486 quae
799 2411 917 2469 sint
971 2419 1198 2489 septem
1246 2412 1451 2488 iugera
1498 2410 1775 2492 forensia,
1832 2409 2082 2470 multum
2141 2417 2201 2468 et
2258 2411 2320 2467 in
2366 2407 2629 2468 diversas
2673 2417 2886 2485 partes

588 2514 950 2595 disputatum
1000 2526 1107 2577 est.
1200 2537 1333 2578 nam
1383 2517 1539 2598 quod
1588 2517 1830 2596 Pighius
1878 2518 2259 2598 existimavit,
2306 2535 2432 2576 eam
2484 2524 2627 2575 tunc
2674 2514 2885 2595 ampli·

568 2622 851 2684 'tudinem
892 2624 982 2684 vel
1028 2644 1368 2687 mensuram
1417 2626 1532 2687 fori
1570 2629 1698 2686 sine
1739 2627 1976 2686 comitio
2015 2624 2218 2706 fuisse,
2256 2642 2375 2683 non
2415 2624 2572 2684 ferre
2612 2626 2885 2684 rationes

584 2730 851 2791 locorum
900 2731 1125 2792 dudum
1173 2733 1541 2795 intellectum
1588 2744 1696 2795 est.
1764 2733 1890 2816 alia,
1929 2751 2078 2812 quae
2127 2731 2264 2792 olim
2314 2732 2383 2791 ad
2431 2731 2882 2809 interpretanda

586 2837 677 2898 vel
725 2839 1073 2917 corrigenda
1113 2840 1291 2900 verba
1338 2840 1493 2901 haud
1542 2839 1720 2901 dubie
1771 2843 2117 2919 incorrupta
2155 2859 2187 2899 a
2225 2841 2367 2899 viris
2406 2838 2597 2898 doctis
2637 2841 2879 2898 inventa

585 2955 752 3026 sunt,
800 2945 1141 3008 Huschkius
1205 2951 1265 3008 in
1321 2947 1472 3007 libro
1530 2947 1603 3007 de
1651 2947 1931 3008 Varronis
1992 2947 2123 3006 loco
2171 2945 2243 3006 de
2300 2945 2543 3005 Liciniis
2601 2964 2652 3005 a.
2706 2942 2882 3006 1835

585 3056 983 3132 pertractavit.
1074 3064 1243 3132 septa
1298 3074 1408 3135 pro
1462 3062 1685 3133 septem
1732 3054 2111 3115 scribendum
2170 3072 2301 3113 esse
2347 3052 2750 3131 Goettlingius
2809 3053 2910 3112 de.

584 3159 713 3220 loco
753 3160 826 3219 M.
864 3160 1130 3222 Terentii
1171 3161 1446 3222 Varronis
1485 3161 1558 3221 de
1607 3182 1673 3223 re
1713 3171 1859 3223 rust.
1898 3162 1924 3220 l
1961 3159 2003 3222 2
2051 3181 2099 3222 3.
2145 3158 2308 3222 1831
2352 3162 2605 3219 coniecit
2645 3168 2706 3220 et
2745 3167 2880 3240 post

585 3288 720 3328 eum
751 3268 1009 3346 Langius
1039 3271 1233 3348 Antiq.
1264 3269 1430 3330 Rom.
1463 3290 1512 3330 v.
1544 3268 1596 3329 11
1624 3289 1680 3349 p.
1710 3267 1842 3331 484
1879 3268 1969 3329 ed.
2000 3288 2115 3329 sec.
2184 3267 2286 3328 sed
2327 3286 2399 3328 ne
2438 3266 2582 3327 illud
2615 3267 2877 3346 quidem,

588 3374 745 3454 quod
785 3394 944 3435 nunc
982 3385 1118 3455 post
1147 3376 1437 3437 Huschkii
1476 3377 1933 3456 disputationem
1973 3376 2246 3457 plurimis
2283 3374 2587 3456 probatur,
2626 3384 2877 3453 propter

589 3492 815 3561 septem
848 3483 1122 3544 tabernas
1153 3486 1213 3544 in
1253 3484 1381 3545 foro
1421 3487 1564 3544 sitas
1604 3484 1759 3563 apud
1789 3483 2030 3545 Festum
2069 3503 2125 3562 p.
2155 3480 2286 3544 230
2324 3491 2383 3541 et
2419 3480 2654 3540 Livium
2694 3480 2876 3540 XXVI

588 3588 694 3672 27,
733 3588 775 3651 2
824 3601 1052 3671 septem
1100 3593 1304 3670 iugera
1351 3591 1639 3671 appellata
1686 3609 1844 3673 esse,
1891 3593 1947 3650 ei
1993 3588 2149 3668 quod
2198 3607 2295 3649 res
2342 3587 2601 3667 postulat
2640 3590 2876 3649 sufficit.

585 3718 862 3778 agrorum
902 3707 1064 3759 certe
1104 3699 1475 3781 significatio,
1506 3701 1677 3760 cuius
1717 3716 1893 3758 causa
1932 3697 2075 3756 haec
2106 3700 2322 3775 scripta
2364 3705 2520 3777 sunt,
2548 3698 2611 3755 in
2644 3705 2872 3775 septem

586 3805 848 3866 tabernis
896 3825 1012 3866 non
1060 3807 1233 3866 inest.
1283 3808 1563 3867 nimirum
1613 3815 1678 3867 ut
1735 3825 1802 3865 ea
1859 3823 2009 3883 quae
2068 3803 2141 3863 de
2188 3803 2400 3863 Licinii
2455 3803 2586 3881 lege
2645 3805 2872 3882 agraria

584 3913 759 3971 modo
799 3911 954 3972 dicta
1002 3922 1171 3972 erant
1217 3921 1277 3972 et
1315 3931 1464 3991 quae
1512 3923 1718 3992 postea
1767 3912 1839 3972 de
1883 3911 2123 3972 Scrofae
2172 3920 2230 3971 et
2268 3910 2549 3971 Varronis
2591 3930 2773 3990 opera
2813 3913 2879 3970 in.

584 4023 740 4099 agris
807 4019 1136 4080 dividendis
1190 4022 1381 4099 posita
1438 4020 1748 4101 dicuntur,
1803 4023 1881 4080 ita
1947 4018 2091 4079 haec
2158 4018 2230 4078 de
2286 4017 2510 4078 Licinio
2568 4018 2785 4078 Crasso
2840 4036 2868 4076 3

585 4128 873 4187 divisione
921 4145 1198 4206 agrorum
1247 4129 1497 4206 repetita
1546 4138 1713 4209 sunt,
1762 4136 1827 4187 ut
1874 4144 2090 4186 novum
2142 4125 2363 4186 tribuni
2410 4127 2753 4186 institutum
2799 4123 2866 4183 ad

520 4289 523 4292 .
585 4253 788 4293 curam
836 4252 1114 4312 agrorum
1164 4234 1414 4313 quodam
1465 4234 1638 4294 modo
1686 4236 2033 4295 referretur.
2125 4242 2354 4312 septem
2409 4234 2612 4311 iugera
2672 4242 2865 4293 autem

582 4344 643 4401 in
693 4344 848 4420 agris
897 4344 1115 4402 viritim
1164 4341 1495 4402 dividendis
1553 4361 1728 4422 saepe
1777 4343 1907 4402 data
1956 4361 2086 4402 esse
2135 4351 2391 4402 constat:
2454 4340 2579 4401 Liv.
2608 4339 2654 4398 V
2694 4337 2799 4420 30,
2827 4335 2865 4398 8

584 4448 731 4509 Plin.
774 4447 954 4507 XVlll
1000 4446 1077 4510 18
1137 4448 1360 4509 Colum.
1402 4449 1425 4507 1
1463 4452 1645 4528 praef.
1685 4447 1765 4511 14
1810 4449 1995 4509 Valer.
2035 4449 2181 4509 Max.
2211 4447 2285 4506 IV
2315 4446 2373 4530 3,
2403 4444 2461 4508 5.
2520 4447 2863 4527 popularem

584 4575 651 4615 ac
691 4555 980 4634 plebeiam
1022 4574 1149 4615 eam
1191 4576 1528 4617 mensuram
1570 4557 1714 4619 dicit
1753 4555 2071 4617 Columella
2100 4556 2123 4614 1
2153 4553 2213 4636 3,
2248 4553 2347 4636 10,
2387 4555 2652 4633 quamvis
2685 4571 2862 4634 pravo
