3178 5185
904 388 1160 473 RERVM
1197 418 1668 483 RvsTmARVM
1709 420 1841 472 ΜΒ.
1882 421 1904 473 1
1945 421 1980 474 2
2427 404 2433 410 ’
2475 417 2603 481 125

283 592 394 648 sita
446 586 647 664 ltalia,
699 593 767 644 ut
810 591 928 644 tota
976 588 1307 662 pomarium
1345 582 1657 646 videatur?
1749 605 1822 645 an
1861 586 2114 663 Phrygia
2152 587 2336 663 magis
2373 583 2593 644 vitibus
2618 591 2650 645 7

283 703 614 772 cooperta,
674 710 850 771 quam
894 691 1189 751 Homerus
1246 691 1500 770 appellat
1545 686 1978 769 ἀμπελόεσσαν,
2037 710 2211 769 quam
2257 688 2446 752 haec?
2501 700 2603 751 aut

281 805 496 880 ArgOS,
552 799 719 878 quod
767 798 925 857 idem
971 806 1144 877 poeta
1181 794 1570 877 πολύπυρονὶ)
1647 800 1709 858 in
1749 817 1863 876 qua
1904 807 2062 859 terra
2100 801 2375 875 iugerum
2415 815 2601 858 unum

285 909 480 969 denos
544 913 611 966 et
661 907 875 983 quinos
922 904 1108 964 denos
1156 905 1379 965 culleos
1427 906 1542 965 fert
1591 907 1735 986 vini,
1793 907 1948 984 quod
1999 904 2283 984 quaedam
2331 905 2392 963 in
2440 903 2601 963 Italia

244 1028 268 1065 5
297 1009 639 1093 regiones?
733 1030 807 1071 an
862 1030 981 1070 non
1028 1012 1101 1071 M.
1150 1012 1293 1072 Cato
1350 1012 1560 1073 scribit
1617 1015 1677 1072 in
1725 1012 1877 1072 libro
1926 1012 2235 1089 Originum
2285 1013 2396 1090 sic,
2443 1005 2607 1088 ‘ager

284 1122 560 1183 Gallicus
624 1121 925 1180 Romanus
986 1127 1254 1199 vocatur,
1312 1122 1416 1198 qui
1472 1121 1691 1179 viritim
1751 1121 1836 1179 cis
1894 1119 2226 1179 Ariminum
2283 1117 2455 1177 datus
2513 1125 2605 1177 est

284 1229 439 1290 ultra
510 1246 731 1306 agrum
799 1224 1144 1285 Picentium.
1252 1229 1313 1286 in
1382 1245 1451 1285 eo
1517 1245 1659 1304 agro
1726 1225 2175 1304 aliquodfariam
2243 1225 2305 1282 in
2372 1223 2601 1300 singula

285 1337 497 1414 iugera
559 1334 716 1393 dena
773 1331 958 1392 cullea
1019 1334 1139 1391 vini
1194 1328 1410 1392 fiunt'?
1503 1351 1700 1392 nonne
1755 1335 1897 1392 item
1954 1334 2016 1391 in
2064 1350 2205 1409 agro
2255 1330 2603 1410 Faventino,

286 1460 318 1501 a
374 1461 501 1521 quo
563 1440 654 1499 ihi
712 1442 1074 1499 trecenariae
1131 1439 1504 1517 appellantur
1562 1441 1736 1518 viteS,
1794 1439 1950 1517 quod
2009 1442 2280 1516 iugerum
2331 1446 2602 1498 trecenas

214 1562 262 1599 10
288 1548 621 1627 amphoras
661 1543 913 1607 reddat?
1005 1545 1194 1606 Simul
1233 1548 1445 1624 aspicit
1485 1564 1595 1624 me,
1645 1545 1838 1625 Certe,
1877 1547 2088 1625 inquit,
2138 1544 2284 1603 Libo
2328 1545 2601 1625 MarciuS,

291 1656 645 1735 praefectus
685 1653 919 1713 fabrum
956 1660 1110 1731 tuoS‚
1148 1656 1209 1712 in
1249 1653 1431 1713 fundo
1472 1671 1579 1713 suo
1620 1652 1933 1711 Faventiae
1973 1651 2123 1710 hanc
2162 1651 2601 1712 multitudinem

287 1763 530 1824 dicebat
602 1779 740 1821 suas
806 1760 1054 1820 reddere
1122 1763 1285 1819 vites.
1390 1759 1505 1819 duo
1572 1761 1634 1818 in
1693 1759 1904 1838 primis
1960 1765 2259 1835 spectasse
2320 1759 2652 1820 videnturS

292 1871 483 1931 Italici
533 1869 813 1929 homines
861 1867 1133 1948 colendo,
1182 1878 1501 1946 possentne
1549 1867 1783 1926 fructus
1831 1882 1939 1942 pro
1988 1867 2234 1943 inpensa
2282 1883 2349 1925 ac
2397 1864 2599 1925 labore

291 1979 495 2038 redire
564 1986 629 2036 et
685 1982 884 2035 utrum
943 1973 1181 2034 saluber
1236 1973 1402 2034 locus
1458 1983 1618 2033 esset
1673 1991 1746 2032 an
1804 1990 1940 2031 non.
2033 1990 2285 2049 quorum
2336 1975 2385 2032 si
2432 1972 2604 2032 alter-

224 2094 268 2133 15
298 2094 502 2144 utrum
559 2081 795 2143 decolat
841 2080 1132 2167 et·nihilo
1180 2083 1377 2141 minus
1426 2083 1559 2158 quis
1608 2078 1734 2137 vult
1771 2077 1984 2158 colere,
2031 2086 2228 2138 mente
2269 2087 2359 2138 est
2396 2088 2605 2157 captus

296 2201 475 2270 atque
538 2190 615 2250 ad
665 2196 908 2266 agnatos
957 2199 1016 2247 et
1063 2187 1314 2265 gentiles
1364 2196 1454 2248 est
1501 2185 1903 2246 deducendus,
1997 2203 2169 2243 nemo
2219 2187 2376 2245 enim
2425 2204 2602 2246 sanus

298 2298 474 2358 debet
524 2296 681 2355 velle
730 2297 1036 2373 inpensam
1086 2313 1153 2353 ac
1203 2302 1507 2373 sumptum
1554 2294 1750 2353 facere
1801 2294 1860 2351 in
1901 2291 2151 2371 cultura,
2200 2293 2252 2350 si
2291 2292 2448 2351 videt
2486 2311 2601 2352 nou

297 2423 475 2482 posse
538 2404 737 2481 refici,
797 2421 905 2461 nec
954 2405 1001 2461 si
1048 2409 1247 2479 potest
1294 2401 1540 2460 reficere
1591 2400 1855 2479 sructuS,
1911 2401 1960 2457 si
2010 2397 2168 2457 videt
2215 2416 2317 2457 eos
2364 2398 2491 2458 fore
2540 2408 2606 2459 ut

299 2512 645 2590 pestilentia
686 2510 1040 2587 dispereant.
1125 2509 1246 2588 sed,
1286 2509 1513 2587 opinor,
1554 2508 1657 2585 qui
1695 2505 1840 2565 haec
1878 2505 2245 2565 commodius
2277 2487 2595 2566 ostendere
2621 2514 2656 2570 9

442 2702 477 2750 5
536 2714 615 2750 an
672 2714 781 2752 non
839 2700 912 2751 M.
962 2700 1100 2752 Cato
1157 2701 1303 2753 Plin.
1345 2704 1442 2764 14,
1489 2703 1563 2752 52
1607 2696 1810 2750 Colum.
1849 2697 1967 2747 III
2010 2700 2070 2762 3,
2119 2702 2157 2750 2
2190 2739 2199 2751 .
2230 2702 2283 2761 9,
2313 2701 2347 2749 3
2383 2714 2604 2765 qeopon.

311 2783 361 2836 V
395 2790 487 2852 17,
531 2791 572 2839 9
720 2793 750 2840 7
799 2789 856 2840 in
894 2786 1117 2857 singula
1152 2789 1348 2856 iugera
1386 2785 1531 2842 Non.
1567 2804 1624 2854 p.
1665 2792 1791 2851 197,
1829 2789 1908 2841 22
2064 2790 2128 2836 12
2168 2785 2278 2838 duo
2314 2786 2373 2839 in
2411 2786 2606 2855 primis

303 2876 595 2941 spectasse
638 2873 841 2931 Colum.
881 2877 918 2928 1
954 2881 1006 2942 3,
1044 2883 1074 2929 1

446 3059 474 3106 1
516 3052 690 3107 italia
725 3057 789 3108 ut
824 3053 940 3108 PA
978 3054 1138 3108 italia
1174 3055 1262 3107 est
1297 3057 1361 3108 ut
1398 3053 1495 3107 Βυ
1640 3051 1884 3121 phrygia
1915 3069 1947 3106 v
1985 3054 2237 3123 phrygea
2265 3052 2377 3105 ΡΒ
2415 3054 2602 3122 phyri-

305 3159 408 3210 gea
445 3143 504 3197 A
657 3150 688 3196 2
736 3143 986 3211 appellat
1034 3141 1416 3211 ἀμπελόεσσαν
1459 3144 1514 3194 Ρ
1557 3141 1848 3210 appellata
1893 3142 2211 3210 peloescam
2248 3141 2302 3194 A
2351 3141 2606 3211 appellat-

305 3233 718 3301 ampeloessam
750 3233 805 3284 Β
853 3230 1104 3301 appellat
1149 3229 1495 3301 αμπελόεστα
1523 3248 1553 3283 υ
1683 3237 1715 3284 3
1755 3231 1957 3300 Argos]
2001 3246 2165 3300 agros
2194 3230 2311 3284 Am
2436 3231 2606 3284 πολύ-

306 3339 484 3390 πυρον
537 3320 594 3373 V
627 3319 926 3389 polipirom
964 3322 1016 3373 A
1056 3320 1351 3389 polypiron
1381 3322 1436 3373 Β
1582 3325 1615 3371 4
1653 3319 1864 3374 culleos
1892 3320 2009 3374 ΡΒ
2048 3319 2228 3374 culleo
2256 3319 2311 3372 A
2349 3322 2537 3374 culeos
2573 3338 2605 3375 v

449 3417 481 3464 6
525 3408 764 3463 callicus
812 3411 867 3462 A
1014 3408 1145 3473 ‘Qui
1199 3407 1413 3463 uiritim
1451 3408 1529 3462 cis
1568 3408 1883 3462 Ariminum
1920 3410 2087 3465 datus
2126 3411 2224 3463 est.
2300 3409 2396 3463 Sic
2432 3411 2607 3464 locum

308 3500 725 3568 castiyauimus.
799 3500 1051 3567 Antiqua
1098 3500 1275 3563 ladio,
1325 3497 1618 3552 Caesarem
1665 3498 1972 3552 inundatus
2022 3499 2128 3553 est’
2189 3491 2466 3553 Victorius

308 3586 585 3641 uiriditim
634 3590 686 3639 A
834 3588 1090 3641 Cesarem
1137 3587 1444 3641 Inundatus
1486 3617 1497 3628 ·
1537 3586 1599 3641 c'.
1677 3587 1766 3641 Cis
1813 3586 2056 3643 Aremin.
2105 3588 2269 3641 datus
2311 3588 2367 3640 P
2418 3595 2605 3643 cesare

310 3679 622 3743 (caesarem
670 3676 747 3744 Β)
795 3676 1096 3730 inundatus
1143 3678 1265 3729 AB
1305 3676 1537 3730 Caesare
1583 3675 1812 3730 iubente
1851 3677 2015 3730 datus
2051 3694 2083 3731 v
2231 3682 2258 3729 7
2295 3674 2604 3743 picentium

312 3802 426 3855 AB
470 3801 755 3856 Victorius
809 3800 1065 3870 picenum
1123 3801 1174 3852 V
1312 3807 1343 3853 8
1393 3800 1576 3854 cullea
1625 3802 2013 3866 PAB,0u1ea
2058 3818 2091 3855 v
2173 3863 2176 3864 ⁷
2254 3777 2503 3857 no¹1²1⁴item
2551 3803 2606 3855 Β

450 3898 481 3945 9
523 3889 871 3944 trecenariae
920 3889 1154 3943 Ursinus
1197 3888 1518 3943 tricinariae
1557 3890 1737 3944 PAB
1794 3890 2125 3944 tricenariae
2171 3909 2203 3944 v
2359 3890 2604 3961 apellan-

312 3979 399 4031 tur
443 3980 501 4033 A
647 3965 907 4033 trecenas'
951 3978 1186 4033 Ursinus
1223 3964 1462 4032 tricenas
1509 3979 1685 4032 VAB
1833 3987 1897 4034 10
1935 3979 2121 4047 inquit
2169 3979 2280 4033 VB
2317 3978 2514 4047 inquid
2551 3981 2607 4032 A

449 4067 692 4122 Martius
740 4067 915 4121 VAB
1064 4074 1127 4121 13
1177 4067 1357 4121 italici
1406 4068 1522 4121 VA
1570 4066 1653 4121 ita
1700 4067 1811 4122 dici
1858 4074 1907 4122 et
1953 4072 2015 4123 in
2049 4071 2295 4137 maryine
2331 4067 2513 4122 italici
2550 4070 2605 4122 Β

448 4157 713 4225 impensa
752 4156 929 4210 VAB
1077 4163 1142 4210 14
1178 4156 1359 4209 redire
1389 4157 1504 4210 PB
1533 4156 1713 4210 redire
1743 4174 1879 4212 corr.
1909 4158 2139 4211 reddere
2168 4159 2220 4210 A
2250 4158 2481 4210 reddere
2510 4174 2605 4212 mv

451 4252 522 4300 15
563 4245 787 4300 decolat
814 4246 994 4299 PAB
1033 4245 1279 4299 decollat
1305 4263 1336 4299 v
1445 4244 1658 4299 nichilo
1687 4246 1742 4298 A
1855 4253 1918 4300 16
1959 4247 2126 4312 atquc
2155 4246 2250 4298 Bv
2280 4246 2462 4313 adque
2491 4247 2604 4300 PA

451 4370 528 4424 ad
558 4370 799 4438 agnatos
830 4371 986 4423 Amv
1015 4377 1065 4424 et
1100 4388 1135 4424 a
1165 4375 1290 4439 post
1317 4371 1389 4424 ad
1417 4371 1481 4423 in
1507 4387 1712 4424 rasura
1739 4371 1794 4423 Β
1825 4370 2100 4437 adgnatos
2121 4371 2177 4422 P
2280 4333 2603 4424 estdfiucen-

318 4458 414 4512 dus
460 4461 518 4514 Β
680 4476 850 4511 sanus
898 4461 1015 4513 AB
1074 4459 1348 4513 Victorius
1404 4476 1569 4512 sanus
1627 4463 1813 4523 mente
1875 4459 1927 4510 V
2086 4463 2148 4512 17
2175 4509 2180 4512 ,
2206 4458 2499 4528 inpensam
2552 4461 2606 4512 A

321 4547 624 4617 impensam
680 4549 790 4599 VB
943 4548 1000 4599 in
1039 4547 1256 4601 cultura
1305 4548 1415 4600 VB
1453 4548 1512 4601 in
1549 4547 1827 4601 culturam
1866 4548 1983 4599 Am
2131 4554 2194 4602 19
2235 4549 2522 4602 comodius
2550 4548 2604 4599 A
