3178 5185
856 414 1114 468 RERVM
1151 413 1628 469 RVSTICARVM
1674 415 1809 468 LIB.
1847 411 1872 467 I
1919 412 1954 467 2
2063 450 2071 458 ·
2474 405 2548 468 11

307 572 420 630 vitio
456 572 800 649 scripturae,
840 571 995 648 quod
1043 570 1155 631 hoc
1202 569 1329 630 loco
1377 571 1435 630 in
1477 569 1795 650 archetypo
1837 571 1965 648 fuit,
1997 572 2227 649 paculi,
2266 568 2322 629 h.
2362 588 2411 629 e.
2445 588 2554 646 pa-

308 682 422 753 cuii,
466 676 613 737 unde
657 678 854 737 Pacui
888 678 1114 756 scripsi.
1182 694 1315 736 nam
1354 676 1463 735 hac
1501 676 1686 736 forma
1727 678 1981 736 nominis
2019 675 2340 737 Varronem
2379 695 2552 737 usum

309 804 413 846 esse
456 784 863 845 Lachmannus
920 786 983 843 in
1030 783 1265 845 Lucret.
1304 803 1359 863 p.
1399 780 1529 846 306
1577 783 1796 845 docuit.
1888 792 2152 843 ceterum
2202 785 2556 843 sententiam

308 893 526 972 Pacuvii,
555 910 674 952 non
720 891 917 972 verba,
955 892 1231 951 indicavit
1268 889 1480 972 Varro3
1526 894 1688 971 ipsos
1727 909 1934 951 versus
1963 890 2322 951 Ribbeckius
2353 892 2555 969 fragm.

309 1010 428 1078 trag.
464 999 624 1059 Rom.
662 1019 722 1078 p.
754 995 835 1060 78
884 1001 1201 1059 restituere
1250 980 1496 1060 conatus
1535 1008 1643 1060 est.

457 1105 591 1184 Ego
638 1106 751 1166 hic
799 1106 919 1167 ubi
967 1125 1100 1166 nox
1150 1112 1218 1166 et
1264 1107 1416 1166 dies
1465 1106 1739 1167 modice
1788 1107 1976 1167 redit
2015 1116 2083 1168 et
2130 1107 2277 1167 abit
2324 1115 2555 1167 tamen

311 1216 556 1274 aestiuo
576 1214 692 1275 die
714 1217 772 1274 si
795 1232 929 1275 non
952 1212 1413 1274 diffinderem
1445 1233 1592 1275 meo
1622 1217 2109 1276 insiticiosum
2146 1216 2421 1274 numeri
2444 1215 2556 1274 die

312 1324 531 1383 uiuere
560 1341 693 1383 non
723 1320 1035 1401 possum]
1068 1324 1306 1383 Aestivo
1336 1326 1452 1403 die,
1470 1327 1526 1383 si
1550 1341 1670 1384 non
1692 1322 2080 1398 defenderem
2107 1341 2199 1383 me
2230 1326 2290 1382 in
2321 1329 2552 1382 aestuo·

312 1448 420 1490 sum
452 1434 773 1511 meridiem,
804 1433 1005 1491 vivere
1033 1446 1153 1490 non
1174 1448 1411 1507 possem
1440 1429 1761 1511 IucunduS,
1791 1434 2017 1491 aestivo
2047 1433 2162 1505 die,
2198 1433 2254 1489 si
2289 1447 2407 1491 non
2444 1428 2557 1504 dif-

309 1540 567 1609 finderem
604 1556 730 1598 meo
770 1540 1034 1598 insiticio
1069 1555 1274 1598 somno
1303 1540 1573 1612 meridie,
1610 1541 1813 1598 vivere
1841 1556 1960 1598 non
1981 1556 2216 1614 possem
2245 1537 2559 1619 Victorum,

315 1643 398 1702 ubi
429 1648 723 1706 meridiem
761 1646 1017 1705 coniecit
1054 1644 1323 1723 Cuperus
1362 1644 1513 1724 apud
1556 1644 1902 1706 Gesnerum.
1978 1663 2088 1720 eqo
2127 1647 2243 1719 hie,
2292 1645 2398 1704 ubi
2432 1646 2559 1704 dies

313 1755 510 1812 modice
534 1753 661 1812 abit
687 1760 747 1813 et
773 1755 950 1826 redit,
980 1760 1179 1813 tamen
1204 1756 1506 1825 aestivum
1547 1756 1705 1813 diem
1738 1747 1857 1835 (vel
1886 1760 2116 1814 aestate
2143 1747 2326 1831 diem)
2359 1755 2414 1811 si
2439 1770 2558 1812 non

316 1858 656 1932 diffinderem
694 1876 823 1920 meo
874 1863 1135 1920 insiticio
1182 1878 1385 1921 somno
1433 1864 1703 1936 meridie,
1753 1864 1952 1921 vivere
1998 1877 2116 1921 non
2148 1877 2384 1937 possem
2422 1877 2558 1918 con-

317 1966 428 2024 iecit
461 1965 716 2039 UrsinuS,
766 1971 1055 2028 aestivum
1095 1970 1250 2028 diem
1295 1971 1352 2028 si
1387 1986 1506 2029 non
1544 1968 1931 2044 diffinderem
1969 1986 2172 2029 somno
2219 1970 2558 2028 meridiano

316 2069 349 2129 l.
387 2070 440 2131 F.
483 2072 805 2133 Gronovius
862 2074 1014 2153 apud
1069 2073 1530 2154 Schneiderum,
1588 2079 1812 2136 aestivo
1870 2078 2026 2136 diem
2081 2079 2139 2135 si
2179 2093 2299 2136 non
2357 2073 2557 2150 diffin-

318 2180 486 2239 derem
521 2178 846 2240 Pontedera
895 2201 951 2260 p.
988 2178 1092 2263 91,
1140 2182 1295 2261 quod
1338 2182 1740 2243 Schneiderus
1787 2184 2029 2264 recepit,
2077 2186 2301 2244 aestivo
2349 2184 2464 2256 die,
2506 2186 2564 2242 si

316 2303 410 2345 non
468 2286 843 2362 diffinderem
908 2307 1042 2350 eum
1098 2293 1361 2351 insiticio
1424 2308 1629 2351 somno
1694 2293 1948 2351 meridie
2003 2289 2302 2350 Usenerus
2371 2288 2558 2349 annal.

315 2391 479 2470 philol.
515 2414 558 2455 a.
596 2392 763 2457 1878
805 2415 858 2474 p.
890 2392 991 2457 80.
1039 2397 1511 2457 emendationem
1541 2404 1855 2474 corruptae
1886 2399 2215 2475 scripturae
2245 2395 2559 2477 VictoriuS,

315 2517 460 2576 quem
504 2503 712 2581 reliqui
760 2505 949 2562 secuti
999 2512 1163 2585 sunt,
1221 2522 1292 2564 ex
1340 2505 1413 2564 iis
1462 2523 1610 2584 quae
1659 2504 1732 2564 de
1780 2504 1982 2566 eadem
2042 2523 2105 2564 re
2154 2506 2373 2583 scripta
2421 2511 2560 2564 sunt

314 2606 376 2665 lll
414 2606 474 2691 2,
505 2607 582 2671 15
645 2613 756 2671 ubi
817 2619 1048 2672 aestate
1104 2616 1261 2674 diem
1325 2617 1578 2674 meridie
1644 2616 1918 2674 dividere
1978 2617 2201 2675 soleam
2257 2614 2559 2691 petiverat.

314 2720 503 2778 aestivo
545 2726 741 2779 autem
790 2736 907 2778 non
955 2718 1151 2780 addito
1191 2720 1558 2780 substantivo
1600 2724 1835 2781 nomine
1877 2720 2098 2782 dictum
2147 2739 2279 2780 esse
2319 2738 2435 2779 non
2473 2721 2559 2780 in-

313 2824 436 2903 veni,
479 2826 626 2885 sicut
674 2825 895 2886 dictum
945 2836 1036 2886 est
1080 2829 1335 2889 hiberno
1374 2837 1433 2887 et
1470 2847 1657 2889 verno
1706 2838 1764 2888 et
1802 2827 1910 2887 alia
1949 2830 2077 2888 eins
2115 2829 2368 2907 generiS,
2408 2844 2557 2905 quae

314 2925 596 3010 Madvigius
634 2936 808 3013 epist.
847 2936 977 2994 crit.
1017 2935 1086 2994 ad
1127 2933 1303 2995 Orell.
1343 2955 1397 3015 p.
1438 2932 1524 2996 60
1561 2937 1799 2996 notavit.
1846 2937 2044 3016 itaque
2083 2938 2366 2995 aestivam
2405 2936 2561 2994 diem

308 3040 501 3117 scripsi.
673 3122 676 3125 ἢ

460 3145 496 3207 6
565 3151 742 3221 Quod
793 3154 984 3211 oleum
1049 3151 1397 3227 Venafrano
1452 3151 1733 3230 Ursinus,
1786 3161 1845 3211 et
1890 3153 1968 3212 ita
2026 3152 2311 3229 scriptum
2362 3159 2453 3210 est
2499 3152 2559 3210 in

313 3253 481 3315 codice
524 3255 859 3317 Caesenate.

465 3360 495 3421 7
560 3365 999 3440 Ampeloessam
1057 3366 1114 3424 in
1163 3364 1483 3445 archetypo
1541 3368 1828 3443 seriptum
1888 3365 1997 3425 fuit
2053 3375 2112 3425 et
2159 3365 2369 3425 deinde
2411 3369 2560 3441 poli·

311 3469 477 3539 pirom
520 3469 606 3529 vel
649 3474 956 3548 polipiron
1003 3470 1199 3531 latinis
1248 3471 1487 3552 litteris,
1536 3474 1691 3532 sicut
1737 3471 1988 3549 plurima
2036 3489 2263 3553 graeca,
2310 3490 2459 3549 quae
2500 3474 2561 3531 in

317 3575 728 3637 continuitatem
784 3577 948 3638 latini
1004 3580 1295 3638 sermonis
1352 3587 1588 3658 recepta
1649 3587 1832 3639 erant.
1918 3596 2108 3657 neque
2171 3587 2364 3638 tamen
2423 3597 2562 3637 con-

317 3685 452 3739 stans
501 3684 555 3742 in
613 3683 706 3743 his
764 3684 1061 3746 vocabulis
1120 3687 1231 3746 fuit
1291 3686 1375 3745 vel
1435 3685 1810 3746 librariorum
1872 3684 1959 3744 vel
2016 3687 2201 3764 ipsius
2254 3686 2563 3764 scriptoris

313 3791 656 3853 consuetudo.

464 3898 637 3977 Ager
683 3899 991 3979 gallicus
1040 3920 1370 3962 romanus
1414 3909 1715 3961 uocatur
1753 3903 1871 3978 qui
1923 3902 2199 3960 uiritim
2247 3917 2561 3959 cesarem

313 3999 673 4066 inundatus
721 4015 833 4067 est
880 4007 1067 4068 ultra
1109 4027 1349 4087 agrum
1388 4007 1814 4087 picentium]
1859 4009 2148 4067 Picenum
2187 4005 2365 4065 editio
2403 4008 2561 4084 prin-

316 4125 432 4185 ceps
475 4131 503 4171 a
539 4112 825 4174 Politiano
875 4134 991 4174 non
1031 4124 1297 4175 correcta
1349 4124 1407 4175 et
1454 4115 1639 4175 codex
1678 4113 1987 4193 CaesenaS,
2035 4115 2177 4173 item
2226 4112 2378 4171 edita
2428 4123 2561 4173 ante

317 4212 602 4280 victorium
634 4221 1009 4303 exemplaria,
1031 4227 1362 4299 picentium
1392 4225 1609 4302 optima
1651 4220 1982 4302 apographa
2013 4230 2071 4280 et
2102 4239 2170 4279 ex
2200 4222 2328 4299 ipso
2360 4219 2563 4280 arche-

320 4330 432 4401 typo
466 4327 769 4389 Victorius
818 4333 1043 4390 viritim
1073 4332 1497 4390 cesennatibus
1527 4332 1706 4390 datus
1745 4336 1834 4389 est
1863 4326 2156 4406 Angelius.
2211 4345 2409 4386 veram
2449 4328 2564 4388 lec-

324 4428 508 4492 tionem
547 4454 575 4495 a
604 4435 894 4496 Politiano
931 4438 1229 4496 inventam
1269 4440 1501 4497 uiritim
1538 4440 1628 4496 eis
1667 4438 2002 4496 Ariminum
2040 4437 2219 4495 datus
2257 4442 2345 4494 est
2371 4433 2560 4494 Victo-

327 4535 426 4597 rius
461 4543 723 4604 restituit.
780 4561 958 4622 prava
996 4543 1317 4605 subtilitate
1350 4563 1494 4604 usus
1527 4543 1777 4603 Ursinus
1818 4543 2072 4602 coniecit
2111 4559 2263 4616 aqer
2297 4542 2567 4603 Gallicus
