3178 5185
553 411 640 475 20
1237 419 1618 475 COMMENT.
1657 420 1738 474 IN
1775 419 2151 474 VARRONIS

556 592 677 633 eae
735 593 913 652 quae
980 575 1272 635 iunctae
1332 593 1536 634 arare
1593 573 1934 653 possunt]
2004 576 2136 634 Nisi
2196 592 2355 648 quae
2422 590 2667 654 aprum,
2729 591 2839 647 quo

553 683 777 741 cultior
822 684 916 755 sit,
965 685 1260 742 adiuvant
1305 681 1574 742 Ursinus,

731 785 814 848 21
867 787 999 848 Sed
1039 807 1245 849 error
1283 788 1448 848 hinc
1489 788 1672 867 quod
1713 807 1934 868 pecus
1981 791 2051 848 in
2091 807 2259 866 agro
2298 805 2456 847 esse
2486 795 2735 865 potest
2776 795 2844 845 et

555 896 842 955 fructus
891 898 960 955 in
1009 916 1089 956 eo
1137 915 1305 976 agro
1342 896 1576 974 ferre]
1619 899 1885 957 Fructus
1921 915 2041 956 non
2086 900 2148 956 in
2196 915 2265 956 eo
2313 913 2468 970 ayro
2511 894 2689 969 ferre
2724 892 2837 952 Me-

556 1000 713 1080 rula,
761 1019 936 1079 quem
978 1010 1203 1063 temere
1252 1006 1443 1064 secuti
1493 1012 1634 1063 sunt
1681 1004 1958 1083 editoreS,
2008 1005 2273 1081 quamvis
2313 1001 2483 1061 facile
2523 1012 2684 1061 esset
2722 1018 2842 1059 ver-

555 1106 765 1167 borum
806 1112 1159 1170 sententiam
1200 1111 1562 1191 perspicere,
1601 1128 1718 1169 non
1761 1108 2129 1187 sequendum
2172 1125 2301 1167 esse
2342 1125 2608 1167 errorem
2640 1125 2845 1168 eorum

555 1217 655 1292 qui
713 1224 1055 1296 propterea,
1113 1215 1267 1294 quod
1326 1235 1511 1295 pecus
1558 1218 1620 1275 in
1669 1235 1809 1295 agro
1859 1234 1989 1275 esse
2038 1224 2099 1275 et
2147 1217 2210 1275 in
2258 1233 2340 1303 eo·
2376 1214 2638 1275 fructum
2689 1215 2843 1274 serre

554 1329 777 1402 potest,
824 1341 951 1382 rem
999 1326 1337 1403 pecuariam
1385 1322 1456 1383 ab
1505 1326 1632 1402 agri
1680 1324 1912 1384 cultura
1959 1341 2078 1383 non
2130 1324 2466 1400 seiungunt.
2540 1321 2687 1382 vidit
2733 1321 2845 1381 hoc

556 1446 711 1488 unus
757 1428 1087 1491 Pontedera
1136 1451 1191 1510 p.
1230 1428 1332 1492 92.

734 1536 819 1597 Ut
858 1540 917 1597 si
955 1537 1169 1598 habet
1206 1538 1453 1617 plures
1491 1540 1561 1597 in
1601 1537 1821 1598 fundo
1861 1536 2223 1613 textores]
2255 1537 2454 1596 Habet
2489 1535 2625 1596 libri
2667 1554 2841 1595 manu

550 1645 757 1721 scripti
806 1653 865 1703 et
912 1662 984 1703 ex
1032 1643 1349 1722 archetypo
1397 1642 1739 1723 PolitianuS,
1788 1662 1906 1703 non
1953 1645 2193 1722 habeat,
2241 1652 2308 1702 ut
2354 1650 2448 1702 est
2494 1642 2649 1720 apud
2699 1642 2837 1703 Ges-

550 1768 781 1829 nerum‚
827 1752 1057 1811 habeas
1104 1769 1174 1810 ex
1222 1752 1492 1830 principe
1533 1751 1792 1810 editione
1832 1749 2023 1811 adhuc
2060 1749 2362 1828 vulgatum
2403 1756 2545 1809 erat.
2609 1752 2842 1810 tertiam

549 1865 748 1933 autem
794 1857 959 1917 verbi
1008 1876 1321 1937 personam
1372 1860 1609 1937 saepius
1657 1858 1840 1917 Varro
1891 1859 2017 1918 sine
2076 1864 2240 1917 certo
2300 1856 2567 1918 subiecto
2626 1860 2843 1937 posuit,

554 1982 671 2023 non
702 1966 830 2025 sine
860 1967 1090 2025 ratione
1119 1965 1210 2025 vel
1240 1967 1458 2025 omisso
1497 1966 1848 2043 pronomine
1888 1968 2041 2046 quis,
2080 1977 2146 2024 ut
2183 1962 2613 2043 interpretibus
2653 1964 2841 2023 visum

555 2079 664 2153 est,
711 2072 815 2131 sed
863 2073 925 2131 in
971 2074 1324 2152 praeceptiS,
1373 2090 1510 2132 cum
1557 2072 1746 2134 forma
1794 2071 2067 2150 gerundii
2118 2070 2206 2131 vel
2253 2070 2434 2131 verbo
2486 2079 2723 2148 oportet
2757 2073 2843 2131 in·

553 2177 811 2239 dicatum
843 2189 952 2260 est,
985 2197 1100 2257 quo
1131 2178 1378 2239 verbum
1418 2172 1731 2261 pertineat,
1769 2179 1795 2239 I
1831 2177 1929 2261 11,
1958 2175 2000 2239 2
2037 2181 2180 2239 villa
2219 2181 2633 2252 aedificanda,
2660 2183 2842 2255 potis-

548 2288 761 2345 simum
808 2292 877 2345 ut
922 2289 1089 2346 intra
1135 2292 1348 2362 saepta
1385 2289 1567 2348 villae
1615 2287 1841 2346 habeat
1885 2302 2123 2359 aquam.
2187 2282 2288 2365 12,
2334 2283 2362 2344 1
2409 2289 2615 2346 danda
2657 2303 2844 2362 opera

550 2400 617 2453 ut
649 2396 1024 2469 potissimum
1061 2395 1171 2453 sub
1211 2395 1529 2454 radicibus
1566 2396 1784 2452 montis
1823 2395 2114 2453 silvestris
2152 2395 2354 2452 villam
2386 2401 2597 2469 ponat.
2645 2390 2728 2454 21
2771 2396 2848 2453 de

554 2502 858 2561 indomitis
889 2502 1373 2576 quadripedibus
1405 2518 1481 2560 ac
1504 2517 1732 2576 pecore
1762 2498 2140 2574 faciendum,
2171 2503 2227 2559 si
2254 2507 2445 2576 prata
2482 2507 2627 2560 sunt
2653 2518 2848 2574 neque

544 2627 736 2684 pecus
784 2609 967 2668 habet
1012 2625 1139 2685 sqq.
1222 2604 1331 2688 41,
1369 2604 1408 2668 3
1456 2610 1782 2668 videndum
1828 2615 1899 2668 ut
1942 2611 2107 2682 quod
2159 2606 2505 2682 transferat
2549 2625 2846 2668 cacumen

547 2717 773 2775 habeat
814 2732 1127 2789 qemmam.
1194 2713 1274 2774 111
1312 2712 1371 2795 9,
1399 2712 1480 2775 21
1534 2718 1961 2775 remittendum
2001 2718 2063 2775 in
2103 2718 2349 2775 datione
2387 2732 2506 2791 pro
2546 2717 2847 2791 portione,

549 2840 626 2882 ac
674 2825 879 2883 decem
912 2825 1130 2897 primis
1165 2824 1487 2898 processit,
1526 2825 1589 2882 in
1621 2824 2068 2898 posterioribus
2114 2829 2182 2881 ut
2228 2824 2553 2882 deminuat.
2616 2817 2775 2901 140,
2807 2818 2847 2880 6

548 2932 822 2990 inserere
878 2935 1116 3005 oportet
1168 2928 1536 3004 referentem
1583 2931 1669 2988 ad
1705 2928 1982 3004 fructum
2025 2962 2101 2971 —
2145 2947 2224 2989 ex
2270 2930 2495 2988 arbore
2543 2945 2668 3002 qua
2716 2931 2841 2987 vult

548 3037 779 3096 habere
823 3038 1138 3096 surculum
1188 3039 1249 3095 in
1298 3052 1431 3095 eam
1476 3053 1658 3109 quam
1708 3038 1982 3096 inserere
2029 3038 2153 3095 vult
2198 3038 2503 3095 ramulum
2552 3038 2846 3095 traducit.

547 3139 651 3220 52,
694 3140 728 3202 1
768 3146 1014 3203 secerni
1047 3148 1287 3219 oportet
1320 3145 1540 3218 spicaS,
1586 3151 1657 3202 ut
1699 3160 1899 3203 semen
1946 3145 2231 3218 optimum
2276 3142 2516 3201 habeat.
2584 3141 2639 3200 ll
2675 3141 2730 3221 1,
2759 3138 2846 3201 20

546 3252 610 3309 in
657 3252 972 3309 nutricatu
1021 3267 1180 3323 quae
1226 3251 1548 3310 observari
1592 3256 1872 3326 oporteat
1904 3282 1978 3291 —
2012 3256 2082 3309 ut
2124 3250 2388 3308 subiciat
2425 3249 2537 3308 sub
2586 3252 2844 3308 alterius

545 3364 879 3415 mammam.
959 3354 1014 3436 1,
1053 3352 1141 3415 24
1197 3360 1363 3416 scire
1408 3363 1660 3436 oportet,
1718 3360 1779 3416 in
1832 3374 2025 3430 φερε
2083 3362 2229 3429 quot
2279 3354 2543 3430 feminas
2602 3356 2842 3416 habeat.

547 3460 606 3542 2,
649 3459 727 3522 11
781 3465 869 3521 ita
905 3480 1171 3537 pascere
1205 3481 1400 3539 pecus
1447 3470 1707 3539 oportet,
1770 3469 1838 3523 ut
1884 3481 2105 3543 averso„
2144 3465 2267 3522 sole
2323 3468 2487 3536 aqat.
2580 3460 2663 3520 111
2702 3457 2763 3536 5,
2801 3459 2841 3521 3

555 3576 788 3629 tantum
838 3572 1033 3629 locum
1081 3572 1322 3630 luminis
1369 3571 1599 3630 habere
1644 3576 1881 3646 oportet
1927 3601 2009 3610 —
2049 3565 2093 3629 4
2141 3570 2353 3628 diebus
2406 3570 2626 3643 viqinti
2679 3575 2843 3629 ante-

546 3693 727 3750 quam
775 3679 986 3737 tollere
1032 3680 1159 3736 vult
1203 3679 1434 3750 turdos,
1482 3680 1720 3751 laryius
1768 3680 1876 3737 dat
1900 3677 2122 3737 -cibum
2161 3694 2289 3753 sqq.
2356 3674 2496 3735 huic
2535 3673 2652 3754 legi
2692 3693 2840 3753 quae

547 3792 882 3863 repugnant
938 3791 1041 3842 aut
1088 3790 1367 3861 corrupta
1408 3791 1575 3864 sunt,
1627 3791 1694 3842 ut
1739 3781 1793 3841 Π
1834 3779 1935 3863 10,
1977 3779 2057 3842 11
2109 3783 2437 3843 detrahere
2475 3785 2692 3858 possit,
2742 3780 2841 3841 ubi

537 3893 735 3967 possis
783 3890 1014 3968 scripsi,
1054 3897 1156 3948 aut
1201 3896 1485 3949 consueta
1534 3907 1924 3949 numerorum
1973 3890 2298 3949 mutatione
2338 3886 2508 3947 facile
2548 3887 2840 3967 explican-

544 4007 674 4078 tur,
732 4003 800 4056 ut
846 3995 872 4055 I
914 3993 1015 4076 17,
1053 3992 1096 4056 4
1141 4003 1211 4056 ut
1263 3996 1594 4072 facientem
1651 3999 1920 4056 imitetur
1966 4003 2026 4056 et
2078 4003 2148 4056 ut
2201 3998 2654 4056 animadvertat
2699 4011 2840 4077 ‘eum

545 4121 683 4164 cum
731 4121 924 4164 causa
971 4104 1090 4162 sibi
1125 4121 1432 4178 praeesse.
1879 4094 1894 4106 “
2613 4183 2618 4187 ‚

724 4210 797 4269 Si
844 4211 1006 4288 quis
1053 4210 1225 4287 quid
1276 4210 1433 4271 uult
1483 4209 1680 4270 aliud
1720 4207 1949 4287 aliud]
1992 4210 2183 4270 Aliud
2225 4209 2409 4269 semel
2449 4211 2740 4288 scriptum
2782 4216 2840 4267 et

542 4326 745 4395 postea
794 4319 1041 4390 arqenti
1078 4316 1328 4391 fodinas
1375 4324 1485 4377 aut
1529 4321 1658 4377 alia
1714 4320 1957 4377 metalla
2005 4325 2167 4376 recte
2215 4315 2457 4376 Merula.
2550 4334 2684 4375 nam
2742 4334 2835 4395 pa-

544 4441 675 4483 rum
725 4431 857 4501 apta
906 4423 1200 4483 efficietur
1248 4425 1559 4503 sententia,
1609 4426 1656 4483 si
1706 4421 1961 4502 repetito
2011 4425 2364 4502 pronomine
2412 4424 2836 4501 interrogative

542 4529 687 4588 haec
735 4530 1085 4608 efferuntur,
1137 4530 1356 4590 Aliud?
1404 4549 1564 4591 anne
1610 4549 1737 4608 eye,
1788 4534 2050 4610 inquam,
2096 4534 2370 4605 sequar?
2641 4513 2646 4536 ¹
