3178 5185
607 409 729 473 148
993 368 994 373 Ἰ
1290 416 1673 471 COMMENT.
1709 416 1791 470 IN
1828 416 2201 471 VARRONIS

601 575 767 632 item
822 590 954 651 quo
1012 589 1320 651 corpore
1379 571 1629 650 aegro]
1693 574 1997 633 Incientes
2043 572 2339 633 Victorius
2396 570 2525 631 coll.
2565 570 2723 632 Paul.
2760 591 2875 632 exc.

604 678 759 740 Fest.
799 698 854 758 p.
879 677 997 761 97,
1029 675 1112 740 15
1160 681 1393 740 inciens
1425 683 1778 756 propinqua
1811 683 2042 756 partui,
2089 681 2253 754 quod
2288 682 2578 739 incitatus
2617 682 2695 738 sit
2725 677 2877 753 fetus

602 790 747 846 eius.
831 793 1138 865 praeterea
1207 804 1366 861 quae
1431 804 1694 862 corpore
1752 804 1941 861 aeqro
1997 787 2226 865 scripsi.
2312 804 2447 846 nam
2512 803 2630 844 non
2692 785 2877 846 addito

600 896 950 971 pronomine
999 911 1258 969 corpore
1304 910 1493 967 aeqro
1541 892 1661 952 dici
1712 910 1830 952 non
1877 895 2096 974 potuit,
2156 900 2216 952 et
2268 892 2478 952 iisdem
2537 894 2754 971 saeptis
2798 894 2879 951 in-

602 999 927 1060 cluduntur
972 1001 1264 1060 incientes
1311 1017 1451 1058 oves
1502 1008 1561 1059 et
1609 1017 1758 1077 quae
1807 1017 1984 1078 aegro
2033 1018 2284 1078 corpore
2333 1007 2488 1060 sunt.

778 1103 818 1167 9
887 1105 1156 1167 Contra
1203 1104 1326 1165 ille
1375 1108 1444 1165 in
1484 1105 1792 1167 saltibus
1831 1124 2008 1185 quae
2047 1116 2445 1186 pascuntur
2494 1116 2563 1167 et
2601 1125 2632 1166 a
2672 1109 2878 1167 tectis

602 1213 860 1274 absunt
906 1212 1112 1291 longe
1160 1220 1455 1292 portant
1503 1231 1741 1273 secum
1788 1212 2062 1292 grates]
2120 1215 2346 1274 Contra
2395 1216 2536 1275 illae
2575 1213 2880 1293 Victorius,

600 1329 818 1382 eontra
868 1324 958 1381 illi
1002 1324 1064 1380 in
1101 1322 1358 1380 saltibus
1404 1323 1512 1394 qui
1541 1327 1808 1396 pascunt
1844 1320 2114 1395 UrsinuS,
2154 1327 2371 1381 contra
2410 1324 2501 1381 illi
2537 1324 2601 1381 in
2637 1323 2884 1382 saltibus

602 1432 709 1504 qui
736 1434 1080 1504 pascuntur
1119 1426 1539 1488 SchneideruS.
1620 1427 1692 1487 de
1725 1426 1933 1488 ovibus
1969 1428 2114 1488 haec
2154 1427 2286 1507 dici,
2324 1446 2443 1487 non
2484 1427 2556 1487 de
2592 1426 2884 1506 gregibuS,

603 1542 862 1616 apparet,
910 1534 1122 1594 deinde
1170 1534 1242 1593 de
1288 1533 1628 1613 pastoribus
1671 1541 1924 1610 portant
1967 1552 2171 1595 seeum
2211 1543 2431 1610 crates,
2480 1542 2709 1595 mutato
2757 1542 2885 1613 post

603 1641 910 1702 relativum
959 1659 1286 1721 pronomen
1335 1641 1605 1702 subiecto
1653 1640 1848 1723 verbi,
1897 1641 1952 1701 h.
1993 1660 2042 1701 e.
2090 1644 2151 1701 in
2199 1641 2316 1703 illis
2363 1640 2592 1722 ovihuS,
2642 1642 2884 1720 quaein

602 1747 850 1808 saltibus
896 1757 1240 1828 pascuntur,
1285 1756 1526 1827 portant
1574 1766 1778 1808 secum
1828 1757 2042 1809 crateS.
2122 1751 2296 1809 cuius
2342 1751 2579 1828 generis
2629 1748 2884 1828 exempla

601 1855 736 1915 dedi
773 1854 801 1914 Ι
835 1852 940 1937 44,
968 1854 1028 1917 4.

783 1960 865 2024 10
927 1961 1010 2023 Ut
1057 1965 1296 2041 iugum
1337 1964 1666 2023 conti-net
1713 1962 2106 2041 sirpiculos
2153 1965 2257 2023 sic
2296 1962 2518 2024 calles
2555 1962 2885 2042 publicae

602 2070 963 2131 distantes
1008 2067 1418 2149 pastiones]
1466 2070 1656 2130 Colles
1686 2071 1976 2145 publicae
2012 2069 2255 2148 Merula,
2303 2069 2407 2131 ubi
2436 2073 2688 2147 publice
2734 2070 2888 2130 dedit

600 2177 931 2259 IucunduS,
996 2181 1182 2238 calles
1249 2195 1319 2236 ex
1386 2176 1591 2236 codice
1648 2174 1946 2236 Victorius
2011 2178 2300 2251 restituit,
2366 2181 2552 2239 ealles
2607 2180 2889 2255 publicae

602 2283 882 2362 Scaliger.
960 2283 1288 2344 masculino
1335 2301 1555 2362 genere
1605 2282 1782 2343 calles
1830 2282 1978 2343 dixit
2022 2281 2206 2343 Varro
2245 2281 2297 2343 11
2338 2282 2396 2366 9,
2428 2280 2511 2345 16
2560 2289 2751 2346 calles
2793 2288 2884 2344 sil·

597 2399 823 2453 vestres
869 2395 1246 2466 lonqinquos.

777 2497 1058 2577 Eaeque
1115 2497 1217 2558 ibi
1271 2496 1394 2557 uhi
1438 2506 1843 2577 pascuntur
1901 2500 1969 2558 in
2027 2497 2269 2558 eadem
2315 2499 2612 2576 regione
2666 2508 2886 2559 tamen

601 2605 1053 2685 temporibus
1100 2605 1520 2685 distingunt
1565 2615 1642 2666 ut
1693 2613 1969 2667 aestate
2018 2606 2201 2684 quod
2251 2624 2405 2666 cum
2452 2607 2678 2686 prima
2736 2605 2887 2666 luce

605 2722 871 2773 exeunt
918 2710 1222 2792 pastum]
1273 2714 1517 2788 Easque
1562 2716 1654 2775 ibi
1684 2746 1760 2755 —
1804 2716 2157 2789 distinqunt,
2202 2720 2272 2773 ut
2307 2719 2539 2774 aestate
2575 2712 2887 2774 GesneruS.

599 2829 735 2898 post
794 2819 1074 2881 Varronis
1145 2819 1680 2899 interpellationem
1752 2820 1982 2882 Atticus
2045 2822 2105 2880 in
2171 2821 2439 2882 instituta
2496 2818 2886 2899 disputatione

610 2928 688 2986 ita
738 2927 962 3007 pergit,
1010 2934 1077 2987 ut
1123 2926 1191 2986 ad
1243 2945 1309 2987 ea
1358 2946 1507 3010 quae
1562 2905 1635 2987 de
1692 2927 2030 2988 diversitate
2086 2926 2352 2987 locorum
2407 2927 2469 2986 in
2523 2925 2791 2987 bibernis
2834 2934 2889 2986 et

604 3034 848 3093 aestivis
895 3033 1268 3112 pastionibus
1315 3036 1442 3114 ipse
1501 3035 1731 3095 dixerat
1787 3036 2113 3095 orationem
2170 3033 2573 3094 accommodet
2626 3035 2687 3093 in
2736 3034 2888 3094 bunc

602 3140 861 3222 modum,
914 3160 1143 3217 eaeque
1191 3136 1554 3223 (pastiones)
1603 3144 1707 3216 ibi,
1752 3143 1861 3202 ubi
1887 3148 2234 3218 pascuntur
2282 3144 2343 3201 in
2381 3143 2590 3201 eadem
2630 3144 2891 3216 regione,

600 3255 800 3329 tamen
872 3251 1243 3325 temporibus
1300 3252 1774 3329 distinquntur,
1808 3256 2039 3310 aestate
2093 3251 2258 3323 quod
2310 3265 2446 3308 cum
2498 3250 2707 3324 prima
2760 3251 2893 3308 luce

605 3363 832 3415 exeunt
874 3357 1132 3431 pastum.
1209 3358 1462 3416 aestivae
1510 3364 1571 3417 et
1616 3354 1901 3417 hibernae
1948 3357 2266 3436 pastioneS,
2313 3357 2541 3415 etiamsi
2586 3357 2649 3414 in
2692 3353 2891 3415 eadem

603 3463 847 3540 regione
878 3479 1090 3541 greges
1131 3472 1476 3544 pascuntur,
1514 3473 1711 3524 tamen
1753 3462 2122 3542 temporibus
2160 3463 2623 3543 distinguuntur,
2660 3471 2891 3542 propte·

598 3587 695 3628 rea
755 3569 910 3646 quod
971 3570 1142 3631 aliter
1199 3571 1351 3631 fiunt
1415 3580 1666 3651 aestate,
1723 3571 1894 3632 aliter
1940 3570 2190 3631 hiberno
2247 3589 2316 3632 ac
2371 3588 2554 3631 verno
2612 3577 2890 3649 tempore.

596 3695 707 3737 eae
754 3694 989 3751 quoque
1034 3676 1174 3737 olim
1222 3679 1619 3757 conieceram,
1666 3696 1784 3756 quo
1833 3677 2062 3737 facilior
2121 3678 2293 3738 fieret
2338 3678 2629 3738 transitus
2675 3695 2706 3735 a
2753 3674 2886 3735 Var-

594 3785 757 3842 ronis
804 3783 1277 3864 interpellatione
1327 3782 1400 3843 ad
1450 3784 1633 3844 Attici
1679 3802 2033 3844 sermonem.

771 3890 947 3952 Puto
994 3889 1453 3970 propellunt]
1503 3893 1720 3952 Potum
1759 3896 2109 3969 propellunt
2169 3912 2240 3952 ex
2289 3892 2634 3952 coniectura
2678 3889 2882 3950 Ponte-

596 3995 772 4057 derae
822 3996 1226 4058 Schneiderus
1274 3996 1475 4058 edidit.
1551 3997 1878 4059 Varronem
1929 4007 2171 4060 secutus
2220 4007 2310 4060 est
2356 3996 2652 4077 Vergilius
2690 4014 2881 4076 georg.

593 4103 672 4163 111
712 4100 861 4184 324,
907 4104 1067 4164 bunc
1116 4103 1434 4165 Columella
1476 4104 1575 4164 Vll
1614 4103 1673 4186 3,
1704 4102 1810 4167 23.

776 4208 855 4272 11
925 4210 1064 4271 Sub
1121 4211 1567 4272 umbriferas
1626 4230 1842 4292 rupes
1899 4221 1968 4273 et
2025 4211 2322 4273 arbores
2376 4212 2669 4292 putulas
2724 4209 2876 4271 sub·

593 4318 826 4377 iciunt
864 4318 1088 4396 quaad
1128 4319 1578 4397 refrigeratu
1620 4337 1781 4379 aere
1820 4320 2247 4397 uespertino
2286 4337 2542 4380 rursus
2579 4323 2877 4398 pascunt

595 4424 672 4483 ad
723 4423 899 4484 solis
948 4443 1158 4485 occas
1182 4423 1325 4502 um]
1377 4427 1633 4486 Patulas
1678 4428 2025 4504 subiiciunt,
2073 4428 2280 4500 quoad
2321 4425 2697 4501 refriyerato
2742 4441 2878 4484 aere

595 4534 931 4605 vespertino
979 4550 1199 4591 rursus
1251 4540 1516 4606 pascant
1572 4531 1815 4594 Merula.
1900 4536 2108 4607 quoad
2159 4532 2580 4608 resriqeratur
2637 4551 2772 4607 aer,
2824 4536 2877 4589 et
