3178 5185
588 378 715 442 190
1567 378 1943 435 VARRONIS

582 543 932 626 bibendum,
992 546 1229 625 eligitur
1285 546 1356 605 ad
1406 546 1718 607 edendum.
1815 549 2013 625 itaque
2063 544 2210 606 lecta
2260 546 2527 606 defertur
2574 548 2637 605 in
2688 545 2899 605 forum

584 653 900 733 vinarium,
956 652 1113 713 unde
1170 655 1231 713 in
1289 652 1510 713 dolium
1567 655 1742 713 inane
1791 656 2012 734 veniat3
2071 653 2252 714 electa
2303 656 2364 712 in
2413 661 2706 713 secretam
2755 671 2899 712 cor—

583 757 805 839 bulam,
872 760 1029 821 unde
1094 762 1155 820 in
1223 759 1430 820 ollulas
1495 760 1747 820 addatur
1812 769 1871 820 et
1936 762 1996 821 in
2064 761 2214 821 dolia
2282 761 2454 840 plena
2514 762 2900 821 vinaciorum

584 867 995 942 contradatur,
1043 867 1152 927 alia
1203 887 1351 946 quae
1399 870 1459 927 in
1508 869 1793 946 piscinam
1844 870 1903 928 in
1953 869 2294 947 amphoram
2344 872 2596 947 picatam
2637 868 2900 928 descen-

583 972 707 1053 dat,
773 973 880 1034 alia
950 994 1098 1054 quae
1164 968 1255 1051 [in
1321 974 1447 1052 ara]
1506 976 1566 1034 in
1625 978 1959 1036 carnarium
2018 976 2312 1037 escendat.
2416 994 2566 1054 quae
2625 974 2899 1035 calcatae
2960 993 2986 1031 5

584 1099 730 1140 uvae
788 1090 993 1163 erunt,
1061 1099 1266 1141 earum
1323 1083 1487 1159 scopi
1544 1101 1679 1142 cum
1737 1082 2014 1144 folliculis
2073 1083 2406 1144 subiciendi
2461 1081 2570 1142 sub
2628 1081 2898 1160 prelum,

583 1194 668 1268 ut,
727 1189 919 1267 siquid
979 1189 1195 1268 reliqui
1250 1188 1502 1249 habeant
1559 1192 1767 1271 musti,
1825 1193 2190 1270 exprimatur
2246 1192 2307 1251 in
2367 1189 2622 1250 eundem
2671 1188 2898 1249 lacum.

516 1297 729 1366 ¹3cum
796 1296 973 1356 desiit
1040 1294 1151 1356 sub
1216 1296 1382 1374 prelo
1438 1296 1651 1379 fluere,
1717 1283 1954 1378 quidam
2011 1299 2447 1359 circumcidunt
2503 1305 2767 1357 extrema
2834 1304 2900 1356 et

586 1421 799 1463 rursus
847 1411 1127 1481 premunt
1175 1410 1250 1483 et,
1298 1422 1510 1465 rursus
1559 1424 1693 1465 cum
1733 1424 2097 1487 expressum,
2146 1406 2646 1466 circumcisicium
2688 1401 2896 1482 appel·

588 1508 711 1569 lant
758 1529 823 1570 ac
865 1528 1134 1571 seorsum
1173 1510 1331 1589 quod
1371 1530 1719 1591 expressum
1760 1520 1850 1573 est
1890 1523 2143 1594 servant,
2193 1513 2348 1593 quod
2389 1514 2599 1591 resipit
2637 1512 2892 1571 ferrum.
2925 1529 2980 1567 ιο

588 1619 855 1695 expressi
903 1619 1209 1678 acinorum
1257 1618 1503 1679 folliculi
1549 1621 1612 1679 iu
1660 1620 1813 1680 dolia
1861 1623 2224 1700 coiciuntur,
2282 1637 2471 1698 eoque
2520 1637 2669 1698 aqua
2721 1602 2891 1678 addi-

588 1732 715 1784 tur:
762 1744 827 1785 ea
880 1733 1120 1786 vocatur
1167 1726 1309 1807 lora,
1360 1727 1514 1805 quod
1565 1726 1682 1787 lota
1723 1730 1906 1809 acina,
1952 1747 2020 1788 ac
2059 1747 2166 1807 pro
2205 1729 2341 1788 vino
2381 1727 2670 1806 operariis
2710 1725 2893 1785 datur

587 1831 801 1893 hieme.

481 1931 576 1991 LV
771 1939 855 1999 De
899 1940 1111 2001 oliveto
1151 1939 1355 2023 oleam,
1388 1960 1567 2019 ⁴quam
1609 1961 1786 2003 manu
1823 1950 2066 2021 tangere
2103 1944 2297 2022 possis
2337 1960 2368 2002 e
2407 1951 2564 2003 terra
2595 1959 2662 2000 ac
2694 1939 2895 2018 scalis,

590 2044 784 2124 legere
816 2056 1051 2126 oportet
1081 2051 1280 2127 potius
1310 2067 1485 2127 quam
1519 2056 1783 2129 quatere,
1815 2049 1970 2128 quod
2004 2069 2069 2110 ea
2102 2068 2251 2129 quae
2282 2048 2576 2128 vapulavit
2605 2049 2895 2107 macescit
2925 2061 2974 2101 15

590 2171 699 2214 nec
748 2153 847 2215 dat
894 2163 1123 2216 tantum
1171 2156 1302 2217 olei.
1398 2175 1546 2235 quae
1597 2175 1774 2217 manu
1821 2160 2054 2237 stricta,
2114 2157 2321 2217 melior
2368 2175 2434 2216 ea
2484 2174 2632 2234 quae
2683 2154 2892 2233 digitis

591 2260 765 2321 nudis
823 2261 1199 2339 [laudabilior
1254 2263 1356 2344 L],
1425 2282 1601 2343 quam
1656 2264 1753 2324 illa
1811 2283 1960 2343 quae
2017 2283 2151 2324 cum
2209 2262 2575 2343 digitabulis‚
2633 2262 2890 2322 durities

736 2492 762 2539 1
805 2486 977 2559 lecta]
1017 2486 1219 2542 lectius
1259 2487 1372 2541 VA
1411 2494 1461 2543 et
1496 2489 1867 2557 superscripta
1896 2489 1915 2542 i
1953 2490 2135 2543 littera
2160 2489 2216 2542 B
2245 2488 2426 2544 lectae
2456 2487 2541 2543 ius
2573 2489 2887 2542 IucunduS.

593 2575 811 2643 ‘Itaque
848 2575 1051 2632 lectius
1090 2576 1353 2633 defertur.
1393 2580 1436 2633 I
1436 2586 1494 2633 ta
1530 2579 1792 2648 scriptum
1829 2579 1892 2633 in
1919 2579 2169 2634 omnibus
2197 2580 2443 2648 antiquis
2473 2578 2631 2633 libris
2660 2578 2888 2633 inueni:

590 2668 951 2720 emendarunt
997 2684 1064 2720 ex
1099 2668 1318 2737 inqenio
1365 2669 1650 2736 nonnulli,
1697 2672 1760 2722 ut
1796 2668 2017 2736 opinor,
2065 2669 2270 2723 Lectae
2308 2668 2417 2722 ius’
2469 2668 2745 2723 Victorius

590 2760 622 2809 2
688 2755 967 2810 uinarium
1022 2774 1055 2811 v
1109 2757 1407 2811 uiniarium
1460 2758 1574 2810 PB
1628 2756 1923 2812 uiniariam
1972 2759 2026 2811 A
2244 2763 2275 2812 5
2330 2757 2388 2811 in
2446 2775 2546 2811 ara
2592 2759 2773 2811 PAB
2830 2757 2888 2811 in

589 2845 783 2899 haram
812 2862 844 2898 v
882 2845 941 2898 in
978 2862 1166 2900 aream
1208 2846 1420 2915 Popma
1529 2846 1797 2900 escendat
1828 2845 2009 2901 PAB
2038 2846 2307 2901 ascendat
2332 2865 2364 2901 v
2475 2854 2506 2902 6
2546 2846 2887 2921 earumrAB

591 2951 784 2989 eorum
829 2933 883 2988 V
1015 2935 1258 2989 foliculis
1295 2937 1349 2989 A
1485 2937 1703 3005 prelum
1740 2935 1887 2989 A²m
1927 2936 2148 3005 ¹plerum
2189 2936 2371 2991 PAB
2417 2937 2671 3006 praelum
2708 2954 2743 2991 v

592 3030 621 3077 7
682 3023 867 3092 siquid
911 3024 1113 3093 reliqui
1158 3024 1370 3078 habeat
1414 3024 1537 3079 A²v
1586 3019 1778 3093 siquid⁴
1818 3024 2020 3092 reliqui
2066 3026 2276 3081 habeat
2320 3027 2439 3080 Bm
2485 3025 2632 3094 siqui
2681 3023 2888 3093 reliqui

591 3112 803 3167 habeat
843 3113 959 3166 PA
1103 3117 1135 3165 8
1186 3114 1285 3167 sub
1333 3116 1527 3182 praelo
1576 3114 1628 3167 V
1673 3113 1774 3168 sub
1811 3114 1905 3183 plo
1944 3114 2000 3169 A
2038 3115 2140 3169 sub
2178 3116 2335 3185 plero
2373 3115 2428 3169 B
2574 3121 2605 3168 9
2654 3115 2886 3169 circum·

593 3202 837 3257 cisitium
884 3202 1129 3274 Scaliyer
1174 3201 1663 3257 circumcisicitum
1715 3203 1897 3257 PAB
1945 3203 2378 3258 circumcisitum
2424 3222 2472 3259 v.
2559 3205 2663 3257 ‘In
2715 3221 2888 3257 manu

590 3293 813 3361 scriptis
876 3309 994 3345 una
1045 3291 1261 3361 syllaba
1315 3293 1646 3358 productius
1700 3294 1952 3359 uerbum,
2018 3292 2541 3348 Circumcisicitum'
2610 3293 2888 3347 Victorius

740 3385 805 3433 10
850 3380 1070 3451 resipit]
1110 3380 1341 3450 respicit
1375 3379 1495 3434 Am
1645 3387 1701 3434 11
1754 3382 2066 3437 coiciuntur
2100 3383 2220 3436 Am
2256 3383 2607 3450 couiciuntur
2642 3383 2698 3436 B
2738 3381 2885 3435 coni·

594 3469 815 3523 ciuntur
856 3469 910 3521 P
944 3467 1317 3522 coniiciuntur
1352 3486 1384 3522 v
1533 3477 1597 3524 12
1646 3487 1713 3524 ea
1748 3473 1983 3525 uocatur
2021 3472 2104 3526 bis
2130 3473 2419 3541 scriptum,
2464 3473 2557 3527 sed
2587 3472 2886 3540 posteriore

595 3560 706 3613 loco
750 3560 1021 3613 subducta
1066 3560 1214 3613 linea
1258 3564 1505 3614 notatum
1541 3559 1599 3614 A
1659 3578 1664 3583 ·
1769 3560 1890 3614 lota
1933 3561 2360 3629 superscriptum
2403 3562 2467 3615 in
2502 3560 2558 3615 A
2720 3559 2884 3613 datur

594 3646 861 3717 operariis
899 3646 956 3701 in
995 3647 1178 3702 hieme
1216 3664 1355 3703 corr.
1395 3649 1665 3718 operariis
1704 3648 1870 3703 datur
1906 3649 2089 3703 hieme
2119 3651 2174 3705 B
2322 3656 2385 3705 13
2423 3650 2623 3719 hyeme
2670 3648 2724 3703 V

705 3779 771 3828 14
810 3789 839 3827 e
876 3776 1028 3828 terra
1064 3773 1082 3826 l
1115 3791 1180 3829 ac
1218 3774 1399 3842 scalis,
1429 3775 1522 3829 sed
1549 3774 1571 3827 l
1600 3781 1728 3829 ante
1754 3791 1820 3829 ac
1840 3775 2142 3829 deletumB
2279 3753 2487 3829 s‘alisA
2581 3778 2645 3827 15
2676 3790 2884 3828 maces—

597 3863 669 3917 sit
697 3865 750 3916 A
858 3880 1054 3918 manus
1093 3865 1306 3934 stricta,
1343 3866 1435 3918 sed
1473 3884 1497 3918 s
1526 3867 1718 3932 priore
1745 3865 1868 3918 loco*
1887 3865 2115 3918 deletum
2142 3866 2195 3918 A
2309 3856 2374 3917 17
2414 3862 2755 3918 laudabilior
2775 3864 2884 3916 .L.

596 3970 763 4021 quam
818 3954 875 4007 P
922 3952 1263 4008 laudabilior
1304 3996 1314 4007 .
1355 3954 1376 4006 l
1415 3997 1426 4008 .
1468 3970 1638 4022 quam
1675 3954 1732 4006 A
1787 3959 1837 4008 et
1889 3955 2256 4021 superscripto
2294 3996 2306 4008 .
2345 3951 2495 4007 1.Β
2548 3952 2886 4007 laudabilior

597 4060 765 4111 quam
802 4060 833 4097 v
978 4041 1307 4112 digitabulis
1346 4043 1527 4097 PAB
1575 4042 1907 4112 digitalibus
1945 4060 1977 4096 υ
2017 4083 2030 4095 .
2073 4042 2374 4110 ‘Optimum
2419 4044 2696 4110 exemplar
2731 4041 2885 4111 Digi-

595 4133 821 4187 tabulis.
896 4133 1004 4186 Est
1039 4134 1102 4186 in
1139 4147 1196 4186 eo
1234 4133 1393 4186 aliud
1428 4133 1592 4186 etiam
1628 4133 1773 4199 quod
1808 4133 2082 4200 explicare
2114 4148 2226 4186 non
2246 4147 2489 4199 possum,
2526 4130 2570 4183 L
2601 4172 2613 4184 .
2642 4133 2886 4200 inquam,

596 4222 675 4275 sic
712 4223 852 4275 enim
888 4222 1069 4275 habet:
1111 4219 1265 4284 Quae
1304 4218 1498 4287 digitis
1533 4217 1697 4272 nudis
1736 4219 2075 4273 laudabilior
2113 4220 2156 4271 L
2187 4259 2198 4272 .
2231 4236 2401 4287 quam
2436 4219 2539 4272 illa
2575 4235 2720 4288 quae
2762 4237 2885 4274 cum

598 4310 946 4378 digitabulis’
973 4311 1249 4364 Victorius
1361 4306 1631 4361 ‘Durities
1655 4305 1802 4361 enim
1823 4324 2015 4361 eorum
2037 4309 2182 4377 quod
2207 4325 2321 4362 non
2341 4308 2518 4362 solum
2540 4308 2769 4376 stringit
2784 4310 2889 4362 etc.
2977 4378 2986 4388 ι

596 4400 807 4455 Locum
860 4401 1004 4454 hunc
1049 4401 1211 4454 ualde
1256 4399 1569 4452 mendosum
1615 4396 1872 4450 habemus
1917 4398 1980 4450 in
2027 4398 2303 4451 codicibus
2349 4397 2633 4451 Nonianis
2660 4418 2677 4450 :
2714 4399 2784 4451 ab
2831 4413 2888 4450 eo

598 4490 741 4544 enim
791 4490 1088 4543 adducitur
1132 4489 1195 4540 in
1240 4488 1476 4541 dictione
1521 4485 1812 4557 Strinyere.
1910 4485 2087 4539 Varro
2134 4487 2200 4539 de
2245 4504 2303 4540 re
2347 4488 2556 4540 rustica
2601 4487 2743 4540 libro
2793 4486 2884 4538 II.
