3178 5185
893 421 1153 476 RERVM
1190 419 1668 475 RVSTICARVM
1706 421 1841 474 ΜΒ.
1881 422 1960 474 111
2005 421 2079 475 17
2512 410 2642 475 305

351 577 539 635 menis
602 595 655 655 p.
716 572 844 636 190
900 575 990 635 cd.
1040 575 1357 636 Westerm.
1414 570 1486 634 έν
1544 573 1766 657 Λυδία
1833 567 1970 634 ἐστὶ
2028 573 2225 655 λίμνη
2284 566 2463 634 Τάλα
2520 567 2643 653 μὲν

348 677 748 763 καλουμένη,
797 675 944 762 ἱερὰ
994 674 1068 742 δὲ
1118 668 1287 743 οὖσα
1334 679 1645 761 νυμφῶν,
1693 671 1734 761 ἣ
1783 676 1972 761 φέρει
2018 674 2334 760 καλάμων
2385 678 2644 760 πλῆθος

348 784 457 850 καὶ
505 784 708 869 μέσον
755 779 977 851 αὐτῶν
1025 783 1163 865 ἕνα,
1214 777 1296 848 ὃν
1335 783 1610 866 βασιλέα
1649 781 2271 867 προσαγορεύουσιν
2313 785 2384 848 οἱ
2407 780 2641 867 ἐπιχώ-

351 918 504 977 ριοι.
594 895 839 968 θυσίας
887 888 960 955 δὲ
1006 889 1115 955 καὶ
1166 886 1398 975 ἑορτὰς
1446 891 1899 966 ἐπιτελοῦντες
1956 892 2336 967 ἐνιαυσίους
2394 887 2641 968 ἐξιλάσ-

349 1025 596 1064 κονται.
687 995 946 1064 τούτων
1000 995 1074 1062 δὲ
1132 996 1690 1080 ἐπιτελουμένων,
1748 994 2020 1062 ἐπειδὰν
2082 995 2185 1061 ἐπὶ
2242 1001 2359 1080 τῆς
2412 992 2642 1081 ἠιόνος

348 1104 592 1183 κτύπος
640 1108 1036 1190 συμφωνίας
1081 1105 1376 1189 γένηται,
1426 1102 1669 1181 πάντες
1716 1106 1787 1169 οἱ
1817 1101 2102 1188 κάλαμοι
2140 1100 2495 1188 χορεύουσι
2533 1101 2643 1166 καὶ

352 1209 386 1277 ὁ
437 1208 746 1298 βασιλεὺς
793 1213 924 1277 σὺν
973 1207 1201 1288 αὐτοῖς
1246 1209 1546 1296 χορεύων
1605 1215 2037 1295 παραγίνεται
2106 1209 2210 1276 ἐπὶ
2259 1206 2383 1294 τὴν
2428 1205 2643 1293 ἠιόνα.

351 1323 577 1384 viderat
633 1333 828 1384 autem
881 1324 1024 1385 haec
1074 1324 1255 1384 Varro
1306 1333 1448 1397 tum,
1497 1341 1631 1382 cum
1694 1322 1922 1400 legatus
1970 1323 2240 1401 Pompeii
2285 1324 2346 1380 in
2394 1323 2643 1399 piratico

349 1430 502 1491 bello
551 1450 601 1491 a.
650 1429 777 1492 687
819 1450 928 1518 ‘eas
979 1432 1249 1509 regiones
1299 1427 1511 1490 adibat.

528 1534 570 1600 5
634 1540 997 1599 Hortensius
1055 1539 1309 1609 Quintus
1366 1535 1501 1596 libri
1550 1555 1725 1597 manu
1783 1539 2016 1617 scripti,
2084 1538 2339 1608 Quintus
2385 1537 2643 1596 Horten·

348 1649 476 1705 sius
524 1665 594 1704 ex
644 1644 847 1705 Aldina
901 1645 1159 1704 editione
1209 1652 1515 1721 receptum
1564 1654 1673 1704 est.

529 1749 568 1812 6
635 1751 875 1830 Neque
943 1753 1122 1811 satis
1192 1758 1345 1810 erat
1413 1769 1565 1811 eum
1634 1770 1769 1810 nou
1828 1753 2022 1829 pasci
2080 1769 2112 1809 e
2170 1750 2514 1828 piscinis]
2577 1751 2641 1811 In

351 1859 715 1937 discrepanti
762 1857 1049 1919 librorum
1108 1859 1408 1936 scriptura
1457 1876 1572 1918 non
1633 1859 1774 1917 satis
1823 1865 2080 1937 constat,
2141 1866 2344 1918 utrum
2384 1861 2566 1935 pasci
2609 1877 2643 1917 e

340 1968 599 2041 piscinis
644 1983 718 2024 an
759 1983 1022 2040 pascere
1061 1968 1318 2039 piscinis
1363 1966 1425 2023 in
1473 1964 1799 2043 archetypo
1849 1966 2140 2041 scriptum
2191 1964 2390 2025 suerit.
2465 1968 2648 2040 pasci

344 2075 597 2146 piscinis
643 2071 866 2132 Merula
917 2080 977 2131 et
1024 2069 1234 2131 deinde
1286 2070 1499 2149 reliqui
1548 2071 1837 2151 editores»,
1891 2076 2072 2146 pasci
2108 2072 2382 2146 piscibus
2429 2070 2643 2130 Ponte-

353 2177 492 2236 dera
551 2197 603 2257 p.
646 2175 772 2238 461
827 2181 1096 2238 coniecit.
1193 2197 1397 2238 verum
1456 2197 1588 2237 esse
1648 2187 1792 2257 puto
1844 2182 2026 2253 pasci
2070 2197 2103 2238 e
2150 2180 2430 2253 piscinis,
2487 2176 2543 2236 h.
2594 2196 2643 2236 e.

350 2284 616 2364 piscibus
664 2288 768 2363 qui
814 2305 845 2344 e
896 2288 1140 2365 piscinis
1188 2288 1409 2363 sumpti
1459 2293 1629 2344 erant
1675 2287 1853 2364 pasci.

531 2392 861 2453 Maiorem
911 2411 1151 2453 curam
1192 2391 1331 2452 sibi
1370 2391 1705 2468 haberet]
1749 2393 1982 2452 Maiori
2018 2411 2211 2453 curae
2248 2393 2366 2451 sibi
2391 2392 2645 2451 haberet

350 2500 605 2559 coniecit
650 2498 919 2560 Ursinus,

527 2607 928 2668 pisciculos
968 2608 1279 2666 minutos
1317 2606 1762 2686 aggerebant
1800 2607 2228 2685 frequenter
2266 2608 2385 2685 qui
2425 2608 2645 2666 maio-

353 2713 554 2774 ribus
603 2710 1191 2792 absumerentur]
1253 2717 1371 2785 Oui
1415 2733 1453 2774 a
1492 2716 1826 2775 maioribus
1866 2716 2330 2775 absumerentur
2375 2733 2445 2773 ex
2484 2715 2643 2791 prin-

356 2822 486 2899 cipe
536 2820 794 2881 editione
843 2823 1095 2902 restitui,
1143 2829 1209 2880 ut
1256 2839 1295 2880 a
1341 2823 1675 2881 maioribus
1723 2825 2190 2882 absumerentur
2237 2820 2537 2880 iucundus
2586 2830 2645 2879 et

355 2926 568 2985 deinde
617 2927 831 3005 reliqui
880 2927 1157 2987 editores

534 3030 569 3092 7
640 3012 1250 3093 Salsamentornm
1299 3035 1368 3093 in
1419 3052 1535 3093 eas
1573 3036 1893 3113 piscinas
1932 3042 2242 3113 emptum
2283 3033 2646 3093 coiciebat

354 3158 506 3199 cum
555 3158 743 3199 mare
794 3139 1123 3200 turbaret
1160 3158 1236 3199 ac
1284 3159 1411 3217 per
1459 3149 1964 3220 tempestatem
2015 3139 2389 3201 macellum
2428 3140 2642 3217 pisci-

355 3264 599 3307 narum
646 3263 837 3305 mare
887 3245 1268 3305 obsonium
1309 3244 1731 3325 praeberet]
1789 3247 1932 3306 Cum
1979 3265 2151 3308 mare
2188 3247 2548 3306 turbaretur
2585 3255 2645 3305 et

354 3353 565 3412 deinde
599 3356 900 3428 piscinam
938 3358 1005 3412 ut
1041 3370 1213 3413 mare
1250 3355 1557 3413 obsonium
1591 3355 1922 3430 praeberet
1959 3352 2198 3413 Merula.
2275 3356 2642 3412 salsamenta

360 3463 419 3518 in
469 3478 574 3519 eas
615 3447 889 3534 piscinas
938 3463 1206 3534 emptitia
1253 3462 1643 3540 coniiciebat,
1699 3477 1834 3519 cum
1890 3476 2062 3519 mare
2115 3461 2501 3532 turbaretur,
2558 3462 2650 3518 uti

355 3584 470 3640 per
518 3570 922 3640 tempestatem
969 3569 1094 3626 suis
1134 3567 1406 3641 piscibus
1453 3585 1486 3623 e
1532 3569 1783 3626 macello
1831 3570 2204 3625 cetariorum
2259 3570 2352 3624 uti
2406 3583 2439 3624 e
2485 3569 2648 3625 mari

359 3673 666 3732 obsonium
700 3673 1029 3746 praeberet
1065 3670 1385 3750 IucunduS,
1422 3675 1849 3731 salsamentum
1889 3675 1949 3731 in
1989 3691 2092 3731 eas
2124 3675 2398 3747 piscinas
2438 3675 2643 3747 empti-

368 3781 512 3838 tium
560 3784 620 3837 et
664 3781 758 3837 uti
785 3796 901 3852 per
940 3783 1344 3852 tempestatem
1382 3781 1698 3837 macellum
1730 3781 1985 3852 piscinis
2023 3784 2089 3837 ut
2124 3796 2296 3838 mare
2333 3780 2647 3838 obsonium

355 3887 685 3960 praeberet
750 3878 853 3941 ‘ex
920 3891 1118 3943 vetere
1185 3877 1421 3942 codice'
1479 3881 1748 3943 Ursinus,
1833 3883 2317 3960 interpolationes
2374 3884 2642 3962 Iucundi,

363 4009 509 4068 quae
560 4009 630 4049 ex
669 3989 875 4049 Aldina
915 3989 1170 4050 editione
1219 3992 1278 4049 in
1319 3989 1575 4068 reliquas
1611 3998 1966 4069 propagatae
2006 3999 2162 4064 sunt,
2205 4009 2275 4049 ex
2314 3989 2633 4050 Columella

358 4096 484 4155 VIII
528 4095 628 4178 17,
675 4094 754 4158 12
802 4099 1016 4176 petitae
1076 4093 1259 4158 erant.
1351 4096 1432 4157 ibi
1489 4099 1648 4156 enim
1705 4097 1777 4156 de
1833 4096 2064 4176 pabulis
2120 4098 2372 4175 piscium
2422 4100 2640 4174 scripta

360 4214 498 4264 sunt
545 4205 708 4284 haec,
758 4207 963 4278 itaque
1001 4197 1297 4281 praeberi
1341 4207 1622 4264 convenit
1667 4205 1925 4264 tabentis
1972 4207 2304 4264 halleculas
2348 4235 2420 4244 —
2466 4211 2525 4262 et
2570 4222 2645 4262 ne

350 4330 465 4386 per
499 4315 748 4387 sinqula
788 4329 1146 4385 enumerem,
1184 4315 1687 4372 salsamentorum
1726 4314 1986 4371 omnium
2020 4317 2445 4388 purqamenta,
2487 4326 2646 4383 quae

359 4423 730 4479 cetariorum
776 4417 1038 4493 officinis
1084 4426 1468 4479 everruntur.
1563 4436 1739 4478 manu
1788 4420 2147 4498 scriptorum
2186 4414 2478 4477 librorum
2520 4413 2641 4473 lec·

359 4526 584 4585 tionem
632 4526 889 4604 restitui,
936 4523 1037 4583 sed
1086 4543 1284 4602 mare,
1342 4526 1499 4603 quod
1548 4534 1683 4600 post
1723 4529 2105 4600 piscinarum
2163 4523 2368 4582 vitiose
2427 4521 2644 4597 repeti-

464 4635 616 4675 VARR.
647 4645 752 4674 neu.
780 4644 914 4673 nvsr.
970 4633 1034 4672 ΙΙ.
2153 4629 2221 4676 20
