3178 5185
819 1454 931 1549 Μ.
1000 1452 1469 1550 TERENTI
1532 1448 2085 1548 VARRONIS

369 1618 758 1691 RERVM
823 1617 1504 1691 Rvs'rchRVM
1582 1617 1720 1688 DE
1786 1617 1920 1688 RE
1988 1612 2524 1688 PEcVARIA

980 1761 1307 1832 LIBER
1381 1757 1937 1832 SECVNDVS

475 1975 610 2035 Viri
688 1978 886 2054 magni
959 1977 1149 2036 nostri
1226 1976 1480 2036 maiores
1543 1992 1663 2033 non
1729 1976 1857 2034 sine
1923 1991 2100 2034 causa
2164 1972 2606 2051 praeponebant

247 2083 567 2142 5rusticos
633 2082 934 2143 Romanos
991 2082 1251 2143 urbaniS.
1363 2089 1428 2142 ut
1492 2083 1622 2142 ruri
1689 2083 1846 2140 enim
1912 2082 2137 2159 quiin
2204 2079 2336 2139 villa
2402 2081 2606 2139 vivunt

297 2188 658 2270 ignavioreS,
709 2208 885 2268 quam
934 2192 1037 2269 qui
1084 2192 1143 2249 in
1191 2207 1332 2268 agro
1380 2196 1693 2249 versantur
1738 2190 1799 2247 in
1846 2187 2043 2266 aliquo
2091 2204 2270 2265 opere
2319 2185 2603 2266 faciendO,

300 2295 383 2353 sic
433 2298 546 2374 qui
592 2298 655 2356 in
705 2295 922 2375 oppido
973 2296 1266 2376 sederent,
1317 2315 1491 2375 qnam
1531 2298 1634 2375 qui
1674 2312 1814 2355 rura
1853 2293 2136 2374 colerent,
2183 2293 2603 2354 desidiosiores

301 2402 612 2477 putabant.
717 2406 917 2481 itaque
976 2421 1193 2463 annum
1251 2405 1330 2463 ita
1388 2403 1748 2483 diviserunt,
1815 2410 1881 2462 ut
1939 2402 2112 2461 nonis
2167 2401 2341 2461 inodo
2397 2400 2605 2462 diebus

305 2507 567 2569 urbanas
615 2528 713 2570 res
761 2520 1146 2591 usurparent,
1192 2509 1438 2588 reliquis
1484 2517 1715 2588 septem
1763 2517 1830 2569 ut
1877 2527 2015 2569 rura
2064 2507 2344 2568 colerent.
2438 2505 2655 2587 quod2

234 2629 281 2668 10
307 2614 456 2677 dum
523 2625 911 2680 servaverunt
975 2620 1340 2699 institutum,
1415 2625 1737 2697 utrumque
1805 2624 1944 2678 sunt
2008 2618 2342 2696 consecuti,
2415 2625 2483 2677 ut
2548 2623 2607 2676 et

308 2724 544 2786 cultura
604 2743 779 2803 agros
826 2724 1282 2785 fecundissimos
1329 2725 1619 2785 haberent
1666 2731 1726 2784 et
1770 2726 1888 2802 ipsi
1933 2723 2266 2784 valetudine
2315 2725 2607 2784 firmiores

311 2839 525 2911 essent,
565 2850 633 2892 ac
672 2850 746 2890 ne
778 2831 1138 2892 Graecorum
1181 2831 1404 2891 urbana
1443 2831 1854 2891 desiderarent
1890 2834 2206 2910 gymnasia.
2256 2849 2406 2909 quae
2445 2849 2604 2891 nunc

312 2939 403 2997 vix
453 2940 595 2998 satis
645 2938 878 3016 singula
927 2946 1083 3019 sunt,
1130 2957 1241 2999 nec
1288 2946 1499 3018 putant
1537 2957 1600 2998 se
1639 2937 1858 2998 habere
1897 2937 2109 3018 villam,
2158 2939 2209 2997 si
2246 2956 2365 2997 non
2404 2937 2605 2997 multis

315 3044 611 3105 vocabulis
668 3046 966 3105 retineant
1022 3049 1276 3126 graecis,
1333 3065 1508 3125 quom
1560 3051 1770 3106 vocent
1816 3044 2213 3123 particulatim
2261 3044 2414 3125 loca,
2471 3063 2604 3122 pro-

245 3164 290 3203 15
316 3159 575 3233 coetona,
624 3151 996 3233 palaestram,
1043 3153 1445 3233 apodyterion,
1493 3151 1837 3233 peristylon,
1876 3152 2206 3233 ornithona,
2243 3154 2603 3231 peripteron,

316 3258 729 3337 oporothecen.
820 3261 1002 3338 igitur
1050 3260 1206 3339 quod
1255 3278 1412 3320 nunc
1459 3262 1614 3319 intra
1661 3277 1896 3319 murum
1946 3259 2070 3320 fere
2107 3267 2306 3338 patres
2346 3250 2655 3318 familiae3

453 3456 483 3502 5
529 3454 595 3503 ut,
639 3448 758 3503 ruri
803 3449 955 3503 enim
995 3449 1199 3505 Colum.
1240 3452 1283 3503 I
1309 3450 1489 3518 praef.
1529 3453 1603 3503 17
1749 3446 1815 3502 16
1860 3446 2037 3519 igitur
2085 3449 2233 3515 quod
2276 3466 2421 3503 nunc
2458 3447 2606 3504 intra.

320 3554 529 3590 murum
571 3537 777 3594 Colum.
817 3539 862 3592 Ι
890 3540 1067 3608 praef.
1106 3542 1192 3595 15.
1229 3543 1305 3595 20

490 3722 520 3770 6
576 3716 898 3785 ignauiores
941 3734 973 3770 v
1024 3716 1317 3772 Columella
1356 3718 1399 3771 I
1451 3717 1635 3786 praef.
1692 3722 1764 3772 17
1808 3715 2116 3786 ignariores
2153 3716 2330 3770 PAB
2509 3713 2607 3783 qui

317 3846 431 3909 post
466 3859 637 3911 quam
666 3857 765 3895 om.
796 3840 854 3894 Β
998 3846 1030 3895 8
1069 3842 1298 3913 annum]
1328 3859 1517 3897 annun
1544 3842 1602 3897 A
1745 3849 1777 3896 9
1814 3818 2152 3910 usurparssnt
2178 3841 2234 3894 Β
2373 3837 2607 3908 reliquis

321 3932 524 3999 septem
574 3931 693 3984 PA
739 3928 971 3999 reliquis
1010 3931 1112 3985 VII
1150 3932 1247 3987 Bv
1403 3937 1469 3986 10
1525 3934 1805 4000 utrunque
1853 3932 1966 3986 VB
2130 3937 2194 3985 11
2253 3930 2474 3985 cultura.
2501 3971 2513 3982 .
2546 3970 2558 3982 .
2593 3970 2604 3981 .

321 4059 372 4073 ..
403 4060 415 4072 .
444 4062 457 4074 .
498 4034 666 4089 agros
721 4024 919 4088 septem
969 4021 1081 4087 fere
1136 4022 1332 4077 litteris
1376 4026 1506 4090 post
1552 4021 1772 4075 cultura
1818 4022 2001 4075 deletis
2047 4021 2100 4074 A
2137 4065 2149 4075 .
2281 4017 2606 4073 fecundissi-

321 4125 430 4163 mos
470 4109 592 4163 AB
629 4108 1090 4165 foecundissimos
1132 4110 1183 4163 V
1324 4116 1390 4164 12
1429 4110 1706 4180 gynnasia
1733 4110 1789 4163 Β
1936 4116 2001 4163 13
2038 4109 2085 4163 si
2121 4126 2229 4163 non
2271 4109 2381 4162 VB
2411 4125 2521 4162 non
2549 4108 2603 4161 A

319 4195 420 4250 nisi
446 4215 498 4252 m
610 4203 678 4251 14
714 4197 1018 4267 retineant]
1056 4198 1326 4254 retinniat
1354 4200 1625 4255 Gesner-us
1734 4216 1903 4267 quum
1934 4200 2139 4253 nocent
2165 4198 2287 4252 AB
2330 4198 2606 4252 Victorius

321 4286 441 4353 quin
493 4290 704 4342 nocent
767 4287 819 4341 V
993 4290 1356 4361 procoetona]
1413 4295 1763 4359 procoecona
1807 4288 1863 4341 Β
1886 4288 1950 4354 V,
1993 4289 2091 4342 ubi
2146 4288 2192 4339 c'
2237 4287 2374 4342 tona.
2417 4303 2603 4355 super-

320 4377 527 4444 scripsit
564 4377 633 4445 P,
674 4392 1083 4446 procoeconam
1119 4377 1175 4430 A
1322 4384 1386 4432 15
1434 4378 1719 4447 palaestra
1766 4377 1816 4430 V
1850 4376 2098 4445 palestra.
2134 4374 2253 4428 AB
2398 4376 2605 4446 apody-

318 4463 487 4521 terion
536 4466 590 4520 V
621 4465 963 4536 podyterion
1001 4466 1057 4521 Β
1092 4466 1424 4535 podoterion
1461 4467 1580 4521 Am
1725 4465 2023 4537 ornithona,
2051 4464 2169 4518 AB
2208 4464 2521 4533 ornythona.
2557 4466 2612 4520 V

446 4556 785 4626 peripteron
827 4553 943 4608 PB
981 4555 1300 4625 peripteton
1340 4573 1475 4635 corr.
1514 4554 1839 4625 peripteron
1875 4555 1930 4609 A
1965 4552 2312 4625 peristereon
2346 4571 2379 4609 v
