3178 5185
752 404 1011 458 RERVM
1047 402 1523 458 RVSTICARVM
1562 403 1698 457 LIB.
1737 403 1762 454 I
1802 396 2042 457 55—57
2431 398 2559 463 193

291 590 424 631 aura
472 571 655 631 umida
693 590 764 630 ex
804 573 1157 650 propinquis
1197 570 1343 631 locis
1382 570 1660 648 adspiret.
1754 571 2012 647 parietes
2052 578 2111 629 et
2149 568 2338 627 solum
2379 586 2558 645 opere

291 680 530 739 tectorio
577 686 928 738 marmorato
977 678 1290 758 loricandi3
1349 680 1399 737 si
1446 679 1662 750 minim,
1710 696 1779 736 ex
1829 675 2028 754 argilla
2078 678 2259 735 mixta
2307 692 2479 734 acere
2526 692 2557 733 e

290 785 568 845 frumento
620 794 678 846 et
734 804 1002 866 amurca,
1059 785 1216 863 quod
1274 803 1506 845 murem
1564 774 1625 844 et
1681 801 1940 843 vermem
1986 802 2104 843 non
2152 785 2377 861 patitur
2425 800 2556 841 esse

288 897 343 950 et
385 909 557 969 grana
599 894 736 953 facit
784 893 1065 953 solidiora
1115 912 1181 953 ac
1229 893 1507 976 firmiora.
1605 890 1842 969 quidam
1881 891 2076 968 ipsum
2116 891 2381 950 triticum
2422 907 2558 948 con·

241 1006 571 1077 5spargnnt‚
613 1018 748 1060 cum
798 1000 1014 1061 addant
1062 1002 1122 1060 in
1171 1001 1412 1060 circiter
1460 997 1618 1058 mille
1665 997 1927 1058 modium
1978 996 2324 1076 quadrantal
2364 1015 2556 1057 amur-

285 1122 396 1163 cae.
497 1107 622 1165 item
694 1107 847 1167 alius
911 1106 1056 1168 aliut
1121 1106 1334 1166 adsriat
1399 1113 1501 1165 aut
1555 1106 1841 1184 aspargit,
1898 1111 1964 1164 ut
2019 1104 2399 1165 chalcidicam
2456 1112 2558 1165 aut

281 1214 523 1270 caricam
578 1223 801 1274 cretam
865 1222 968 1274 ant
1030 1213 1420 1294 apsinthium,
1484 1214 1627 1273 item
1686 1212 1862 1272 huius
1913 1213 2149 1289 generis
2196 1212 2325 1273 alia.
2418 1211 2605 1290 qui-2

285 1316 404 1377 dam
453 1322 711 1396 granaria
759 1318 978 1379 hahent
1025 1317 1136 1379 sub
1185 1322 1364 1380 terris
1411 1319 1751 1400 speluncaS‚
1810 1337 1956 1397 quas
2004 1328 2214 1380 vocant
2260 1322 2443 1399 sirim,
2490 1326 2558 1378 ut

282 1425 336 1482 in
380 1423 733 1504 Cappadocia
783 1445 850 1486 ac
898 1425 1173 1505 Thracia3
1231 1426 1354 1505 alii,
1414 1435 1479 1486 ut
1525 1428 1585 1486 in
1637 1426 1915 1505 Hispania
1965 1428 2270 1506 citeriore,
2324 1433 2555 1505 puteos,

219 1546 258 1584 ιο
284 1538 340 1590 ut
383 1533 453 1590 jn
509 1550 638 1610 agro
687 1532 1161 1610 Carthaginiensi
1217 1540 1278 1594 et
1323 1532 1589 1593 Oscensi.
1682 1532 1896 1593 horum
1947 1532 2137 1593 solum
2184 1532 2369 1611 paleis
2419 1531 2555 1592 sub·

411 1764 442 1811 2
478 1776 538 1813 ex
575 1758 782 1829 argilla
817 1759 1090 1813 Priscian.
1130 1760 1164 1813 l.
1215 1759 1268 1812 V
1294 1777 1350 1828 p.
1390 1764 1516 1826 163,
1553 1764 1585 1812 1

450 1979 474 2025 1
526 1973 760 2027 humida
815 1972 994 2027 VAB
1177 1990 1244 2026 ex
1298 1972 1631 2043 propinquis
1682 1973 1798 2027 PB
1848 1947 1908 2027 {³3}
1950 1971 2280 2041 propinquis
2327 1972 2407 2039 A,
2464 1973 2557 2027 sed

282 2077 342 2115 ex
365 2065 780 2132 superscriptum
808 2062 907 2128 ΑΒ,
946 2064 1004 2118 et
1031 2081 1098 2116 ex
1126 2062 1454 2131 propinquis
1484 2080 1538 2117 m
1575 2080 1606 2117 e
1643 2062 1972 2132 propinquis
1999 2080 2031 2116 v
2177 2068 2208 2114 2
2248 2078 2315 2116 ex
2353 2061 2557 2130 argilla

281 2150 440 2206 mixto
490 2168 654 2221 agere
708 2155 868 2220 (corr.
918 2168 1077 2206 acere
1123 2151 1230 2221 A2)
1290 2152 1467 2206 VAB
1514 2150 1776 2222 argillam
1824 2150 2053 2204 mixtam
2104 2167 2264 2206 acere
2311 2152 2555 2205 Priscia-

281 2256 375 2293 nus
416 2242 450 2295 l.
505 2242 556 2293 V
588 2260 648 2311 p.
701 2246 837 2307 163,
883 2247 916 2295 1
1134 2247 1166 2294 3
1215 2257 1444 2295 uermen
1488 2243 1606 2296 Am
1821 2246 1855 2293 4
1902 2241 2282 2310 conspargunt
2324 2257 2377 2293 m
2425 2255 2553 2292 con·

283 2349 526 2416 spargant
569 2349 626 2402 Β
675 2326 1074 2418 cumspargant
1118 2349 1200 2416 A,
1248 2351 1342 2403 sed
1378 2367 1411 2399 v
1458 2349 1888 2418 superscriptum
1933 2347 2030 2415 A',
2079 2347 2453 2416 conspergant
2501 2346 2558 2399 P

283 2439 635 2507 conspergunt
707 2454 739 2491 v
781 2477 793 2489 .
839 2436 1104 2502 ‘Quidam
1175 2438 1361 2508 ipsum
1433 2437 1684 2491 triticum
1757 2440 2146 2506 conspergunt.
2260 2436 2553 2491 Consuetu-

283 2525 444 2579 dinem
493 2531 800 2582 nostrorum
855 2532 1153 2597 temporum
1208 2528 1272 2581 in
1325 2528 1429 2582 hac
1481 2544 1540 2580 re
1602 2527 1880 2581 custodiui
1910 2568 1921 2579 .
1949 2525 2129 2580 Nolui
2172 2531 2353 2580 tamen
2396 2543 2553 2596 prae-

283 2616 424 2668 terire
490 2618 625 2685 quin
675 2620 927 2671 'ueterem
994 2617 1450 2687 Orthoyraphiam
1522 2622 1709 2671 notam
1780 2616 2010 2684 facerem
2047 2638 2060 2670 :
2100 2616 2215 2670 Hic
2286 2619 2429 2670 enim
2490 2618 2553 2670 in

283 2705 461 2770 optimo
510 2694 835 2775 exemplari,
888 2704 1301 2775 Conspargantz
1349 2711 1398 2760 et
1443 2722 1555 2760 non
1600 2706 1768 2760 multo
1800 2711 1927 2775 post
1963 2707 2257 2775 Aspargit,
2303 2707 2554 2760 omnibus

282 2791 489 2862 denique
534 2796 596 2848 in
643 2795 775 2850 locis
821 2796 920 2849 ubi
963 2797 1063 2849 hoc
1107 2796 1334 2849 uerbum
1370 2801 1475 2863 est,
1522 2796 1676 2864 apud
1724 2795 2050 2862 Varronem,
2100 2794 2455 2864 Catonemque
2490 2796 2553 2850 in

284 2885 674 2951 compositione„
695 2885 918 2939 eandem
955 2885 1194 2939 uocalem
1224 2885 1468 2953 primam
1507 2885 1746 2938 litteram
1782 2885 1956 2950 habet,
1994 2901 2155 2953 quam
2192 2886 2455 2953 simplem
2490 2889 2554 2937 ut

281 2971 323 3022 si
353 2989 385 3024 a
424 2972 632 3042 Quaero
673 2974 984 3043 Disquaero
1020 2974 1228 3042 finyas:
1268 2975 1413 3042 quod
1448 2974 1805 3028 uetustissimi
1840 2975 2002 3027 etiam
2029 2979 2223 3042 poetae
2260 2974 2555 3043 protulisse

283 3059 551 3117 dicantur„
611 3061 786 3133 Apud
826 3062 1081 3118 Catonem
1131 3064 1292 3116 etiam
1339 3064 1403 3116 i‘n
1439 3062 1686 3132 Decerpo
1735 3065 1797 3117 id
1841 3069 2117 3118 seruatum
2164 3068 2240 3118 est
2284 3063 2381 3117 illo
2418 3064 2551 3129 loco,

280 3147 506 3220 [c.112]
540 3150 677 3205 Tum
707 3152 872 3205 acina
893 3153 956 3206 de
974 3153 1105 3205 uuis
1123 3152 1374 3206 miscellis
1393 3153 1686 3221 decem-pito,
1727 3153 2030 3208 Potuissem
2049 3153 2288 3220 infinitis
2307 3152 2437 3206 locis
2455 3153 2553 3207 hoc

283 3238 524 3293 adnotare
553 3262 565 3293 ε
594 3241 752 3294 semel
797 3246 976 3295 tamen
1020 3242 1145 3307 hoc,
1191 3242 1255 3295 in
1310 3242 1406 3295 illo
1435 3247 1698 3311 perpetuo
1738 3244 2089 3309 custoditum,
2131 3242 2383 3296 indicare
2417 3242 2554 3295 satis

280 3325 451 3381 habui'
513 3328 790 3383 Victorius
899 3334 930 3383 5
967 3329 1028 3383 in
1065 3329 1287 3384 circiter
1321 3330 1478 3385 mille
1506 3331 1756 3384 modium
1783 3332 1905 3384 AB
1943 3331 2220 3385 Victorius
2244 3330 2306 3384 in
2333 3331 2554 3385 circiter

280 3411 328 3467 in
365 3416 516 3470 mille
564 3418 813 3472 modium
855 3419 911 3471 P
957 3419 1178 3473 circiter
1223 3417 1285 3471 in
1320 3418 1394 3474 M.
1442 3419 1660 3474 modios
1705 3438 1737 3474 v
1882 3419 2217 3488 quadrantal
2257 3421 2553 3474 Iucundus

282 3506 567 3570 quadrante
609 3506 726 3559 PA
764 3506 1074 3579 quadrante
1113 3508 1168 3562 Β
1205 3509 1572 3577 quadrantem
1602 3509 1787 3564 A2mv
1898 3516 1929 3564 6
1968 3509 2112 3563 alius
2151 3509 2295 3563 aliut
2321 3510 2378 3563 P
2408 3507 2552 3563 alius

280 3592 410 3648 aliud
446 3595 608 3650 ABv
755 3595 963 3650 adfriat
1003 3596 1120 3650 PA
1161 3597 1403 3652 adfricat
1438 3599 1494 3652 Β
1532 3596 1703 3652 afriat
1738 3616 1769 3652 v
1916 3599 2015 3652 aut
2053 3599 2303 3668 aspargit
2341 3601 2404 3652 ut
2431 3598 2551 3651 AB

280 3686 362 3737 aut
394 3686 647 3754 aspargit
684 3685 835 3753 quod
872 3687 936 3738 ut
964 3686 1019 3738 P
1051 3688 1150 3740 aut
1186 3687 1243 3739 id
1284 3686 1536 3756 aspergit
1574 3688 1725 3756 quod
1762 3689 1826 3741 ut
1850 3705 1883 3741 v
2029 3687 2398 3742 chalcidicam
2440 3686 2551 3739 VB

280 3770 582 3827 calcidicam
630 3774 748 3828 Am
903 3778 932 3828 7
983 3777 1196 3829 cretam
1243 3779 1342 3830 aut
1377 3776 1496 3829 AB
1543 3778 1756 3830 cretam
1804 3794 1869 3830 ac
1917 3776 1970 3829 V
2108 3776 2466 3831 absenthium
2502 3775 2559 3828 P

281 3863 614 3929 apsenthium
652 3863 709 3917 A
745 3863 1063 3933 apsentium
1093 3865 1149 3918 Β
1185 3864 1491 3919 absintium
1528 3883 1582 3919 m
1621 3866 1976 3933 absynthium
2012 3883 2044 3920 v
2191 3871 2222 3918 8
2262 3866 2401 3919 sirus
2430 3864 2551 3919 AB

281 3963 410 4016 syros
473 3951 554 4005 V.
588 3951 760 4017 ‘Quas
825 3954 1029 4007 uocant
1083 3954 1240 4007 siros
1333 3955 1434 4008 Ita
1486 3955 1832 4009 scribendum
1884 3956 1985 4009 hoc
2037 3971 2254 4020 nomen,
2317 3954 2462 4022 quod
2517 3971 2552 4007 a

282 4037 555 4095 Columella
593 4042 758 4095 etiam
793 4047 1130 4111 usurpatur,
1177 4048 1227 4097 et
1263 4059 1395 4097 sane
1430 4044 1494 4097 in
1530 4044 1897 4099 uetustissimo
1934 4045 2076 4099 libro
2111 4049 2249 4099 recte
2285 4043 2553 4110 scriptum

279 4134 358 4184 est:
402 4131 464 4184 in
510 4132 729 4186 eaecusis
775 4137 938 4185 antea
982 4131 1201 4202 ypsilon
1245 4133 1478 4187 habebat
1523 4133 1587 4186 in
1617 4134 1807 4200 prima
1842 4133 2081 4204 syllaba’
2135 4133 2410 4186 Victorius

279 4254 401 4309 utin
421 4257 610 4324 primo
640 4256 753 4309 loco
782 4271 881 4309 om.
902 4254 957 4308 A
1067 4262 1098 4309 9
1130 4255 1474 4325 cappadocia
1502 4273 1568 4311 ac
1598 4256 1857 4312 thrachia
1885 4258 2001 4311 PB
2029 4222 2386 4327 cappadocie}1
2388 4230 2548 4327 {gorra

278 4370 328 4380 -
354 4343 458 4414 cia)
501 4344 729 4399 trachia
755 4343 811 4397 A
849 4345 1192 4414 cappadocia
1220 4348 1320 4399 aut
1348 4346 1567 4400 thracia
1596 4363 1628 4401 v
1771 4349 2002 4414 fortasse
2040 4346 2138 4399 alii
2174 4348 2373 4416 puteos
2401 4349 2466 4402 ut
2493 4347 2553 4403 in

278 4429 526 4503 Hispania
553 4432 814 4489 citeriore
841 4432 899 4485 in
928 4449 1063 4504 agro
1207 4435 1266 4488 in
1305 4435 1504 4503 spania
1529 4435 1583 4488 A
1733 4440 1798 4489 10
1837 4435 2268 4504 carthaginiensi
2303 4441 2350 4490 P
2374 4439 2552 4493 carta-

277 4519 471 4586 ginensi
508 4523 565 4575 A
604 4520 1024 4590 carthaginensi
1060 4523 1158 4576 Bv

906 4618 913 4623 ’
2021 4613 2123 4668 13*
