3178 5185
745 430 1005 485 RERVM
1042 430 1517 487 RVSTICARVM
1555 432 1690 488 LIB.
1730 435 1780 487 11
1819 430 1971 492 6—7
2396 439 2525 503 243

279 616 434 659 mares
480 598 693 658 habere
750 596 994 658 solebat.
1087 598 1298 659 horum
1355 618 1646 679 equorum
1704 608 1764 661 et
1810 620 2096 681 equarum
2156 623 2369 684 greges
2424 610 2526 685 qui

162 689 170 698 ⁶
281 705 458 766 habere
510 692 876 785 voluerunt,⁴
908 712 974 766 ut
1018 705 1240 767 habent
1286 707 1470 786 aliqui
1516 709 1577 767 in
1625 706 2032 787 Peloponneso
2081 721 2139 772 et
2185 714 2248 771 in
2294 712 2524 795 Apulia,

279 815 491 891 primum
555 821 826 891 spectare
891 820 1127 891 oportet
1191 820 1441 873 aetatem
1509 832 1685 892 quam
1753 818 2143 896 praecipiunt.
2256 820 2523 881 videmus

277 938 334 979 ne
371 922 476 980 sint
518 922 779 980 minores
826 922 1063 1000 trimae,
1108 922 1361 980 ‘maiores
1409 919 1614 982 decem
1663 941 1968 984 annornm.
2062 933 2221 986 aetas
2269 946 2512 1006 cognos-
2537 934 2572 989 2

238 1029 401 1087 icitur
450 1035 505 1087 et
559 1046 846 1107 equorum
905 1035 961 1088 et
1014 1027 1137 1087 fere
1195 1029 1459 1089 omnium
1517 1031 1621 1107 qui
1677 1030 1926 1109 ungulas
1973 1032 2255 1093 indivisas
2301 1034 2523 1095 habent

278 1141 325 1194 et
382 1136 542 1194 etiam
613 1142 1028 1216 cornutarum,
1103 1134 1260 1213 quod
1327 1153 1518 1214 equus
1583 1138 1827 1215 triginta
1894 1139 2198 1200 mensibus
2262 1143 2521 1218 primum

277 1217 447 1301 dentes
483 1241 706 1301 medios
743 1241 964 1300 dicitur
1001 1242 1291 1321 amittere,
1339 1241 1457 1302 duo
1498 1245 1856 1325 superioreS‚
1904 1246 2149 1306 totidem
2188 1247 2517 1310 inferiores,

276 1330 580 1426 incipientes
637 1358 916 1427 quartum
973 1366 1147 1427 agere
1204 1367 1426 1409 annum
1480 1350 1687 1410 itidem
1745 1354 1969 1413 eiciunt
2025 1361 2084 1414 et
2143 1353 2388 1415 totidem
2439 1358 2519 1415 ei-

277 1456 410 1516 ciunt
449 1474 764 1535 proxumos
821 1474 1028 1516 eorum
1085 1473 1234 1535 quos
1289 1458 1646 1538 amiserunt,
1694 1466 1755 1518 et
1800 1460 2096 1538 incipiunt
2142 1463 2323 1535 nasci,
2372 1480 2521 1540 quos

218 1574 256 1612 10
274 1571 447 1623 vocant
504 1561 928 1624 columellareS.
1030 1564 1236 1641 quinto
1303 1582 1455 1624 anno
1520 1566 1841 1643 incipiente
1895 1568 2038 1627 item
2086 1568 2292 1629 eodem
2341 1571 2573 1632 modo3

275 1672 501 1731 amittere
546 1670 737 1751 binoS,
785 1689 921 1731 cum
971 1689 1145 1731 cavos
1189 1670 1402 1732 habeat
1447 1680 1575 1732 tum
1625 1682 2022 1753 renascenteS‚
2071 1678 2125 1735 ei
2165 1684 2330 1737 sexto
2370 1696 2521 1738 anno

273 1776 475 1858 inpleri,
529 1786 799 1858 septumo
857 1797 1064 1838 omnes
1121 1778 1341 1839 habere
1399 1780 1549 1840 solet
1597 1789 1837 1841 renatos
1885 1791 1945 1842 et
1992 1782 2316 1860 conpletoS.
2410 1784 2522 1845 hoc

276 1886 487 1945 maiores
529 1888 629 1965 qui
678 1894 836 1967 sunt,
884 1885 1147 1964 intellegi
1190 1895 1406 1966 negant
1444 1906 1637 1969 posse,
1684 1897 2100 1968 praeterquam
2139 1908 2274 1950 cum
2313 1890 2521 1951 dentes

275 1992 371 2051 sint
417 1993 544 2053 sacti
597 1993 842 2100 lgrocchi
899 2001 958 2054 et
1015 1993 1331 2072 supercilia
1380 2013 1524 2055 cana
1571 2003 1633 2055 et
1680 1995 1791 2055 sub
1840 1998 1925 2055 eis
1973 1996 2243 2078 lacunae,
2301 2017 2371 2057 ex
2419 1997 2518 2058 ob-

387 2243 413 2289 3
454 2238 697 2292 videmus
743 2253 814 2290 ne
853 2238 965 2291 sint
1000 2235 1243 2291 minores
1280 2254 1502 2307 geopon.
1536 2237 1695 2291 XVI
1724 2244 1755 2292 1
1902 2243 1937 2291 4
1976 2240 2131 2294 aetas
2168 2242 2523 2310 cognoscitur

276 2322 439 2380 Colum.
487 2327 573 2379 VI
598 2333 678 2384 29
713 2327 980 2397 hippiatr.
1011 2344 1070 2395 p.
1101 2331 1223 2382 226

275 2562 397 2625 esset,
447 2559 553 2630 Que
604 2560 856 2628 imperite
904 2545 1216 2615 ¹scribebant
1255 2603 1265 2613 .
1306 2560 1370 2614 iu
1424 2561 1626 2628 optimo
1681 2561 1979 2629 exemplari
2028 2561 2211 2616 mendi
2255 2567 2388 2617 uota
2433 2563 2522 2619 hic

275 2647 484 2714 adposita
526 2649 620 2704 est’
681 2648 956 2704 Victorius
1135 2648 1306 2704 etiam
1354 2648 1410 2702 in
1456 2667 1515 2704 re
1562 2650 1795 2704 militari
1843 2651 2078 2706 Ursinus
2133 2651 2304 2706 etiam
2362 2654 2520 2722 patre

273 2734 466 2792 militari
500 2739 549 2790 V
552 2740 675 2793 AB
787 2745 814 2791 1
855 2738 1076 2792 solebat
1113 2736 1222 2792 VB
1259 2738 1517 2792 solebant
1544 2739 1662 2792 Am
1768 2741 2037 2794 hocorum
2074 2757 2211 2796 corr.
2238 2740 2437 2795 horum
2465 2744 2520 2796 A

386 2832 413 2879 2
455 2828 750 2883 uoluerunt
796 2827 973 2881 VAB
1011 2827 1253 2882 uoluerit
1289 2845 1340 2881 m
1377 2827 1663 2882 noluerint
1696 2829 1986 2884 Iucundus
2015 2869 2027 2882 .
2056 2831 2288 2896 fortasse
2323 2831 2521 2902 volunt

415 2917 600 2988 aliqui]
631 2912 869 2985 'aliquid
906 2920 961 2969 A
1141 2915 1199 2969 in
1237 2915 1428 2985 apulia
1478 2916 1591 2971 VB
1626 2916 1686 2970 in
1723 2917 1953 2986 anpulia
1989 2918 2045 2970 A
2224 2925 2255 2971 3
2303 2918 2519 2987 praeci-

273 3000 403 3068 piunt
439 3004 683 3060 uidemus
724 3005 905 3059 PAB
948 3004 1304 3074 praecipiunt
1347 3005 1652 3059 uidendum
1703 3007 1790 3059 est
1832 3023 1886 3059 m
1930 3005 2284 3076 praecipiunt
2330 3009 2519 3063 uidea-

275 3107 370 3146 mus
407 3111 436 3148 v
462 3137 473 3150 .
499 3096 727 3161 fortasse
779 3092 1034 3163 praecipi
1077 3092 1161 3148 ita
1205 3092 1462 3147 uidemus
1606 3099 1641 3147 4
1698 3111 1767 3148 ne
1814 3094 1960 3149 scint
2005 3111 2142 3149 corr.
2192 3113 2260 3150 ne
2309 3096 2421 3151 sint
2464 3098 2520 3151 A

385 3187 413 3236 5
455 3186 509 3237 et
550 3200 820 3253 equorum
868 3185 926 3237 et
970 3182 1087 3237 fere
1134 3199 1166 3236 v
1214 3183 1273 3236 et
1319 3198 1585 3250 equorum
1629 3182 1745 3237 fere
1785 3183 1966 3237 PAB
2003 3201 2271 3253 equorum
2310 3188 2367 3240 et
2402 3187 2518 3241 fere

276 3269 521 3327 Iucundus
726 3271 975 3326 ominum
1031 3271 1086 3324 A
1284 3277 1316 3325 6
1348 3270 1614 3340 .triginta
1675 3271 1949 3325 mensium
2014 3273 2307 3327 Iucundus
2488 3281 2518 3330 7

275 3394 487 3452 amittere
535 3399 587 3453 V
625 3396 926 3467 admittere
972 3397 1091 3450 Am
1137 3362 1396 3450 &mittere
1444 3396 1499 3449 B
1644 3396 1753 3449 duo
1804 3396 1987 3450 PAR
2034 3397 2172 3451 duos
2218 3398 2339 3452 Λευ
2485 3405 2517 3453 s

275 3479 432 3538 itidem
468 3487 670 3543 eiciunt
706 3489 764 3541 et
801 3486 1037 3541 totidem
1077 3485 1287 3540 eiciunt
1324 3501 1622 3555 proxumos
1656 3485 1773 3538 PB
1808 3484 2005 3539 itidem
2045 3485 2256 3541 eiciunt
2293 3489 2352 3542 et
2385 3489 2517 3543 toti-

277 3569 372 3624 dem
413 3575 677 3643 proximos
716 3574 860 3641 Am,
906 3576 998 3630 sed
1044 3578 1103 3629 et
1146 3574 1384 3629 totidem
1429 3575 1494 3628 iu
1537 3575 1787 3643 marqiue
1841 3577 2051 3645 scripta
2094 3577 2251 3631 habet
2299 3580 2379 3644 A,
2426 3577 2516 3632 iti·

278 3657 378 3712 dem
417 3663 632 3721 eiiciunt
679 3668 739 3720 et
783 3662 1024 3719 totidem
1079 3662 1311 3718 eiiciunt
1355 3663 1638 3732 proximos
1684 3680 1716 3717 v
1865 3669 1927 3717 11
1976 3664 2237 3719 amittere
2283 3683 2377 3720 mv
2424 3666 2516 3720 ad-

277 3747 511 3807 mitterem
548 3754 665 3808 PB
704 3752 1063 3822 admitterem
1101 3752 1157 3806 A
1299 3753 1480 3807 bimas
1519 3770 1645 3806 cum
1684 3769 1852 3807 canos
1889 3753 2101 3807 habeat
2138 3753 2318 3808 PAB
2353 3753 2518 3808 binos

278 3850 387 3900 quos
419 3842 629 3898 caninos
668 3843 882 3898 habent
916 3860 949 3898 v
1093 3859 1230 3911 quos
1259 3857 1423 3896 cavos
1453 3840 1666 3896 habent
1692 3843 1809 3896 tum
1839 3844 2192 3896 renascentes
2223 3841 2317 3909 eis,
2358 3845 2517 3898 sexto

278 3929 627 4001 annoimplere
657 3932 1019 3988 Schneiderus
1161 3932 1239 4002 ei]
1270 3931 1350 3985 eis
1386 3930 1564 3985 VAB
1711 3937 1775 3985 12
1814 3930 2039 4001 impleri
2078 3932 2250 3984 VAB
2395 3948 2515 4001 sep-

277 4010 400 4070 tumo
433 4018 532 4075 PB
567 4021 811 4091 septimo
841 4020 937 4075 Av
1082 4019 1229 4074 solet
1263 4020 1472 4074 relatos
1506 4021 1691 4075 PAB
1729 4021 1912 4076 solent
1947 4022 2169 4075 renatos
2206 4038 2239 4074 v
2384 4038 2515 4075 con-

278 4100 422 4167 pletos
439 4109 488 4161 A
513 4111 820 4181 completos
848 4109 960 4163 VB
1072 4116 1137 4162 13
1165 4109 1422 4179 intellegi
1441 4110 1497 4163 A
1514 4109 1760 4177 intelligi
1790 4110 1905 4164 VB
2015 4115 2081 4163 14
2110 4110 2221 4165 sint
2239 4110 2377 4164 facti
2401 4110 2517 4163 PA

278 4187 387 4245 facti
410 4197 507 4251 sint
530 4201 582 4253 B
610 4203 742 4254 sunt
769 4199 910 4253 facti
936 4216 969 4252 v
1077 4197 1306 4252 brocchi
1337 4198 1522 4252 PAR
1550 4197 1746 4253 brochi
1773 4216 1821 4253 v.
1890 4199 2150 4253 ‘Brocchi
2168 4216 2271 4268 per
2297 4200 2407 4254 duo
2436 4215 2514 4266 cc,

280 4279 327 4332 in
362 4288 552 4352 optimis
599 4291 688 4344 hic
733 4290 1136 4358 exemplaribus
1180 4290 1443 4357 scriptum
1491 4295 1567 4343 est
1597 4309 1612 4341 .·
1641 4294 1705 4342 ut
1740 4290 1840 4343 ubi
1876 4291 1940 4344 de
1977 4289 2208 4343 canibus
2238 4293 2362 4357 post
2399 4290 2517 4360 ayit

281 4365 438 4426 iterum
461 4377 540 4446 [9,
576 4380 646 4448 3]
677 4399 693 4431 .-
723 4378 966 4432 Directis
991 4378 1317 4446 priusquam
1345 4378 1607 4432 brocchis’
1652 4377 1929 4433 Victorius
2072 4375 2174 4430 sub
2205 4393 2272 4429 ea
2299 4378 2515 4431 lacunis

283 4470 332 4508 ex
369 4461 636 4522 obseruata
678 4467 734 4521 P
780 4467 884 4521 sub
931 4484 1000 4521 ea
1043 4467 1232 4522 lacuni
1279 4485 1374 4522 sex
1422 4469 1723 4522 obseruata
1761 4467 1883 4523 AB
1929 4466 2031 4521 sub
2070 4481 2137 4520 ea
2173 4466 2407 4520 lacunae
2446 4482 2515 4521 ex

283 4544 524 4609 obseruata
557 4575 588 4613 v
