3178 5185
853 407 1112 462 RERVM
1147 409 1626 465 RVSTICARVM
1664 410 1800 467 LIB.
1838 411 1888 464 II
1934 410 2009 466 11
2435 402 2563 466 219

453 564 535 627 11
609 565 951 628 Fructum
1029 573 1100 625 ut
1174 567 1332 626 ouis
1406 585 1437 626 e
1512 565 1668 626 lana
1734 565 1814 625 ad
1882 567 2391 626 uestimentum
2459 568 2563 626 sic

279 693 534 753 caprae
601 674 793 755 pilus
858 675 1227 734 ministrat
1292 674 1370 734 ad
1437 692 1637 734 usum
1701 672 2094 751 nauticum]
2165 674 2237 735 Ut
2289 673 2565 749 fructum

279 784 400 842 ovis
461 799 532 840 ex
594 783 861 861 principe
917 781 1204 861 editione,
1269 785 1359 842 sic
1425 800 1622 859 capra
1670 785 1825 859 pilos
1881 800 1950 841 ex
1998 779 2201 841 Aldina
2257 788 2563 860 receptum

282 896 422 947 erat.
516 888 589 948 ad
647 908 783 949 vera
842 888 1191 949 invenienda
1253 888 1557 968 archetypi
1617 890 1910 968 scriptura
1972 889 2121 947 viam
2188 887 2569 970 monstrabat,

277 994 552 1070 fructum
598 1003 667 1056 ut
709 1000 834 1057 ovis
880 1016 914 1057 e
959 1000 1104 1056 lana
1151 998 1238 1057 ad
1280 999 1706 1071 vestimentum,
1751 1000 1844 1057 sic
1890 1014 2086 1073 capra
2133 1014 2166 1056 e
2204 999 2349 1072 pilis
2393 998 2564 1057 mini-

281 1110 440 1163 strat
486 1107 575 1164 ad
616 1122 788 1164 usum
833 1107 1161 1165 nauticum.

469 1243 550 1306 12
597 1245 790 1307 Unde
839 1246 1082 1307 cilicia
1130 1257 1200 1307 et
1246 1256 1490 1307 cetera
1546 1247 1703 1307 eius
1759 1249 2050 1324 generis
2105 1247 2341 1308 solent
2397 1246 2566 1306 fieri

283 1353 403 1413 sed
474 1353 656 1432 quod
725 1357 1023 1433 primum
1089 1372 1164 1414 ea
1231 1363 1530 1414 tonsura
1598 1355 1668 1412 in
1741 1352 1982 1413 cilicia
2057 1356 2151 1414 sit
2222 1355 2568 1414 instituta

282 1478 537 1520 nomen
584 1460 651 1521 id
700 1461 952 1523 cilicas
1000 1462 1361 1522 adiecisse
1399 1460 1678 1537 dicunt]
1720 1462 1870 1521 Eius
1902 1465 2149 1537 yeneris
2182 1460 2349 1537 ferri
2380 1464 2572 1521 solent

281 1566 615 1648 IucunduS‚
664 1587 839 1647 quem
887 1568 1099 1629 deinde
1159 1567 1372 1647 reliqui
1428 1567 1689 1627 editores
1744 1570 1932 1627 secuti
1989 1576 2145 1628 sunt.
2236 1585 2449 1629 nomen
2507 1569 2573 1627 id

285 1678 509 1735 ciliciis
565 1679 863 1737 adiecisse
921 1675 1187 1736 Ursinus,
1282 1674 1470 1735 cilicia
1537 1683 1676 1735 sunt
1740 1676 1919 1752 panni
1983 1692 2053 1734 ex
2120 1673 2254 1753 pilis
2320 1676 2576 1753 caprinis

289 1783 446 1862 sacti,
487 1784 609 1861 qui,
647 1782 804 1861 quod
852 1794 1095 1843 tonsura
1144 1800 1458 1862 caprorum
1509 1784 1764 1860 primum
1811 1784 1873 1840 in
1913 1780 2113 1842 Cilicia
2153 1783 2424 1841 instituta
2464 1789 2576 1862 est,

290 1909 360 1949 eo
408 1892 649 1950 nomine
696 1889 970 1969 appellati
1017 1897 1172 1949 sunt.
1264 1888 1356 1949 his
1404 1890 1587 1968 igitur
1635 1890 1751 1966 ipsi
1798 1887 2036 1970 CiliceS‚
2084 1908 2114 1948 a
2164 1888 2381 1968 quibus
2430 1906 2574 1948 usus

288 2015 497 2057 eorum
547 2004 715 2057 ortus
762 2006 906 2076 erat,
948 2014 1159 2056 nomen
1199 1995 1478 2056 dicuntur
1517 1996 1831 2056 adiecisse:
1872 1994 2034 2055 Serv.
2072 1998 2132 2055 in
2173 1994 2340 2074 Verg.
2375 2013 2574 2074 georg.

288 2102 369 2163 111
410 2101 542 2165 313
588 2121 762 2164 usum
810 2107 871 2163 in
919 2111 1290 2163 castrorum:
1346 2107 1510 2177 quod
1564 2106 1706 2163 inde
1761 2111 2058 2163 tormenta
2106 2106 2266 2175 fiant
2319 2106 2577 2177 itemque

290 2215 523 2285 cilicia,
580 2229 738 2287 quae
791 2211 994 2271 Celsus
1053 2213 1143 2270 ait
1196 2214 1473 2271 retulisse
1533 2211 1866 2270 Varronem
1922 2212 2056 2270 ideo
2111 2212 2202 2270 sic
2259 2213 2576 2288 appellari,

289 2321 452 2393 quod
494 2336 640 2378 usus
685 2335 893 2378 eorum
941 2320 1002 2377 in
1056 2318 1272 2377 Cilicia
1318 2325 1488 2377 ortus
1532 2321 1627 2378 sit.

472 2458 585 2520 llli
650 2459 780 2520 hoc
847 2477 1073 2538 neque
1140 2457 1219 2517 ab
1277 2458 1407 2519 hoc
1463 2459 1645 2538 quod
1714 2466 2028 2519 mutaret
2082 2458 2453 2519 cossinius
2509 2466 2576 2518 et

290 2567 498 2630 simul
538 2567 751 2629 uituli
790 2565 1128 2645 libertus]
1172 2566 1316 2627 Cum
1354 2569 1452 2629 ille
1479 2569 1613 2648 hoc,
1651 2584 1845 2642 neque
1872 2570 2190 2643 quisquam
2228 2570 2572 2647 abnutaret‚

290 2679 472 2737 simul
526 2676 715 2736 Vitulz'
756 2693 884 2754 sqq.
959 2673 1239 2754 UrsinuS‚
1288 2677 1387 2753 qui
1435 2677 1495 2735 in
1544 2674 1955 2754 superioribus
2004 2678 2219 2737 dicunt
2263 2674 2574 2735 deleverat.

292 2787 389 2843 ille
448 2785 590 2856 hoe,
647 2801 840 2858 neque
897 2784 974 2841 ab
1031 2784 1146 2842 hoc
1210 2785 1318 2856 qui
1386 2790 1651 2843 mutaret
1712 2789 1772 2843 et
1835 2786 2015 2844 simul
2067 2801 2193 2861 sqq.
2261 2782 2577 2860 GesneruS‚

292 2889 454 2968 quod
505 2888 905 2949 Schneiderus
952 2888 1239 2968 probavit.
1314 2907 1492 2968 pravo
1540 2889 1759 2949 iudicio
1806 2891 2169 2968 interpretes
2207 2889 2279 2948 de
2322 2889 2574 2948 Cossinii

293 2999 529 3057 nomine
570 2996 1005 3078 dubitaverunt,
1043 3015 1177 3056 cum
1217 2995 1287 3056 ad
1327 2995 1484 3056 illius
1526 2995 1983 3074 disputationem
2025 2997 2096 3055 de
2145 2995 2293 3056 lacte
2342 3006 2403 3056 et
2452 3006 2579 3056 ton-

293 3123 430 3165 sura
478 3103 623 3164 haec
672 3104 982 3164 referrent.
1056 3111 1301 3182 apparet
1347 3105 1502 3163 enim
1553 3102 1746 3180 verba,
1787 3102 2006 3182 quibus
2045 3102 2419 3163 sermonibus
2458 3102 2573 3161 col-

292 3211 660 3290 loquentium
709 3211 840 3270 finis
887 3212 1229 3288 imponitur,
1277 3209 1346 3269 ad
1397 3212 1737 3271 universum
1788 3210 2003 3270 librum
2052 3212 2371 3289 pertinere.
2438 3208 2573 3269 Cos-

295 3319 484 3378 sinius
542 3325 736 3377 autem
777 3319 1123 3378 nominatim
1170 3316 1514 3416 appellatur,
1562 3335 1679 3377 non
1729 3316 1919 3378 solum
1960 3317 2113 3396 quod
2156 3316 2236 3377 illi
2278 3325 2575 3376 extremae

291 3433 489 3504 partes
539 3423 791 3484 tributae
841 3433 1026 3504 erant,
1064 3424 1165 3484 sed
1207 3427 1383 3483 etiam
1422 3424 1578 3503 quod
1631 3424 1703 3485 ab
1742 3426 1873 3485 eius
1912 3425 2321 3485 adhortatione
2362 3424 2413 3483 Π
2452 3422 2504 3504 1,
2538 3421 2572 3510 1

292 3533 484 3592 omnis
532 3549 872 3592 sermonum
921 3533 1070 3592 ratio
1119 3532 1380 3609 profecta
1430 3539 1572 3592 erat.

467 3674 719 3754 Itaque
767 3674 1210 3735 discedimus
1258 3693 1384 3754 ego
1432 3684 1499 3736 et
1546 3675 1781 3735 scrofa
1829 3677 1901 3735 in
1957 3674 2210 3734 hortos
2256 3673 2337 3732 ad
2386 3675 2575 3734 uitu-

291 3784 432 3845 lum
480 3784 684 3861 niger
731 3785 800 3843 in
851 3783 1137 3843 [urrani
1182 3784 1250 3842 in
1299 3791 1452 3843 oste
1512 3782 1622 3842 illi
1667 3784 1925 3861 partim
1982 3781 2259 3841 domum
2317 3781 2575 3859 partim

292 3892 371 3952 ad
421 3889 756 3967 lenatem]
795 3890 895 3950 Ad
934 3890 1192 3950 Vitulum
1222 3891 1478 3965 Niqrum
1515 3889 1889 3951 Turannium
1936 3891 2080 3962 (non
2119 3888 2575 3958 Turrannium).

293 4016 434 4059 mox
481 4000 571 4058 illi
608 4000 837 4074 partim
885 3999 1137 4077 domum,
1174 3999 1407 4075 partim
1454 4000 1540 4057 ad
1568 4001 1839 4058 ‘lenatem
1886 3997 2055 4057 edita‘
2079 4008 2212 4057 ante
2251 3994 2575 4054 victorium

294 4103 677 4186 exemplaria,
733 4106 818 4163 ad
882 4104 1165 4178 Vitulum,
1214 4105 1404 4179 Niqer
1461 4107 1521 4165 in
1592 4104 1886 4165 Turraniz'
1936 4106 2154 4183 nostri,
2212 4105 2303 4162 illi
2345 4104 2575 4177 partim

293 4216 545 4292 domum,
577 4213 807 4288 partim
844 4212 930 4270 ad
963 4210 1250 4271 Lenatem
1290 4209 1602 4292 Victorum,
1647 4209 1749 4270 ubi
1786 4212 1976 4286 Niqer
2023 4213 2084 4270 in
2131 4209 2566 4283 Τανναηίαηοε,

290 4330 346 4383 et
409 4324 499 4382 illi
563 4317 823 4397 Scaliger
887 4319 1157 4378 coniecit.
1250 4321 1336 4378 ad
1402 4318 1685 4392 Vitulum,
1754 4319 1942 4393 Niqer
2013 4317 2289 4377 Turrani
2351 4323 2573 4388 noster,

303 4432 412 4491 alii
451 4430 682 4505 partim
739 4429 999 4507 domum,
1047 4428 1278 4502 partim
1334 4429 1419 4485 ad
1471 4425 1817 4486 Maenatem
1872 4422 2138 4484 Ursinus
2230 4422 2576 4502 TurraniuS‚

302 4536 368 4595 ad
416 4553 594 4615 quem
646 4532 794 4593 liber
842 4534 1099 4612 scriptus
1147 4540 1263 4612 est,
1312 4532 1520 4592 iisdem
1567 4530 1762 4592 verbis
1809 4529 2133 4611 appellatur
2180 4530 2231 4589 ΙΙ
2285 4530 2468 4609 praef.
2518 4525 2577 4589 6.
