3178 5185
816 452 1075 506 RERVM
1113 451 1592 507 RVSTICARVM
1630 452 1766 505 LIB.
1805 452 1830 504 I
1870 448 2128 506 45—48
2500 441 2623 505 107

356 606 377 666 1
413 604 513 681 24,
545 603 613 687 3,
676 610 935 668 materia
981 606 1007 666 1
1044 604 1149 687 22,
1195 605 1246 668 1.
1296 604 1400 688 41,
1429 604 1502 681 4;
1560 608 1701 667 item
1763 609 2020 667 durities
2065 604 2091 664 1
2129 600 2231 679 55,
2276 602 2338 685 1,
2396 607 2627 665 duritia

358 712 402 772 11
441 711 506 795 9,
550 709 661 794 153
727 718 1000 775 maceria
1046 713 1071 773 Ι
1112 711 1225 795 14,
1265 711 1326 775 4.
1385 713 1465 774 111
1512 712 1617 794 13,
1655 711 1713 774 2.
1764 709 1871 795 15,
1914 711 1978 795 1,
2034 716 2300 774 macerie
2345 710 2422 771 Ill
2462 709 2529 792 3,
2569 707 2626 772 5.

355 819 415 901 5,
446 818 521 882 11
574 808 653 881 et⁴
690 824 1015 882 maceriem
1061 820 1140 881 111
1184 817 1291 904 15,
1334 819 1398 902 13
1457 821 1558 881 sed
1618 824 1873 881 luxuria
1928 827 1987 879 et
2042 822 2353 908 luxuriam
2402 827 2626 879 tantum

355 928 376 987 l
415 926 512 1009 13,
553 924 610 990 6.
660 925 766 1010 59,
794 926 851 989 2.
900 928 979 988 ΙΙΙ
1019 927 1078 1009 3,
1109 926 1178 1010 63
1227 925 1310 990 10
1357 938 1416 989 et
1463 931 1773 989 mollitiam
1819 926 1841 986 1
1879 924 1985 1007 41,
2013 923 2073 987 4.

519 1041 699 1096 XLVI
764 1035 1193 1096 Discrimina
1241 1044 1410 1096 sunt
1456 1042 1712 1095 natura
1750 1033 2034 1113 aliquod
2077 1051 2156 1093 ex
2206 1031 2625 1112 quibusdam

353 1142 542 1203 foliis
588 1152 890 1222 propter
935 1160 1178 1203 eorum
1228 1161 1598 1203 versuram
1648 1139 1840 1221 quod·
1880 1142 1975 1201 sit
2013 1143 2178 1201 anni
2224 1147 2503 1218 tempus
2554 1147 2629 1200 ut

354 1249 492 1309 dici
537 1248 806 1329 possit]
855 1251 1230 1311 Discrimina
1275 1258 1417 1311 sunt
1461 1253 1795 1330 naturalia,
1842 1251 2006 1324 quod
2039 1267 2119 1309 ex
2155 1249 2513 1324 quibusdam
2548 1279 2621 1289 —

357 1360 511 1432 quod
552 1360 632 1417 sit
678 1361 829 1417 anni
872 1365 1100 1435 tempus
1148 1361 1277 1418 dici
1305 1361 1496 1435 possit
1532 1356 1851 1417 iucundus,
1926 1355 2229 1435 archetypi
2272 1356 2627 1433 scripturam

360 1472 594 1525 secutus
642 1466 858 1543 scripsi
905 1468 1262 1527 discrimina
1317 1471 1459 1525 sunt
1512 1471 1780 1526 naturae
1827 1466 2080 1538 aliquot,
2137 1482 2216 1523 ex
2272 1464 2630 1548 quibusdam

355 1604 436 1612 --
480 1574 647 1646 quod
688 1575 770 1632 sit
821 1576 973 1633 anni
1018 1580 1246 1649 tempus
1304 1579 1371 1633 ut
1425 1575 1553 1632 dici
1589 1574 1796 1647 possit.
1871 1588 2002 1630 nam
2063 1578 2269 1631 natura
2327 1578 2418 1630 est
2474 1554 2628 1629 varia

353 1676 628 1738 arborum
676 1688 904 1761 natura,
953 1681 1123 1740 cuius
1171 1680 1511 1740 discrimina
1560 1680 1738 1739 etiam
1785 1679 1847 1738 in
1894 1695 2137 1738 versura
2178 1676 2454 1736 foliorum
2493 1694 2630 1736 con-

353 1787 697 1865 spiciuntur.
773 1785 1044 1846 similiter
1090 1785 1116 1845 1
1154 1781 1322 1868 38,1
1376 1803 1517 1845 nam
1565 1768 1922 1845 discrimina
1970 1787 2099 1845 eius
2146 1787 2390 1858 aliquot.

518 1899 724 1953 XLVII
802 1892 1060 1955 Eorum
1127 1892 1456 1953 molliora
1521 1901 1736 1952 erunt
1800 1901 2060 1952 natura
2127 1893 2490 1952 cacumina
2558 1900 2634 1952 ut

298 1995 303 2001 ’
350 1999 497 2059 olea
560 2018 636 2061 ac
697 1998 783 2076 fi]
840 1999 930 2060 Ac
979 2003 1138 2073 ficus
1184 2017 1243 2058 m
1300 2008 1360 2059 et
1406 2006 1712 2059 corrector
1771 1997 1991 2058 codicis
2040 1996 2392 2077 Florentini,
2450 2017 2527 2059 ac
2566 2002 2631 2073 fi,

355 2106 506 2185 quod
556 2105 777 2166 habent
822 2105 1172 2186 apographa,
1219 2108 1410 2185 prima
1458 2124 1631 2166 manu
1682 2108 1742 2166 iu
1791 2104 2109 2184 archetypo
2167 2105 2456 2182 scriptum
2504 2104 2633 2165 fuit.

350 2218 616 2275 molliore
664 2212 915 2274 Ursinus
955 2212 1180 2273 collatis
1228 2215 1301 2273 iis
1349 2231 1497 2291 quae
1547 2231 1724 2292 supra
1774 2207 1879 2293 45,
1914 2210 1955 2272 2
2003 2214 2222 2290 scripta
2272 2220 2440 2272 erant
2476 2230 2634 2287 quae

353 2325 511 2383 molli
555 2329 785 2382 natura
831 2327 1003 2394 sunt,·
1052 2327 1256 2404 contra
1303 2317 1410 2401 41,
1440 2318 1480 2380 2
1528 2338 1686 2395 quae
1733 2327 1932 2380 autem
1978 2327 2207 2380 natura
2254 2322 2449 2380 minus
2493 2328 2636 2381 sunt

350 2432 567 2490 mollia.

523 2534 950 2615 Herbaeque
998 2534 1369 2616 eligendae
1418 2552 1538 2596 eae
1586 2534 1742 2596 dum
1791 2542 2085 2596 tenerae
2133 2541 2299 2595 sunt
2354 2532 2632 2595 uellen-

351 2645 470 2706 dae
509 2647 714 2725 prius
755 2647 942 2704 enim
974 2643 1213 2704 aridae
1245 2644 1476 2704 factae-
1506 2641 1866 2721 rixantur]
1898 2643 2260 2717 Herbaeque
2288 2645 2635 2718 eliqendae:

351 2771 457 2814 eae
517 2756 659 2813 dum
724 2760 971 2813 tenerae
1025 2758 1167 2812 sunt
1219 2754 1528 2812 vellendae
1586 2754 1766 2827 prius
1831 2753 2051 2811 aridae
2108 2748 2336 2824 factae.
2419 2753 2635 2810 etenim

352 2863 644 2920 rixantur
690 2858 931 2933 Merula,
980 2861 1327 2934 herbaeque
1374 2861 1691 2920 elidendae
1738 2864 1797 2919 et
1842 2861 1982 2919 dum
2031 2865 2278 2918 tenerae
2331 2864 2474 2917 sunt
2516 2861 2630 2918 vel-

352 2970 580 3037 lendae,
664 2985 806 3027 nam
861 2969 1080 3027 aridae
1139 2965 1353 3041 factae
1409 2969 1704 3026 rixantur
1759 2964 2089 3046 Iucundus',
2155 2963 2257 3024 ubi
2323 2971 2431 3024 aut
2494 2967 2634 3025 dum

355 3082 598 3135 tenerae
642 3081 783 3134 sunt
827 3077 1136 3135 vellendae
1186 3077 1389 3150 potius
1435 3071 1687 3132 Ursinus
1746 3072 2027 3154 coniecit,
2083 3078 2142 3132 et
2188 3074 2328 3131 dum
2385 3078 2634 3132 tenerae

351 3188 487 3240 sunt
523 3183 849 3256 vellendae,
880 3184 1059 3257 prius
1097 3183 1253 3241 enim
1293 3199 1418 3258 sqq.
1456 3178 1771 3240 Victorius,
1838 3182 2019 3256 prius
2057 3181 2214 3239 enim
2252 3177 2636 3254 adolefactae

355 3286 678 3368 GesneruS,
735 3291 916 3365 prius
981 3292 1138 3349 enim
1204 3290 1444 3347 validae
1503 3286 1718 3363 factae
1781 3285 2069 3345 Trillerus
2136 3284 2365 3345 observ.
2424 3274 2498 3344 IV
2549 3282 2631 3345 27

356 3414 406 3474 p.
445 3392 593 3456 467.
667 3397 728 3455 in
769 3397 1086 3455 seminario
1125 3393 1344 3454 herbae
1385 3402 1525 3454 sunt
1562 3392 1885 3474 eligendae,
1916 3391 2072 3470 quod
2112 3392 2185 3452 de
2224 3393 2435 3453 vinetis
2464 3390 2633 3453 Colu-

360 3500 523 3562 mella
560 3501 636 3561 IV
674 3496 716 3562 5
762 3503 1082 3581 praecepit,
1130 3504 1438 3576 omnisque
1474 3502 1698 3562 herbas
1744 3508 1801 3561 et
1830 3503 2168 3576 praecipue
2199 3503 2488 3575 qramina
2530 3519 2634 3560 ex-

355 3613 604 3687 tirpare,
644 3627 802 3684 quae
839 3613 960 3669 nisi
1003 3628 1185 3669 manu
1234 3611 1543 3683 eliquntur
1579 3641 1654 3650 —
1688 3610 2083 3688 revivescunt.
2154 3605 2426 3667 similiter
2471 3605 2635 3667 Varr.

356 3713 662 3796 1119‚·14
717 3719 982 3791 eliqendi
1029 3719 1232 3792 pedes.
1307 3733 1409 3775 eae
1465 3714 1683 3775 herbae
1733 3723 1928 3775 autem
1975 3713 2304 3794 vellendae,
2366 3714 2504 3773 dum
2551 3722 2637 3774 te-

355 3840 525 3883 nerae
583 3830 752 3903 suut,
809 3825 1105 3903 quoniam,
1162 3825 1213 3883 si
1260 3823 1455 3882 aridae
1505 3822 1758 3904 fuerint,
1814 3821 2221 3881 vehementius
2283 3819 2635 3881 vellentibus

358 3933 658 3991 resistunt.
735 3928 838 3989 sed
887 3930 948 3987 in
994 3928 1087 3988 his
1136 3930 1402 4008 ineptum
1451 3935 1541 3988 est
1579 3931 1775 4005 priuS,
1826 3926 1981 4006 quod
2031 3945 2225 4005 neque
2272 3945 2408 3987 cum
2455 3929 2635 4005 parti-

358 4038 505 4115 cipio
554 4039 775 4097 aridae
813 4034 1028 4110 sactae
1064 4053 1257 4113 neque
1306 4054 1441 4096 cum
1483 4034 1664 4094 verbo
1703 4038 1997 4095 rixantur
2034 4041 2196 4093 recte
2237 4035 2634 4111 coniungitur.

358 4162 459 4222 pro
515 4144 629 4204 hoc
697 4146 907 4203 acrius
973 4143 1212 4224 scripsi,
1278 4146 1489 4203 acrius
1556 4145 1714 4202 enim
1772 4144 1992 4202 aridae
2049 4140 2263 4216 factae
2326 4143 2636 4201 rixantur.

357 4258 583 4329 poterat
631 4252 806 4310 etiam
847 4252 1231 4326 pertinacius
1278 4248 1474 4309 scribi.

524 4363 758 4418 XLVIII
799 4354 832 4417 1
902 4355 976 4416 In
1025 4355 1400 4434 segetibus
1441 4364 1674 4417 autem
1715 4357 2148 4416 frumentum
2188 4372 2323 4433 quo
2362 4353 2635 4415 culmus

358 4465 622 4526 extulit
669 4465 938 4543 spicam
986 4482 1062 4522 ea
1118 4482 1294 4542 quae
1353 4462 1706 4523 multilata
1763 4482 1897 4523 non
1958 4469 2064 4521 est
2119 4464 2186 4521 in
2245 4461 2511 4521 hordeo
2570 4471 2639 4522 et

358 4569 609 4632 tritico
660 4571 804 4631 tria
850 4570 1066 4630 habet
1112 4568 1598 4647 continentia]
1639 4565 1729 4652 [In
1776 4572 2076 4646 seqetibus
2123 4575 2322 4630 autem
2364 4568 2635 4644 frumen·
2678 4627 2682 4633 .
