3178 5185
742 435 1003 490 RERVM
1041 434 1521 490 RVSTICARVM
1559 434 1693 488 LIB.
1733 436 1755 486 Ι
1795 432 1967 488 4-5
2420 422 2503 485 27

257 587 473 648 Ursinus
519 599 704 669 recte,
764 600 829 651 ut
874 600 1034 670 puto.
1109 609 1228 652 non
1285 608 1399 665 quo
1453 607 1571 650 non
1618 589 1838 667 legitur
1886 587 1937 646 ΙΙ
1982 587 2043 668 1,
2073 584 2131 647 3.
2187 585 2265 644 ΙΙΙ
2309 583 2417 666 14,
2445 583 2504 644 4.

261 693 341 775 16,
374 692 463 757 15.
509 700 675 772 quod
710 716 830 758 non
859 700 1126 759 habeant
1151 696 1545 776 praecedente
1581 714 1650 756 eo
1680 695 1942 755 defendit
1970 694 2248 754 Reiterus
2279 700 2503 772 quaest.

260 801 394 861 Varr.
429 820 670 880 gramm.
710 823 765 882 p.
797 801 900 865 61.

407 905 445 969 3
515 907 708 979 Quae
775 912 844 970 in
913 930 991 971 eo
1039 910 1257 971 fundo
1325 928 1502 989 opus
1569 920 1735 970 sunt
1799 927 1877 969 ac
1942 907 2252 968 debeant
2317 906 2512 983 esse]

262 1017 461 1077 Debent
501 1020 547 1075 A
595 1035 655 1075 m
704 1025 763 1078 et
811 1017 1063 1096 plurima
1103 1017 1383 1078 Italorum
1432 1016 1786 1096 apographa,
1834 1018 2094 1077 debeant
2132 1015 2311 1075 editio
2350 1015 2509 1092 prin-

265 1141 375 1202 ceps
426 1142 455 1182 a
500 1123 789 1184 Politiano
846 1143 964 1184 non
1013 1133 1280 1185 correcta
1329 1133 1390 1184 et
1437 1123 1817 1183 Florentinus
1856 1122 2060 1184 codex.
2123 1140 2281 1196 quae
2329 1124 2390 1180 in
2439 1138 2505 1180 eo

260 1228 420 1304 fundo
465 1248 612 1306 opus
657 1233 782 1291 sint
826 1249 902 1291 ac
951 1233 1212 1292 debeant
1257 1249 1386 1292 esse
1434 1230 1853 1290 Schneiderus

408 1333 448 1397 4
510 1335 600 1396 De
649 1337 761 1397 his
811 1346 1156 1416 quattuor
1201 1336 1602 1416 generibus
1649 1314 1979 1415 singulae
2027 1338 2390 1396 minimum
2441 1336 2509 1393 in

264 1442 433 1502 binas
479 1444 912 1505 diuiduntur
960 1443 1271 1523 species]
1323 1446 1415 1504 Be
1460 1447 1554 1504 his
1593 1441 1859 1518 quatuor
1899 1445 2183 1519 partibus
2232 1445 2512 1517 sinqulae

264 1549 497 1630 Ursinus,
545 1554 621 1612 de
666 1554 761 1611 his
798 1558 1063 1626 quatuor
1097 1553 1429 1626 qeneribus
1464 1553 1710 1625 sinqula
1748 1552 2005 1610 coniecit
2042 1549 2361 1610 GesneruS.
2437 1551 2513 1608 de

263 1659 337 1717 his
376 1665 653 1732 quattuor
687 1661 1082 1733 qeneralibus
1112 1661 1397 1735 partibus
1437 1660 1667 1737 scripsi.
1743 1675 1873 1717 nam
1917 1675 2066 1735 quae
2110 1656 2279 1716 modo
2320 1655 2512 1715 dictae

265 1774 403 1824 erant
444 1772 731 1838 quattuor
768 1772 983 1842 partes
1028 1783 1295 1827 summae
1340 1768 1455 1845 iam
1502 1765 1784 1825 dicuntur
1831 1763 2136 1842 generales
2183 1772 2398 1842 parteS‚
2447 1769 2513 1820 ut

262 1869 302 1929 ll
337 1870 495 1952 1,12
541 1876 762 1933 harum
809 1892 934 1933 una
982 1891 1257 1948 quaeque
1295 1877 1357 1933 in
1394 1892 1459 1933 se
1499 1874 1812 1947 yeneralis
1852 1875 2054 1947 partis
2110 1872 2293 1931 habet
2338 1872 2511 1929 mini-

261 1996 393 2039 mum
434 1997 712 2042 novenas.
793 2059 799 2065 ι
1500 2058 1501 2061 ¹

412 2085 602 2156 Quod
641 2085 858 2146 habet
894 2088 1120 2165 prima
1151 2104 1227 2145 ea
1259 2103 1434 2165 quae
1475 2085 1552 2145 ad
1596 2085 1823 2146 solum
1861 2086 2234 2163 pertinent
2271 2093 2511 2145 terrae

264 2200 318 2252 et
349 2193 640 2254 alterum
682 2211 858 2271 quae
899 2192 978 2252 ad
1019 2191 1232 2252 uillas
1271 2200 1341 2252 et
1379 2190 1696 2268 stabula]
1730 2193 2000 2252 Alterum
2030 2190 2165 2251 inde
2206 2190 2276 2250 ab
2309 2190 2513 2250 Aldina

264 2298 487 2360 editione
526 2303 812 2361 omissum
853 2308 996 2360 erat.
1071 2298 1453 2359 scribendum
1494 2308 1622 2359 erat
1660 2300 1857 2378 potius
1896 2301 2061 2372 quod
2094 2300 2276 2358 habet
2307 2301 2512 2373 prima

264 2424 323 2465 ea
363 2425 509 2481 quae
555 2410 641 2467 ad
683 2411 873 2469 solum
912 2410 1224 2483 pertinent
1269 2393 1478 2468 terrae
1533 2414 1594 2466 et
1646 2411 1846 2467 altera
1902 2424 2061 2481 quae
2108 2407 2194 2464 ad
2237 2407 2409 2464 villas
2456 2412 2516 2464 et

263 2514 486 2574 stabula.
577 2532 712 2573 nam
788 2513 968 2574 altera
1035 2520 1176 2574 sunt
1239 2505 1307 2573 ea
1373 2532 1521 2591 quae
1587 2512 1659 2573 ad
1725 2512 1968 2572 alteram
2038 2513 2261 2590 primae
2326 2512 2513 2589 partis

265 2623 490 2697 speciem
545 2624 872 2700 pertinent:
938 2613 1071 2702 1‘7,
1108 2619 1151 2681 4
1207 2640 1360 2697 quas
1414 2641 1514 2681 res
1572 2623 1727 2681 duas
1777 2628 2115 2696 sequuntur
2163 2624 2361 2681 altera
2410 2622 2513 2680 illa

268 2730 380 2803 duo,
421 2728 446 2787 Ι
488 2727 583 2808 17,
619 2727 652 2790 1
704 2732 780 2789 de
818 2729 1007 2805 fundi
1041 2735 1329 2804 quattuor
1359 2729 1661 2803 partibuS,
1709 2746 1868 2804 quae
1905 2745 2042 2787 eum
2078 2730 2203 2788 solo
2240 2729 2514 2805 haerent,

267 2841 314 2893 et
363 2839 559 2897 alteris
614 2842 931 2911 quattuor,
988 2854 1146 2910 quae
1200 2843 1382 2896 extra
1439 2834 1703 2910 fundum
1758 2841 1897 2894 sunt
1953 2842 2012 2894 et
2066 2837 2153 2893 ad
2209 2836 2515 2893 culturam

264 2946 554 3023 pertinent,
603 2946 754 3018 dimi,
802 2942 855 3001 ΙΙ
899 2941 952 3022 1,
985 2940 1067 3003 16
1107 2946 1343 3004 alterae
1382 2949 1597 3018 partes
1642 2949 1930 3015 quattuor
1966 2947 2123 3014 sunt,
2173 2939 2223 2998 11
2262 2936 2320 3020 2,
2353 2936 2388 2997 7
2440 2943 2516 2999 de

268 3052 447 3110 alteris
491 3057 780 3126 quattuor
827 3052 1008 3112 rebus
1057 3054 1341 3126 deinceps
1387 3053 1607 3110 dicam.

419 3156 742 3217 Secunda
808 3176 972 3237 pars
1038 3176 1216 3236 quae
1284 3166 1666 3217 mouentur
1721 3163 1933 3234 atque
1996 3157 2066 3214 in
2122 3152 2339 3214 fundo
2398 3152 2512 3212 de-

271 3256 455 3322 beant
514 3262 713 3341 esse]
782 3265 1148 3325 Moveantur
1214 3282 1285 3322 ex
1351 3262 1812 3323 Commeliniana
1878 3262 2135 3321 editione
2198 3260 2515 3319 Gesne1·ns.

271 3376 542 3430 moventur
615 3376 799 3445 atque
873 3374 935 3430 in
993 3369 1192 3445 fundo
1256 3371 1474 3430 debent
1536 3388 1665 3430 esse
1729 3367 2112 3428 scribendum
2178 3385 2307 3427 esse
2374 3367 2518 3426 vidit

273 3468 647 3537 SchneideruS.

419 3581 652 3645 Tertia
700 3602 864 3663 pars
912 3601 1089 3662 quae
1137 3582 1218 3642 de
1266 3582 1482 3643 rebus
1531 3582 1895 3643 diuiditur
1944 3600 2118 3662 quae
2159 3581 2238 3641 ad
2279 3600 2516 3659 quam-

275 3703 381 3761 que
423 3708 555 3750 rcm
594 3693 741 3751 sint
777 3690 1268 3770 praeparanda
1308 3698 1376 3750 et
1416 3690 1529 3750 ubi
1573 3708 1894 3769 quaeque
1934 3687 2295 3764 facienda]
2347 3690 2516 3759 Quae

275 3794 439 3867 priore
482 3797 606 3859 loco
655 3797 861 3858 delevi.
936 3815 1072 3856 nam
1119 3801 1304 3858 tertia
1343 3816 1497 3874 pars
1543 3816 1703 3872 quae
1750 3799 1824 3857 de
1870 3800 2052 3857 rebus
2101 3794 2188 3854 vel
2225 3812 2385 3872 ‚quae
2426 3804 2516 3854 est

277 3896 333 3957 de
374 3903 536 3964 rebus
582 3906 700 3965 dici
747 3905 864 3964 non
922 3912 1156 3982 poterat
1212 3922 1278 3964 ea
1336 3922 1501 3984 pam,
1558 3902 1630 3963 de
1690 3921 1801 3981 qua
1860 3920 2036 3981 supra
2095 3904 2314 3980 scripta
2376 3909 2517 3960 sunt

279 3999 411 4086 haec,
453 4027 604 4083 quae
652 4015 715 4071 in
762 4029 831 4071 eo
871 4014 1132 4087 praedio
1182 4012 1423 4072 colendi
1456 4027 1650 4072 eausa
1692 4013 1813 4069 sint
1842 4008 2158 4084 facienda,
2204 4015 2407 4086 postea
2454 4010 2515 4065 in

277 4108 379 4186 ipsa
420 4132 610 4177 rerum
660 4119 1009 4178 tractatione
1056 4114 1161 4199 23,
1205 4116 1238 4179 1
1288 4136 1447 4192 quae
1493 4123 1551 4177 et
1597 4134 1714 4192 quo
1769 4118 2035 4190 quidque
2079 4119 2209 4175 loeo
2256 4118 2518 4175 maxime

279 4223 524 4291 expediat
583 4228 834 4285 colere·
886 4223 989 4283 sed
1056 4223 1284 4301 vulgari
1348 4226 1408 4283 in
1472 4224 1910 4302 praepositione
1979 4225 2055 4282 de
2108 4220 2395 4281 brevitate
2459 4232 2517 4282 et

282 4333 468 4386 mutato
510 4341 642 4408 post
689 4348 908 4391 nomen
955 4350 1054 4391 res
1102 4349 1320 4410 genere
1365 4330 1596 4395 ‚relativi
1634 4330 2002 4409 pronominis
2042 4346 2176 4388 cum
2218 4332 2515 4407 sequenti-

285 4424 373 4487 bus
410 4432 540 4496 haec
587 4439 668 4497 ita
709 4440 1022 4497 coniuncta
1063 4447 1219 4516 sunt,
1268 4441 1451 4498 tertia
1482 4456 1638 4514 pars
1678 4439 1752 4496 de
1790 4437 1972 4495 rebus
2009 4437 2322 4511 dividitur,
2361 4454 2519 4509 quae

290 4537 357 4593 ad
400 4556 677 4620 quamque
732 4562 861 4605 rem
915 4548 1039 4605 sint
1082 4547 1531 4620 praeparanda
1587 4550 1647 4603 et
1709 4544 1817 4602 ubi
1867 4559 2143 4618 quaeque
2190 4540 2486 4616 facienda
2496 4564 2521 4614 ;
