3178 5185
554 402 559 406 ’
586 418 712 483 142
1572 415 1939 474 VARRole

581 588 687 648 dos
745 587 1017 648 surculos
1073 585 1326 667 alienuS,
1388 595 1594 647 contra
1652 588 2041 649 rubicundior
2096 587 2418 666 adpositus,
2522 589 2607 646 sic
2665 606 2873 666 magna

583 697 695 754 tria
752 696 1092 755 discrimina
1149 703 1368 775 terrae,
1425 695 1582 774 quod
1641 696 1825 756 refert
1853 703 2080 756 ‘utrum
2140 696 2217 755 sit
2273 713 2468 755 macra
2515 713 2586 754 an
2637 696 2874 773 pinguis

560 821 653 861 an
719 802 1062 882 medioeriS,
1130 802 1285 880 quod
1354 801 1425 860 ad
1492 801 1786 862 culturam
1850 803 2089 880 pinguis
2158 801 2468 861 fecundior
2532 801 2601 860 ad
2672 801 2873 882 multa,

581 927 776 968 maora
823 917 1044 969 contra.
1138 909 1337 986 itaque
1386 910 1446 966 in
1494 910 1596 989 iis,
1654 917 1719 969 ut
1765 911 1825 968 in
1873 909 2150 990 Pupinia,
2204 928 2396 988 neque
2445 908 2688 968 arbores
2736 927 2872 986 pro-

578 1015 729 1076 lixae
786 1035 979 1094 neque
1038 1017 1186 1074 vites
1245 1015 1496 1094 feraceS,
1555 1033 1749 1094 neque
1807 1024 2128 1076 stramenta
2184 1017 2380 1075 videre
2430 1035 2628 1076 crassa
2676 1018 2925 1093 possis-5

581 1141 772 1201 neque
838 1123 1014 1182 ficum
1083 1123 1392 1181 mariscam
1449 1130 1508 1182 et
1563 1122 1807 1182 arbores
1866 1123 2175 1203 plerasque
2232 1143 2298 1183 ac
2354 1131 2521 1202 prata
2579 1123 2873 1182 retorrida

529 1235 876 1290 fimuscosa.
970 1237 1175 1289 contra
1231 1232 1290 1289 in
1351 1248 1489 1307 agro
1545 1231 1779 1312 pingui,
1839 1238 1903 1290 ut
1950 1233 2009 1290 in
2058 1230 2324 1310 Etruria,
2379 1231 2518 1290 licet
2564 1229 2765 1289 videre
2816 1237 2874 1289 et

581 1343 812 1414 segetes
863 1336 1198 1397 fructuosas
1246 1356 1313 1397 ae
1359 1336 1645 1396 restibilis
1693 1346 1752 1397 et
1800 1337 2040 1397 arbores
2089 1338 2346 1417 prolixas
2394 1346 2454 1397 et
2500 1339 2694 1397 omnia
2744 1339 2871 1396 sine

488 1476 506 1491 ·
579 1461 803 1503 museo.
905 1444 966 1502 in
1031 1444 1318 1504 mediocri
1375 1451 1572 1503 autem
1630 1451 1818 1523 terra,
1887 1452 1951 1504 ut
2006 1447 2066 1504 in
2124 1444 2385 1524 Tiburti,
2452 1464 2568 1523 quo
2625 1446 2873 1522 propius

579 1550 807 1609 accedit
853 1557 920 1609 ut
969 1569 1085 1610 non
1134 1553 1211 1611 sit
1260 1570 1478 1630 macra,
1537 1569 1711 1629 quam
1761 1557 1826 1610 ut
1876 1553 1951 1610 sit
1997 1553 2221 1631 ieiuna,
2280 1571 2349 1612 eo
2398 1552 2469 1611 ad
2518 1570 2725 1611 omnes
2772 1569 2870 1611 res
2905 1563 2957 1602 10

529 1657 979 1739 7comm0dior‚
1046 1677 1218 1736 quam
1287 1661 1336 1718 si
1402 1657 1705 1718 inelinavit
1762 1658 1831 1716 ad
1888 1657 2031 1718 illud
2091 1658 2247 1737 quod
2303 1658 2584 1718 deterius,
2690 1656 2872 1736 Stolo,

578 1763 707 1824 Non
766 1763 940 1843 male,
997 1767 1217 1845 inquit,
1277 1785 1425 1844 quae
1483 1766 1561 1824 sit
1619 1765 1827 1824 idonea
1887 1772 2045 1826 terra
2104 1766 2174 1825 ad
2225 1764 2538 1825 colendum
2586 1774 2688 1824 aut
2734 1782 2873 1842 non,

582 1870 917 1953 Diophanes
965 1871 1250 1951 Bithynos
1298 1872 1507 1932 scribit
1554 1874 1719 1951 signa
1760 1874 1914 1932 sumi
1952 1891 2126 1951 posse
2166 1879 2268 1931 aut
2306 1890 2376 1930 ex
2414 1872 2540 1949 ipsa
2581 1877 2681 1930 aut
2722 1888 2872 1948 quae

582 1986 908 2038 naseuntur
966 1997 1037 2037 ex
1093 1980 1193 2038 iis:
1252 1998 1320 2038 ex
1379 1981 1531 2057 ipsa,
1591 1981 1640 2038 si
1700 1980 1776 2039 sit
1833 1988 1991 2038 terra
2049 1978 2203 2058 alba,
2260 1980 2311 2037 si
2360 1979 2552 2057 nigra,
2610 1978 2662 2035 si
2708 1975 2872 2056 leviS‚

583 2103 731 2162 quae
788 2088 923 2145 oum
973 2086 1255 2165 fodiatur,
1314 2083 1484 2145 facile
1535 2087 1771 2160 frietur,
1830 2094 2037 2146 natura
2088 2104 2237 2164 quae
2286 2103 2404 2145 non
2452 2086 2529 2144 sit
2577 2085 2872 2143 eineraoia
2901 2094 2953 2133 15

581 2210 728 2251 neve
786 2192 1167 2253 vehementer
1222 2193 1429 2253 densa:
1488 2212 1558 2253 ex
1615 2195 1689 2252 iis
1746 2200 1943 2253 autem
2001 2212 2150 2271 quae
2208 2199 2377 2252 enata
2426 2199 2565 2251 sunt
2613 2192 2763 2270 fera,
2822 2188 2873 2249 si

583 2307 720 2359 sunt
776 2299 1002 2377 prolixa
1059 2309 1234 2378 atque
1297 2298 1417 2376 [ea]
1477 2319 1628 2379 quae
1688 2319 1754 2359 ex
1816 2302 1890 2360 iis
1939 2303 2104 2360 nasei
2150 2301 2369 2361 debent
2416 2317 2619 2358 earum
2669 2316 2873 2358 rerum

581 2405 814 2465 feracia.
908 2406 1010 2466 sed
1060 2407 1216 2485 quod
1266 2409 1564 2488 sequitur,
1612 2410 1856 2468 tertium
1902 2407 2033 2469 illut
2081 2409 2153 2468 de
2202 2408 2392 2468 modis
2439 2406 2549 2465 dio.

511 2511 563 2570 X
761 2511 891 2592 Ille,
947 2512 1176 2595 ModoS,
1235 2513 1451 2592 quibus
1508 2517 1864 2576 metirentur
1921 2534 2087 2596 rura,
2144 2514 2292 2575 alius
2349 2512 2494 2573 alios
2543 2512 2870 2571 constituit.

582 2638 715 2680 nam
764 2621 825 2679 in
863 2619 1144 2699 Hispania
1191 2620 1473 2682 ulteriore
1522 2626 1852 2684 metiuntur
1896 2625 2069 2704 iugiS,
2117 2624 2179 2681 in
2218 2621 2533 2699 Campania
2581 2617 2871 2699 versibu5‚
2901 2630 2953 2669 20

726 2943 752 2989 1
805 2934 1097 3005 appositus
1145 2934 1323 2989 VAB
1484 2910 1546 2991 sio
1589 2953 1793 3004 magna
1830 2938 1885 2990 A
1923 2983 1927 2987 Α
2038 2941 2069 2988 2
2115 2933 2322 2989 referet
2358 2933 2415 2987 A
2567 2939 2598 2986 3
2648 2933 2870 2987 foecun—

581 3059 702 3114 dior
740 3060 792 3114 V
932 3061 1003 3114 ad
1042 3027 1386 3115 multinacra
1412 3061 1467 3115 A
1611 3066 1645 3112 4
1684 3059 1874 3127 itaque
1911 3059 1971 3113 in
2007 3057 2077 3111 iis
2107 3058 2164 3111 A
2201 3057 2476 3112 Victorius
2502 3058 2692 3125 itaque
2716 3053 2737 3075 ὃ
2764 3075 2868 3111 nus

580 3155 628 3203 et
673 3151 735 3204 iri
781 3152 1028 3219 maraine
1078 3145 1213 3203 ‘nus
1260 3150 1306 3203 e'
1352 3157 1376 3204 ῑ
1421 3150 1489 3203 iis
1529 3150 1585 3203 P
1625 3149 1816 3216 itaque
1864 3165 1966 3202 nus
2001 3147 2057 3201 Β
2103 3148 2295 3215 itaque
2341 3146 2410 3214 in*
2446 3147 2553 3201 uiis
2590 3163 2643 3201 m
2678 3147 2869 3215 itaque

579 3256 691 3292 nux
728 3256 759 3292 v
790 3282 801 3293 .
834 3240 1026 3306 itaque
1072 3239 1133 3293 in
1177 3238 1332 3292 Veiis
1382 3238 1690 3292 Iucundus.
1777 3237 2017 3291 ‘Veteres
2072 3237 2204 3290 libri
2256 3237 2359 3289 hae
2395 3242 2558 3303 parte
2603 3237 2868 3304 corrupti,

580 3344 908 3382 communem
951 3329 1225 3383 lectionem
1260 3329 1446 3381 multis
1483 3328 1549 3380 de
1585 3328 1766 3381 causis
1803 3342 1915 3382 riori
1943 3326 2273 3395 probamus,
2320 3341 2539 3393 eamque
2576 3326 2644 3379 ab
2683 3326 2869 3393 aliquo

578 3418 914 3471 emendatore
951 3417 1244 3485 repositam
1280 3415 1643 3470 arbitramur’
1699 3414 1973 3470 Victorius
2115 3414 2364 3482 prolixae
2414 3412 2528 3465 VB
2565 3412 2779 3482 prolixe
2816 3415 2870 3467 A

578 3503 825 3574 prolixas
863 3505 1152 3560 Iracundus
1296 3509 1326 3557 5
1370 3494 1512 3558 uites
1548 3505 1989 3573 superscriptum,
2068 3519 2258 3556 eraees
2297 3503 2380 3556 bis
2416 3503 2679 3570 scriptum
2714 3504 2779 3556 in
2816 3503 2870 3555 A

719 3592 901 3660 possis
958 3594 1076 3647 AB
1136 3594 1409 3648 Victorius
1465 3593 1675 3663 poteris
1735 3593 1784 3645 V
1926 3599 1956 3645 6
2013 3590 2338 3645 marisscam
2385 3591 2439 3643 A
2589 3598 2618 3645 7
2675 3591 2871 3661 pingui

575 3684 1005 3752 superscriptum
1040 3683 1104 3737 in
1140 3683 1195 3736 A
1341 3689 1372 3736 9
1412 3701 1521 3751 quo
1558 3683 1789 3753 propius
1838 3682 2074 3736 Ursinus
2110 3679 2260 3748 quod
2295 3678 2524 3749 propius
2573 3678 2684 3733 VA
2723 3680 2872 3748 quod

578 3807 837 3877 proprius
874 3807 930 3860 Β
1076 3814 1139 3861 11
1189 3824 1356 3875 quam
1402 3807 1449 3861 si
1500 3806 1797 3861 inclinauit
1831 3807 1887 3860 Β
1937 3806 2211 3861 Victorius
2257 3822 2425 3872 quam
2464 3780 2789 3859 s¹inelinauit
2816 3806 2870 3858 A

579 3912 748 3964 quam
789 3896 836 3950 si
872 3895 1229 3950 inelinauerit
1276 3895 1328 3948 V
1471 3902 1534 3949 12
1573 3895 1756 3963 inquit
1807 3895 1915 3949 VB
1960 3895 2156 3963 inquid
2194 3895 2249 3948 A
2395 3910 2539 3963 quae
2576 3895 2649 3949 sit
2685 3911 2785 3948 om.
2817 3895 2870 3947 A

724 3984 1042 4039 eollendum
1079 3985 1136 4039 A
1284 3991 1350 4039 13
1386 3984 1653 4052 bithynos
1683 3982 1798 4038 PB
1834 3983 2086 4037 bithinos
2116 3985 2173 4038 A
2207 3983 2496 4053 bithynius
2532 4000 2565 4036 v
2710 3983 2874 4050 signa.

578 4075 1005 4143 merseriptum
1058 4076 1122 4128 in
1156 4074 1212 4127 Β
1360 4079 1426 4126 14
1483 4074 1531 4127 si
1567 4073 1755 4142 primo
1802 4073 1914 4127 loeo
1959 4089 2059 4129 om.
2106 4073 2162 4125 Β
2311 4077 2376 4125 15
2429 4089 2552 4126 cum
2600 4070 2871 4140 fodiatur]

582 4177 942 4253 cdnfodiatur
977 4199 1032 4252 A
1182 4204 1244 4253 17
1294 4201 1459 4265 atque
1499 4198 1595 4252 Βυ
1645 4197 1827 4265 adque
1870 4197 1986 4250 PA
2134 4201 2198 4250 18
2237 4197 2384 4265 quod
2422 4195 2673 4264 sequitur
2710 4197 2872 4250 ABv

583 4289 718 4355 quot
754 4288 1004 4354 sequitur
1037 4287 1093 4340 P
1197 4287 1425 4341 tertium
1452 4285 1596 4340 illud
1627 4286 1780 4355 (illut
1806 4286 1879 4354 P)
1910 4285 1978 4340 de
2009 4286 2187 4339 modis
2217 4284 2329 4339 dici
2362 4285 2477 4339 PB
2505 4286 2742 4340 tercium
2771 4285 2874 4338 illa

582 4376 641 4429 id
688 4377 755 4429 de
802 4376 969 4430 modo
1017 4376 1157 4431 dicit
1193 4377 1249 4430 A
1294 4375 1527 4430 tercium
1574 4376 1712 4430 item
1759 4376 1828 4430 de
1872 4374 2051 4430 modis
2093 4373 2232 4427 dicit
2266 4391 2318 4429 m
2354 4374 2584 4429 tertium
2623 4373 2765 4429 illud
2804 4376 2872 4429 de

581 4465 761 4520 modis
799 4465 920 4519 dice
958 4482 991 4520 v

724 4560 791 4610 20
829 4554 1160 4625 metiuntur]
1200 4553 1543 4608 mentiuntur
1580 4555 1636 4610 A
