3178 5185
855 386 1115 442 RERVM
1152 386 1627 442 RVSTICARVM
1669 389 1797 443 LIB.
1836 387 1913 441 III
1958 382 2034 439 16
2485 388 2611 452 307

345 554 518 613 etiam
558 572 784 631 paucae.
879 563 1044 615 extra
1083 557 1299 615 ostium
1340 555 1488 615 alvei
1525 563 1808 659 optggant
1847 559 2061 636 omnia,
2108 575 2221 635 qua
2263 557 2420 615 venit
2459 558 2615 616 inter

345 660 502 720 favos
550 663 810 742 spirituS,
877 681 1053 741 quam
1109 663 1410 723 erithacen
1469 662 1764 742 appellant
1821 664 2046 723 Graeci.
2151 681 2356 723 omnes
2422 670 2488 723 ut
2543 664 2663 724 in9

345 770 592 828 exercitu
646 771 852 829 vivunt
910 779 1085 848 atque
1143 769 1389 830 alternis
1446 771 1753 830 dormiunt
1808 781 1866 830 et
1923 789 2072 850 opus
2125 770 2345 830 faciunt
2391 771 2614 847 pariter

344 881 401 931 et
449 882 509 933 ut
549 875 800 935 colonias
852 878 1112 956 mittunt,
1162 878 1320 955 iique
1370 876 1552 936 duces
1602 877 1927 937 conficiunt
1974 878 2260 956 quaedam
2300 876 2372 936 ad
2410 895 2613 936 vocem

293 987 408 1037 5ut
466 981 769 1041 imitatione
828 982 1023 1044 tubae.
1116 990 1242 1043 turn
1299 982 1358 1042 id
1417 978 1667 1063 fa‘ciunt,
1728 1002 1863 1044 cum
1920 987 2076 1044 inter
2125 1003 2187 1044 se
2237 986 2400 1060 signa
2450 985 2613 1062 pacis

342 1104 407 1145 ac
467 1086 586 1147 belli
641 1081 965 1149 habeant*
1016 1090 1147 1169 sed,
1214 1109 1247 1149 o
1304 1089 1555 1169 Merula,
1614 1090 1796 1150 Axius
1862 1101 2065 1151 noster
2131 1110 2204 1151 ne
2261 1091 2400 1151 dum
2468 1069 2613 1149 haec

343 1193 496 1254 audit
540 1195 839 1274 physicam
896 1197 1183 1277 achiscat,
1241 1197 1396 1275 quod
1455 1196 1527 1257 de
1576 1198 1777 1258 fructu
1828 1197 1971 1256 nihil
2020 1198 2166 1277 dixi,
2225 1216 2382 1258 nunc
2430 1215 2609 1258 cursu

345 1299 585 1378 lampada
634 1302 755 1363 tibe
805 1303 990 1364 trado.

505 1409 745 1490 Merula,
804 1410 885 1470 De
938 1411 1159 1490 fructu,
1218 1414 1439 1492 inquit,
1496 1411 1607 1472 hoc
1655 1412 1814 1493 dieo,
1872 1413 2027 1492 quod
2079 1413 2327 1473 fortasse
2376 1430 2447 1471 an
2497 1410 2606 1471 tibi
2630 1414 2710 1471 10

264 1531 307 1569 10
335 1517 476 1575 satis
516 1519 602 1598 sit,
652 1519 779 1597 Axi,
825 1521 887 1579 in
936 1537 1053 1597 quo
1102 1527 1405 1579 auctorem
1453 1519 1641 1580 habeo
1690 1540 1808 1580 non
1857 1520 2045 1580 solum
2096 1522 2199 1599 qui
2245 1519 2460 1579 alvaria
2508 1536 2612 1577 sua

336 1621 507 1683 locata
570 1624 750 1685 habet
807 1627 1123 1704 quotannis
1182 1628 1379 1705 quinis
1440 1627 1679 1688 milibus
1738 1628 1934 1707 pondo
1990 1627 2206 1707 mellis,
2276 1625 2377 1686 sed
2437 1627 2612 1685 etiam

342 1729 480 1790 hunc
525 1729 848 1792 Varronem
897 1742 1196 1812 nostrum,
1255 1752 1433 1812 quem
1489 1734 1684 1793 audivi
1742 1734 2040 1793 dicentem
2097 1733 2214 1792 duo
2274 1732 2504 1793 milites
2550 1751 2612 1792 se

340 1835 592 1898 habuisse
649 1840 712 1898 in
762 1838 1043 1918 Hispania
1099 1840 1311 1899 fratres
1363 1838 1632 1900 Veianius
1689 1859 1758 1899 ex
1819 1858 1959 1918 agro
2008 1839 2234 1900 Falisco
2284 1840 2612 1919 locupletiS,

341 1943 534 2021 quibus
581 1964 716 2005 cum
766 1964 799 2005 a
846 1955 1014 2025 patre
1063 1946 1267 2007 relicta
1317 1955 1475 2007 esset
1522 1966 1698 2025 parva
1749 1946 1883 2007 villa
1929 1955 1988 2007 et
2035 1946 2257 2025 agellus
2309 1965 2423 2005 non
2472 1964 2611 2005 sane

270 2061 314 2100 15
342 2054 508 2111 maior
571 2055 779 2131 iugero
848 2071 994 2135 uno,
1060 2054 1167 2113 hos
1225 2056 1451 2114 circum
1522 2052 1713 2113 villam
1776 2062 1953 2114 totam
2011 2053 2223 2112 alvaria
2281 2054 2495 2112 fecisse
2553 2061 2613 2113 et

339 2157 557 2219 hortum
596 2159 876 2220 habuisse
924 2180 990 2220 ac
1038 2160 1288 2221 relicum
1334 2160 1536 2240 thymo
1575 2169 1635 2220 et
1674 2163 1860 2240 cytiso
1900 2162 2199 2239 opsevisse
2240 2168 2299 2219 et
2337 2162 2610 2239 apiastro,

339 2267 476 2344 quod
532 2266 631 2327 alii
687 2266 1095 2347 meliphyllon,
1152 2266 1249 2327 alii
1308 2267 1816 2347 melissophyllon,
1875 2267 2111 2346 quidam
2171 2265 2462 2326 mellinam
2513 2284 2609 2344 ap-

335 2373 550 2451 pellant.
642 2374 752 2434 hos
791 2393 1111 2453 numquam
1158 2377 1382 2454 minuS,
1430 2383 1497 2434 ut
1543 2393 1839 2454 peraeque
1887 2374 2198 2453 ducerent,
2247 2373 2396 2433 dena
2444 2373 2602 2433 milia
2627 2374 2703 2429 11

464 2625 524 2672 16
564 2620 814 2689 apiastro
854 2620 1003 2689 quod
1040 2619 1138 2672 alii
1176 2617 1642 2688 melissophyllon
1679 2620 1836 2673 schol.
1867 2620 1929 2672 in
1964 2618 2117 2687 Very.
2148 2635 2321 2688 9e0r9.
2352 2618 2512 2671 IIII
2538 2623 2609 2672 63

515 2859 537 2904 1
589 2852 793 2906 ostium
856 2852 904 2903 V
944 2850 1185 2906 hostium
1230 2851 1348 2905 AB
1531 2854 1799 2921 optarant
1836 2851 1947 2904 PA
1997 2852 2264 2904 obturant
2300 2851 2396 2904 Bv
2578 2857 2608 2903 2

329 2956 482 3006 quam
533 2940 821 2995 erith’acen
861 2941 917 2993 B
964 2958 1131 3008 quam
1181 2940 1507 2994 erhithacen
1546 2941 1602 2993 P
1647 2941 1932 2995 erithacen
1979 2956 2147 3009 quam
2182 2939 2238 2993 A
2287 2955 2452 3007 quarn
2499 2938 2610 2991 rhi-

326 3029 516 3083 thacen
554 3047 584 3083 v
733 3037 764 3083 3
814 3027 1045 3083 exerciti
1082 3029 1137 3083 A
1174 3046 1309 3082 corr.
1352 3061 1417 3069 —
1457 3031 1520 3083 tu
1557 3031 1639 3085 Α2
1784 3032 1952 3097 atque
1990 3031 2047 3084 Β
2060 3047 2087 3083 υ
2126 3029 2306 3097 adque
2349 3028 2465 3081 PA

325 3117 521 3172 fatiunt
566 3118 622 3172 A
769 3124 801 3170 4
839 3120 897 3171 et
935 3124 1061 3172 ante
1098 3121 1161 3171 ut
1204 3135 1304 3173 om.
1352 3119 1405 3171 A
1552 3125 1584 3173 5
1624 3119 1840 3172 fatiunt*
1872 3119 1927 3173 A
2071 3125 2102 3173 6
2143 3118 2313 3171 Axius
2350 3119 2542 3171 noster
2577 3134 2608 3169 v

325 3207 407 3260 axi
450 3209 642 3261 noster
681 3208 857 3262 PAB
1040 3214 1068 3261 7
1117 3206 1406 3276 physicam
1456 3206 1751 3276 (phisicam
1787 3208 1862 3275 A)
1911 3207 2162 3262 achiseat
2200 3207 2381 3260 PAB
2421 3205 2609 3276 physi-

326 3313 439 3349 cam
485 3297 740 3350 addiscat
776 3313 823 3350 v.
902 3297 1086 3350 ‘Nihil
1130 3297 1220 3351 hic
1268 3299 1525 3363 uariaui,
1572 3303 1840 3351 uetustam
1888 3303 2066 3351 tamen
2111 3298 2443 3365 scripturam
2480 3313 2610 3364 pro-

315 3402 540 3454 ponam,
615 3403 753 3454 quae
815 3386 1001 3453 siquid
1063 3386 1127 3437 in
1189 3401 1243 3438 se
1307 3386 1437 3439 boni
1497 3387 1682 3450 habet,
1746 3388 1910 3440 ualde
1970 3387 2059 3440 hic
2105 3388 2491 3456 perturbatum
2546 3403 2611 3440 ac
2725 3385 2728 3390 ’

324 3476 659 3530 obscuratum
722 3475 906 3528 habet:
970 3472 1266 3542 Physicam
1340 3475 1611 3529 achiscat’
1686 3476 1974 3530 Victorius.
2076 3476 2311 3545 physica
2382 3476 2613 3531 fatiscat

325 3563 675 3619 Schneiderus
854 3563 1028 3617 nichil
1085 3567 1138 3618 A
1318 3581 1464 3617 nunc
1520 3565 1814 3619 Iracundus
1867 3583 1978 3619 non
2047 3567 2225 3621 VAB
2405 3573 2437 3620 8
2493 3565 2609 3619 tibe

324 3654 476 3708 trado
520 3653 699 3708 VAB
734 3652 843 3706 tibi
879 3654 1041 3707 trado
1081 3654 1374 3708 Iucwndus

484 3750 514 3798 9
554 3743 738 3812 inquit
776 3743 872 3797 Bv
911 3740 1107 3810 inquid
1143 3742 1258 3795 PA
1440 3748 1504 3795 10
1542 3741 1602 3795 in
1640 3760 1748 3809 quo
1789 3745 2073 3796 auctorem
2124 3744 2175 3794 V
2207 3743 2263 3796 in
2301 3760 2409 3810 quo
2450 3745 2606 3796 auto-

325 3904 427 3939 rem
474 3844 846 3941 Bmautcgrem
884 3884 947 3938 'A
1133 3891 1190 3936 11
1253 3884 1546 3952 quotannis
1595 3885 1691 3938 Bv
1747 3883 1897 3952 quod
1952 3885 2111 3938 annis
2169 3887 2226 3940 P
2265 3888 2303 3954 q*
2348 3887 2508 3940 annis
2556 3886 2610 3941 A

495 3983 557 4029 13
615 3972 869 4030 ueianios
934 3973 1045 4026 VA
1101 3972 1354 4027 uelanios
1401 3974 1457 4026 B
1637 3974 1934 4042 locupletis
1989 3976 2169 4029 PAB
2222 3975 2531 4045 locupletes
2576 3995 2607 4030 v

460 4071 522 4118 15
579 4063 782 4132 totam]
838 4065 1021 4117 totum
1080 4064 1131 4115 A
1278 4064 1549 4117 alnariam
1609 4064 1723 4117 PA
1781 4064 2054 4118 aluarium
2104 4067 2158 4119 B
2215 4064 2520 4119 aluearium
2576 4084 2608 4120 v

494 4161 559 4209 16
598 4152 831 4206 relicum
875 4152 1057 4206 PAR
1093 4153 1368 4221 reliquum
1406 4170 1437 4206 υ
1610 4152 1829 4220 cythiso
1878 4153 1931 4206 V
1963 4153 2165 4207 eithiso
2202 4155 2254 4207 A
2295 4154 2514 4223 cithyso
2552 4155 2609 4209 B

479 4242 768 4313 opseuisse
806 4241 988 4295 PAB
1027 4242 1345 4311 oppleuisse
1381 4260 1414 4297 v
1588 4248 1652 4297 17
1693 4241 2059 4311 meliphyllon
2096 4243 2152 4297 A
2188 4242 2517 4312 meliphyllo
2557 4245 2614 4298 P

318 4331 706 4402 melliphyllon
748 4333 810 4402 ‚B
856 4331 1147 4400 meliphilo
1195 4349 1228 4386 v
1410 4330 1871 4400 melissophyllon
1909 4331 2023 4384 PB
2070 4330 2514 4399 melissophillon
2553 4333 2608 4387 A

318 4420 712 4492 melisophilon
757 4438 789 4475 v
934 4420 1216 4474 mellinem
1258 4422 1439 4477 PAB
1484 4421 1715 4475 mellina
1758 4438 1811 4474 m
1855 4419 2142 4474 mellinum
2180 4438 2226 4474 v.
2307 4420 2607 4490 ‘Optimum

317 4512 611 4581 exemplar,
654 4509 951 4578 Mellinen,
989 4509 1168 4564 habet’
1221 4510 1497 4566 Victorius
1645 4515 1709 4563 18
1746 4526 2031 4579 nunquam
2082 4510 2131 4563 V
