3178 5185
364 646 375 655 κ
403 564 539 625 xm

202 4895 465 5082 NA

563 399 690 463 146
1542 394 1917 450 VARRONIS

734 565 800 624 In
848 564 981 624 villa
1030 564 1298 624 facienda
1349 561 1577 623 stabula
1626 564 1724 642 ita,
1772 569 1840 622 ut
1886 560 2110 622 bubilia
2157 563 2277 621 sint
2313 561 2415 642 ibi,
2466 560 2661 621 hieme
2702 580 2851 640 quae

562 674 793 751 possint
839 689 970 731 esse
1009 670 1282 731 caldiora.
1375 670 1627 750 fructuS,
1674 677 1741 729 ut
1778 676 1871 729 est
1906 671 2108 729 vinum
2148 676 2209 728 et
2246 668 2461 750 oleum,
2507 667 2639 729 loco
2678 668 2852 747 plano

561 780 624 838 in
689 778 880 859 celliS‚
946 780 1088 839 item
1155 776 1275 855 [ιιι]
1343 795 1478 837 vasa
1545 777 1767 836 vinaria
1834 783 1895 836 et
1957 775 2172 836 olearia
2201 813 2208 819 -
2237 778 2438 854 potius
2492 776 2856 836 faciendum:

562 885 782 965 ariduS‚
828 893 892 946 ut
941 892 1033 945 est
1079 884 1209 944 faba
1258 892 1316 944 et
1364 884 1620 964 faenum,
1665 885 1728 942 in
1777 882 2072 944 tabulatis.
2164 883 2382 942 familia
2430 882 2535 944 uhi
2580 891 2855 943 versetur

561 992 1018 1073 providendum,
1077 993 1129 1052 si
1187 991 1327 1051 fessi
1375 1009 1555 1070 opere
1604 998 1705 1050 aut
1753 990 1972 1066 frigore
2022 997 2124 1049 aut
2170 989 2391 1072 calore,
2449 989 2552 1050 ubi
2599 1008 2855 1050 commo·
2907 1010 2932 1048 5

511 1104 546 1159 2
570 1099 813 1159 dissime
876 1100 1108 1178 possint
1171 1117 1235 1158 se
1301 1101 1501 1177 quiete
1566 1098 1921 1175 reciperare.
2022 1095 2180 1157 vilici
2232 1098 2566 1177 proximum
2620 1099 2857 1158 ianuam
2915 1100 2918 1103 ’

563 1206 777 1266 cellam·
818 1224 948 1266 esse
998 1212 1258 1285 oportet,
1318 1222 1573 1283 eumque
1622 1205 1804 1281 scire,
1862 1205 1963 1283 qui
2010 1205 2266 1265 introeat
2313 1212 2415 1265 aut
2460 1213 2630 1265 exeat
2677 1213 2856 1266 noctu

563 1313 779 1392 quidve
827 1313 996 1392 ferat,
1042 1313 1394 1391 praesertim
1443 1313 1497 1370 si
1541 1312 1824 1370 ostiarius
1871 1318 1963 1370 est
2010 1329 2203 1373 nemo.
2292 1312 2354 1371 in
2402 1313 2611 1390 primis
2660 1312 2856 1373 culina

561 1420 811 1480 videnda
869 1428 935 1480 ut
991 1420 1069 1478 sit
1124 1418 1383 1498 admota,
1452 1417 1611 1497 quod
1667 1417 1752 1477 ibi
1806 1417 1999 1476 hieme
2058 1416 2427 1478 antelucanis
2482 1419 2857 1497 temporibus

564 1527 789 1606 aliquot
851 1544 950 1585 res
1015 1525 1439 1604 conficiuntur,
1505 1524 1678 1584 cibus
1733 1532 1977 1602 paratur
2033 1543 2101 1585 ac
2157 1526 2409 1603 capitur.
2511 1526 2854 1587 faciundum
2885 1546 2933 1584 ιο

568 1637 745 1695 etiam
800 1633 1084 1713 plaustris
1140 1650 1207 1692 ac
1264 1639 1464 1692 cetero
1521 1633 1919 1691 instrumento
1978 1633 2137 1691 omni
2193 1634 2254 1691 in
2307 1631 2553 1692 cohorte
2602 1641 2670 1693 ut
2716 1635 2859 1693 satis

568 1760 774 1820 magna
823 1742 945 1800 sint
991 1747 1177 1818 tecta,
1234 1738 1450 1817 quibus
1486 1738 1725 1817 caelum
1774 1738 2038 1816 pluvium
2087 1740 2411 1799 inimicum.
2503 1739 2650 1799 haec
2700 1742 2860 1799 enim

567 1850 619 1907 si
684 1850 841 1907 intra
907 1826 1174 1907 clausum
1242 1848 1302 1906 in
1369 1852 1692 1924 consaepto
1758 1853 1819 1905 et
1884 1845 1995 1905 sub
2060 1845 2184 1926 dio,
2250 1846 2442 1907 furem
2505 1846 2679 1906 modo
2741 1865 2860 1906 non

516 1959 553 2014 3
575 1943 867 2035 metuunt,
905 1954 1189 2014 adversus
1225 1960 1639 2031 tempestatem
1677 1960 1990 2013 nocentem
2029 1971 2145 2013 non
2186 1954 2492 2013 resistunt.
2586 1953 2861 2015 cohortes

566 2062 629 2120 in
704 2060 887 2120 fundo
951 2077 1162 2137 magno
1228 2059 1378 2119 duae
1444 2060 1731 2137 aptiores:
1804 2078 1920 2119 una
1987 2070 2054 2119 ut
2117 2060 2413 2121 interdius
2479 2060 2860 2137 conpluvium
2889 2080 2939 2120 15

567 2166 782 2228 haheat
828 2166 1038 2247 lacum,
1085 2167 1189 2228 ubi
1235 2184 1386 2245 aqua
1433 2165 1621 2246 saliat,
1668 2168 1771 2246 qui
1816 2168 1972 2226 intra
2019 2165 2357 2246 stylobataS,
2404 2185 2539 2227 cum
2576 2166 2737 2248 velit,
2785 2168 2862 2227 sit

570 2276 967 2353 semipiscina.
1058 2273 1240 2334 boves
1287 2274 1446 2333 enim
1494 2291 1564 2332 ex
1614 2291 1753 2333 arvo
1801 2281 2022 2334 aestate
2070 2272 2306 2333 reducti
2350 2273 2448 2334 hic
2488 2273 2718 2353 bibunt,
2765 2260 2861 2333 hic

568 2381 1039 2462 perfunduntur,
1096 2399 1207 2440 nec
1252 2382 1452 2440 minus
1499 2399 1531 2439 e
1578 2379 1796 2458 pabulo
1844 2399 1981 2441 cum
2027 2379 2335 2440 redierunt
2382 2399 2652 2460 ansereS,
2704 2398 2863 2462 sueS‚

568 2490 753 2567 porci.
846 2490 908 2548 in
965 2487 1210 2548 cohorte
1269 2488 1563 2547 exteriore
1619 2486 1811 2547 lacum
1869 2504 2000 2546 esse
2057 2494 2319 2567 oportet,
2376 2487 2478 2547 uhi
2525 2496 2863 2548 maceretur

716 2605 782 2697 1}
827 2659 931 2696 nec
977 2641 1161 2696 minus
1207 2658 1238 2695 e
1274 2641 1483 2710 pabulo
1521 2641 1672 2697 Non.
1703 2658 1763 2710 p.
1802 2645 1896 2707 83,
1933 2645 2005 2695 13
2153 2647 2217 2695 19
2255 2642 2443 2695 lacum
2482 2659 2603 2698 esse
2640 2645 2866 2713 oportet

568 2732 717 2788 Non.
754 2748 808 2801 p.
846 2735 977 2798 211,
1014 2735 1088 2786 30

717 2882 744 2928 1
782 2874 983 2944 hyeme
1032 2873 1084 2927 V
1223 2880 1255 2929 2
1296 2874 1383 2928 est
1428 2878 1554 2928 ante
1587 2872 1784 2927 uinum
1830 2875 2259 2943 superscriptum
2303 2875 2367 2929 in
2404 2876 2460 2929 Β
2604 2882 2637 2930 3
2673 2876 2864 2944 potius

570 2963 888 3019 faciendum
934 2963 1056 3016 AB
1104 2962 1380 3019 Victorius
1423 2961 1612 3031 potius
1657 2959 1982 3015 faciundum
2023 2962 2080 3016 P
2120 2962 2310 3032 potius
2353 2964 2620 3020 faciunda,
2653 2982 2687 3019 v
2830 2971 2864 3018 4

571 3056 636 3107 ut
671 3056 759 3109 est
793 3052 927 3107 faba.
962 3054 1021 3106 et
1055 3052 1244 3106 fenum
1272 3051 1329 3104 A
1364 3053 1429 3104 ut
1464 3052 1552 3105 est
1587 3050 1718 3104 faba
1753 3052 1811 3103 et
1844 3049 2070 3104 foenum
2105 3053 2161 3106 Β
2200 3052 2476 3108 Victorius
2511 3056 2576 3108 ut
2613 3055 2699 3107 est
2734 3054 2867 3108 faba,

572 3143 753 3197 lentes
784 3143 1014 3197 ordeum
1046 3143 1104 3196 et
1130 3141 1217 3195 far
1246 3142 1304 3195 et
1332 3140 1558 3194 foenum
1583 3156 1637 3206 v,
1672 3139 1931 3214 ubipfaba
1957 3140 2139 3195 lentes
2178 3142 2409 3197 ordeum
2439 3144 2498 3196 et
2525 3144 2610 3196 far
2637 3143 2867 3198 delenda

571 3232 906 3302 siqnifiicavit
945 3231 1001 3284 P
1142 3235 1173 3283 5
1214 3245 1381 3299 apere
1418 3245 1557 3283 corr.
1598 3244 1765 3298 opere
1804 3231 1857 3282 A
1999 3231 2231 3296 fortasse
2267 3234 2366 3286 aut
2404 3249 2438 3285 a
2474 3230 2686 3300 frigore
2833 3240 2865 3286 6

574 3320 761 3389 quiete
815 3320 881 3373 in
932 3320 1180 3388 maryine
1233 3317 1497 3388 scriptum
1550 3319 1615 3373 in
1650 3319 1706 3371 Β
1849 3316 2007 3372 uilici
2050 3319 2230 3373 PAB
2280 3319 2461 3374 uillici
2506 3339 2539 3376 v
2682 3320 2866 3390 proxi-

572 3427 728 3464 mum
764 3409 882 3463 PB
918 3406 1205 3477 proximus
1232 3423 1371 3462 corr.
1412 3439 1479 3446 —-
1517 3424 1670 3460 mum
1701 3407 1755 3460 A
1793 3406 2044 3476 proxime
2081 3425 2113 3462 v
2259 3414 2291 3463 8
2328 3409 2630 3466 hostiarius
2667 3412 2726 3465 Β

574 3541 605 3589 9
663 3533 907 3588 uidenda,
962 3532 1072 3602 VA
1084 3529 1156 3586 B·
1191 3531 1494 3586 uidendum
1553 3532 1789 3587 Ursinus
1932 3498 2123 3587 alnota
2158 3533 2213 3586 A
2357 3536 2557 3605 hyeme
2606 3535 2660 3588 V
2800 3543 2867 3591 ιο

571 3624 791 3691 aliquot
824 3639 914 3676 res
942 3622 1038 3675 Βυ
1077 3621 1308 3690 aliquod
1344 3638 1434 3675 res
1467 3622 1583 3675 PA
1729 3638 1795 3676 ac
1821 3621 2043 3690 capitur
2068 3621 2126 3675 Β
2160 3621 2436 3678 Victorius
2471 3627 2531 3679 et
2567 3624 2786 3694 capitur
2822 3625 2874 3679 V

573 3713 847 3782 accipitur
883 3713 937 3765 A
1082 3710 1402 3764 faciundum
1439 3712 1539 3765 hoc
1567 3711 1681 3766 loco
1716 3709 1896 3764 VAB
1923 3710 2240 3765 faciendum
2266 3730 2320 3766 m
2469 3719 2532 3767 11
2570 3703 2865 3785 plaustris]

571 3802 839 3872 palustris
867 3800 924 3853 A
1067 3801 1288 3856 caetero
1330 3799 1382 3852 V
1519 3800 1579 3854 in
1608 3798 1839 3854 cohorte
1870 3799 1981 3852 VB
2009 3800 2068 3853 in
2097 3798 2325 3855 choorte
2351 3802 2408 3855 A
2553 3809 2618 3857 12
2649 3804 2866 3858 caelum

571 3907 673 3946 om.
711 3890 768 3943 A
932 3895 997 3943 13
1043 3891 1312 3959 consepto
1356 3888 1533 3942 VAB
1701 3894 1767 3941 14
1813 3889 2074 3942 cohortes
2134 3889 2245 3943 VB
2289 3891 2547 3945 choortes
2584 3893 2638 3946 A
2687 3943 2688 3946 ,
2803 3897 2865 3946 15

572 3977 934 4048 conpluuium
973 3979 1030 4032 A
1068 3978 1448 4048 compluuium
1489 3977 1604 4031 VB
1747 3983 1815 4031 16
1853 3977 1934 4031 ibi
1970 3994 2106 4032 corr.
2147 3976 2245 4032 ubi
2272 3979 2327 4032 A
2472 3980 2783 4049 stylobatas
2811 3981 2869 4035 B

574 4068 870 4122 stilobatas
919 4067 1032 4121 VA
1176 4085 1303 4122 cum
1350 4066 1491 4121 uelit
1526 4066 1711 4120 PAB
1756 4083 1878 4120 cum
1928 4066 2087 4121 uenit
2120 4083 2154 4120 v
2300 4073 2364 4122 17
2414 4084 2480 4123 ex
2526 4085 2662 4123 aruo
2702 4070 2758 4122 B
2799 4087 2866 4123 ex

573 4168 729 4264 asshtdo
750 4210 807 4262 P
859 4226 926 4264 ex
982 4210 1117 4264 arbo
1166 4210 1222 4264 A
1277 4227 1345 4264 ex
1392 4212 1578 4264 aratro
1618 4225 1651 4262 v
1799 4215 1863 4263 18
1912 4226 1941 4263 e
1988 4208 2195 4279 pabulo
2243 4227 2368 4263 cum
2414 4211 2700 4266 redierunt
2735 4212 2792 4265 A
2837 4229 2868 4266 e

573 4298 819 4420 pa‘iiotlldlo
845 4367 972 4403 cum
1035 4351 1322 4406 redierunt
1388 4353 1445 4405 P
1505 4351 1873 4419 epauolocum
1938 4322 2210 4417 redierint
2264 4353 2322 4407 Β
2380 4353 2488 4407 hoc
2552 4355 2678 4409 Ioco
2743 4325 2866 4408 reii-

575 4438 797 4492 ciuntur
832 4456 864 4492 v
902 4441 961 4493 et
997 4457 1031 4493 a
1067 4440 1275 4508 pabulo
1315 4458 1440 4494 cum
1479 4439 1767 4494 redierunt
1794 4440 2019 4495 Nonius
2037 4459 2098 4509 p.
2129 4447 2223 4508 83,
2255 4447 2325 4496 13
2437 4449 2501 4498 19
2541 4444 2600 4497 in
2639 4444 2868 4498 cohorte

587 4526 701 4581 VB
736 4528 792 4579 in
832 4528 1059 4582 choorte
1096 4528 1152 4582 A
1297 4530 1652 4596 macerentur
1688 4529 1743 4583 A
