3178 5185
763 440 1021 494 RERVM
1068 441 1545 497 RVSTICARVM
1584 443 1718 497 LIB.
1760 445 1780 496 1
1823 442 2082 499 44--45
2451 435 2576 500 105

317 592 404 677 16,
430 593 514 656 34
554 595 693 671 favi
735 599 841 670 qui
884 599 1252 678 eximuntur,
1297 600 1510 672 siquae
1540 617 1696 674 pars
1734 601 1889 660 nihil
1925 601 2107 660 habet
2138 632 2236 680 —,
2260 602 2576 675 praesiea-

310 712 432 774 lur;
481 705 621 762 item
679 703 877 764 addito
935 703 1397 765 demonstrativo
1445 702 1612 786 131,
1642 702 1684 765 2
1742 710 1900 767 coles
1956 709 2063 781 qui
2107 710 2239 766 nati
2280 715 2446 781 sunt,
2503 710 2579 768 de

314 813 378 870 iis
421 813 527 885 qui
564 814 893 886 plurimum
939 816 1141 872 valent
1179 816 1443 890 primum
1491 831 1568 873 ae
1614 816 1944 873 secundum
1982 844 2054 856 —
2090 817 2453 888 relinquere.

473 917 666 988 Quod
699 920 1241 997 praegnationis
1282 919 1462 979 idem
1495 918 1608 979 bis
1636 919 1901 980 habere
1934 938 2069 980 nou
2101 919 2373 998 potest]
2406 921 2582 993 Quod

303 1029 755 1102 praegnationis
792 1030 949 1088 diem
990 1030 1147 1088 idem
1186 1029 1275 1088 bis
1311 1030 1540 1088 habere
1586 1046 1706 1089 non
1736 1035 1934 1106 potest
1967 1027 2192 1109 Merula
2230 1034 2290 1087 et
2335 1035 2577 1088 auctore

309 1132 628 1193 Pontedera
674 1152 729 1212 p.
774 1130 903 1195 160
951 1133 1378 1214 SchneideruS,
1434 1138 1599 1210 quod
1641 1139 2106 1212 praeanationis
2153 1138 2307 1196 diem
2352 1136 2581 1195 habere

310 1258 417 1300 non
459 1247 657 1326 potest
711 1239 982 1302 Ursinus,
1057 1259 1206 1321 quae
1264 1241 1348 1302 illi
1395 1240 1591 1302 verbis
1640 1240 2033 1322 Theophrasti
2080 1242 2151 1302 de
2201 1260 2357 1303 caus,
2400 1241 2579 1320 plant.

309 1345 328 1405 1
366 1344 550 1428 1451,
598 1365 749 1426 quae
796 1347 979 1409 Varro
1030 1351 1339 1430 expressit,
1386 1349 1791 1410 commendari
1838 1349 2179 1427 voluerunt,
2226 1342 2337 1409 διὰ
2380 1345 2578 1409 τοῦτο

309 1446 422 1534 γὰρ
469 1446 619 1516 οὐδ’
668 1447 786 1517 ἐάν
823 1475 923 1528 τις
969 1445 1182 1537 ἀφέλῃ
1218 1448 1351 1517 ,τὸν
1398 1447 1658 1536 καρπὸν
1697 1444 1737 1535 ἢ
1778 1446 2016 1534 ἄνθος,
2055 1448 2337 1516 δύναται
2375 1449 2578 1516 πάλιν

307 1557 482 1640 ἕτερα
528 1559 778 1641 γεννᾶν
827 1555 937 1624 διὰ
987 1555 1060 1624 τὸ
1111 1555 1198 1642 μὴ
1246 1554 1618 1642 λαμβάνειν
1663 1553 1782 1624 τὸν
1828 1560 1945 1642 τῆς
1978 1553 2276 1642 κυήσεως
2312 1555 2578 1642 χρόνον.

308 1688 656 1749 quamquam
706 1669 875 1730 facile
923 1680 1166 1749 apparet
1212 1678 1440 1746 tempus
1488 1672 1956 1746 praeanationis
2010 1669 2327 1730 dicendum
2383 1670 2585 1749 fuisse,

308 1796 418 1837 non
475 1780 648 1838 diem.
734 1775 837 1836 sed
886 1775 1265 1836 scribendum
1321 1777 1523 1854 potius
1571 1779 2066 1853 praeqnationes.
2151 1794 2285 1836 nam
2342 1775 2583 1855 pluralis

306 1902 584 1945 numerus
631 1892 879 1963 propter
926 1882 1268 1943 adverbium
1308 1885 1398 1943 bis
1436 1884 1668 1961 positus
1707 1892 1814 1943 est.
1882 1886 2348 1959 praeqnationis
2386 1892 2580 1944 autem

307 1993 633 2052 accusativo
664 2009 805 2051 casu
835 1990 1061 2051 dictum
1093 2007 1243 2070 esse,
1273 1989 1428 2069 quod
1462 1988 1765 2049 Gesnerus
1804 1989 2120 2068 adnotavit,
2160 1989 2322 2049 credi
2360 1991 2582 2068 nequit.

473 2104 623 2158 XLV
666 2095 698 2158 1
777 2096 1291 2176 Praeterquam
1337 2096 1499 2157 faba
1554 2115 1632 2156 ea
1679 2097 1866 2156 enim
1921 2097 2166 2156 serius
2212 2095 2582 2174 aliquanto

303 2204 539 2284 prodit
586 2223 797 2284 seges
844 2204 1171 2265 ostendit
1225 2206 1393 2265 item
1451 2203 1720 2264 milium
1778 2211 1846 2264 et
1902 2204 2159 2263 sesima
2218 2210 2287 2263 et
2342 2214 2581 2263 cetera

304 2312 640 2373 similiter
688 2313 940 2391 aequis
987 2312 1140 2372 fere
1187 2311 1480 2389 diebus]
1529 2313 1743 2372 Serius
1791 2314 2103 2386 aliquanto
2143 2313 2351 2387 prodit
2394 2328 2583 2385 sequ.

304 2422 558 2481 ostendit
603 2422 762 2479 idem
799 2422 1025 2479 milium
1064 2426 1123 2480 et
1156 2436 1391 2479 sesama
1420 2417 1742 2499 IucunduS,
1772 2416 1874 2478 ubi
1910 2435 2091 2492 quam
2131 2436 2301 2493 seqes
2340 2417 2580 2477 Schnei-

305 2527 477 2587 derus
536 2526 807 2585 coniecit.
883 2543 1087 2586 verum
1144 2524 1360 2585 vidisse
1425 2531 1569 2604 puto
1633 2523 1940 2608 Ursinum,
2005 2526 2108 2605 qui
2173 2523 2351 2584 verba
2413 2543 2585 2601 seqes

307 2638 563 2696 ostendit
598 2642 898 2712 tamquam
938 2632 1190 2712 glossam
1231 2651 1300 2693 ex
1337 2634 1599 2712 margine
1639 2632 1856 2693 illatam
1887 2631 2119 2693 delevit.
2194 2651 2387 2712 neque
2417 2633 2583 2712 quid-

307 2760 472 2819 quam
541 2740 697 2820 quod
766 2740 883 2801 huo
948 2741 1160 2800 referri
1225 2742 1414 2819 possit
1475 2738 1630 2819 apud
1687 2738 2161 2819 Theophrastum
2218 2738 2355 2800 hist.
2404 2739 2583 2818 plaut.

307 2847 422 2908 vlu
470 2846 525 2931 1,
555 2842 597 2909 5
644 2848 962 2928 invenitur,
1009 2840 1364 2925 βλαστάνει
1405 2840 1480 2907 δὲ
1526 2837 1601 2907 τὸ
1639 2838 1762 2926 μὲν
1798 2843 2072 2928 θᾶττον,
2108 2837 2181 2907 τὸ
2226 2839 2300 2906 δὲ
2338 2840 2585 2927 βραδύ-

305 2974 514 3035 τερον,
559 2948 670 3014 καὶ
715 2943 921 3033 κριθὴ
971 2945 1093 3032 μὲν
1139 2948 1251 3014 καὶ
1287 2945 1498 3031 πυρὸς
1545 2945 1868 3032 ἑβδομαῖοι
1917 2945 2226 3032 μάλιστα,
2282 2961 2592 3032 προτερεῖ

244 3076 245 3079 ’
307 3054 373 3122 δὲ
417 3052 457 3141 ἡ
510 3051 717 3142 κριθὴ
766 3058 1040 3141 μᾶλλον,
1076 3052 1155 3120 τὰ
1197 3052 1258 3119 δ’
1304 3051 1546 3140 ὄσπρια
1574 3065 1923 3138 τεταρταῖα
1962 3048 2003 3138 ἢ
2043 3066 2368 3139 πεμπταῖα
2405 3051 2581 3138 πλὴν

305 3161 600 3249 κυάμων,
647 3158 900 3248 κύαμος
947 3158 1021 3227 δὲ
1065 3159 1177 3227 καὶ
1222 3163 1359 3227 τῶν
1398 3163 1703 3227 σιτωδῶν
1743 3163 1886 3226 ἔνια
1930 3163 2249 3227 πλείοσιν.
2316 3160 2586 3247 ἐνιαχοῦ

308 3267 427 3354 γὰρ
473 3269 589 3336 καὶ
649 3270 1327 3354 πεντεκαιδεκαταῖος,
1383 3264 1491 3334 ὁτὲ
1541 3266 1615 3334 δὲ
1668 3266 1777 3334 καὶ
1844 3269 2226 3344 εἰκοσταῖος.
2300 3268 2588 3354 δυσφυε-

309 3395 543 3444 στατον
611 3373 739 3462 γὰρ
799 3378 997 3442 τοῦτο
1062 3372 1366 3455 πάντων,
1430 3370 1548 3441 ἐὰν
1618 3373 1691 3440 δὲ
1757 3371 1840 3459 δὴ
1895 3372 2005 3439 καὶ
2062 3374 2427 3458 σπαρέντος
2484 3374 2589 3441 ἐπὶ

309 3484 502 3552 πλέον
534 3480 724 3568 ὕδωρ
756 3482 1147 3568 ἐπιγένηται,
1172 3481 1283 3547 καὶ
1312 3483 1664 3559 παντελῶς.
1711 3487 1856 3546 haec
1885 3488 2040 3546 enim
2068 3485 2250 3546 Varro
2281 3490 2589 3566 expressit.

477 3596 517 3658 2
578 3595 938 3657 Venenum
980 3597 1163 3656 enim
1202 3594 1436 3673 gelum
1479 3593 1851 3654 radicibus
1891 3593 2186 3654 tenellis
2226 3593 2587 3656 subterra

312 3712 372 3763 et
423 3722 641 3783 supra
698 3702 1017 3780 uirgulta
1083 3721 1166 3777 ne
1223 3701 1466 3762 eodem
1534 3710 1855 3781 tempore
1925 3718 2149 3780 aeque
2209 3701 2586 3779 crescunt]

314 3810 645 3871 Radia-'ibus
692 3812 924 3870 tenellis
969 3810 1078 3869 sub
1118 3818 1290 3870 terra
1337 3817 1396 3870 et
1437 3827 1631 3886 supra
1678 3812 1975 3884 virqultis,
2032 3827 2189 3883 quae
2226 3828 2338 3870 nee
2385 3812 2590 3871 eodem

314 3924 569 3994 tempore
616 3934 809 3991 aeque
855 3923 1140 3977 crescunt
1175 3914 1476 3977 Iucundus
1525 3923 1586 3976 et
1624 3915 1836 3975 deinde
1886 3914 2108 3995 reliqui
2148 3915 2424 3997 editoreS‚
2472 3936 2588 3995 quo

317 4023 374 4081 in
418 4042 687 4083 errorem
733 4023 1013 4084 inductus
1061 4032 1151 4084 est
1187 4022 1511 4102 Madvigius
1557 4024 1619 4083 in
1660 4021 1776 4083 Cio.
1817 4022 1890 4082 de
1929 4024 2026 4083 fin.
2066 4041 2190 4083 exc.
2229 4022 2309 4083 111
2347 4043 2401 4102 p.
2442 4020 2590 4105 821,

317 4147 443 4190 cum
491 4130 640 4191 haec
687 4132 768 4190 ita
816 4129 1128 4190 scribenda
1176 4132 1495 4212 coniceret,
1541 4148 1831 4190 venenum
1860 4162 1943 4172 —
1974 4136 2033 4189 et
2067 4148 2258 4206 supra
2295 4133 2591 4206 virqultiS,

317 4255 418 4298 nec
462 4240 670 4299 eodem
716 4244 981 4314 tempore
1037 4255 1229 4312 aeque
1284 4244 1586 4298 crescunt.
1661 4234 2041 4297 scribendum
2098 4237 2296 4315 potius
2352 4246 2479 4297 erat
2534 4246 2594 4298 et

317 4360 493 4420 supra
540 4348 809 4420 virqulta
857 4361 974 4404 non
1022 4347 1227 4405 eodem
1274 4352 1537 4421 tempore
1584 4362 1777 4419 aeque
1813 4351 2114 4404 creseunt.
2190 4361 2324 4402 nam
2362 4362 2440 4404 ne
2480 4362 2589 4423 pro

325 4451 562 4530 simplici
620 4453 932 4530 negatione
990 4470 1020 4511 a
1081 4451 1341 4512 Varrone
1397 4460 1751 4531 usurpatum
1807 4469 1923 4511 non
1986 4459 2101 4531 est3
2166 4469 2279 4512 nec
2333 4450 2591 4512 Merulae

322 4559 647 4621 coniectura
695 4561 1001 4620 inventum
1049 4567 1192 4619 erat.
1528 4548 1535 4555 ’
