3178 5185
793 455 1054 509 RERVM
1092 455 1572 510 RVSTICARVM
1610 453 1746 509 LIB.
1787 451 1817 507 I
1858 453 1937 508 22
2427 447 2511 510 69

266 609 376 669 inde
417 628 443 668 a
487 611 756 688 principe
805 608 1064 669 editione
1113 608 1486 688 exemplaria.
1561 628 1720 685 quae
1765 612 1887 669 sint
1923 617 1982 669 et
2017 626 2141 684 qua
2178 627 2327 685 opus
2364 614 2511 671 mul-

270 718 485 777 titudine
528 716 761 797 scripsi,
809 716 864 776 h.
904 734 952 775 e.
1001 733 1152 794 quae
1202 725 1260 776 et
1308 734 1483 795 quam
1534 714 1715 777 multa
1763 715 2120 775 ferramenta
2167 734 2318 793 opus
2366 718 2514 777 sint:

272 841 377 882 nam
419 824 490 882 ita
534 833 738 901 postea
786 821 828 899 ξ
867 818 910 883 5
956 821 1028 882 de
1076 822 1454 883 ferramentis
1500 825 1562 883 in
1605 824 1826 882 vinario
1864 821 2046 882 fundo
2091 824 2379 901 scriptum
2420 831 2513 883 est

268 941 313 989 et
343 948 548 1005 qenere
594 937 653 990 et
697 932 1084 991 multitudine
1130 948 1252 1004 qua
1298 933 1436 992 sint.

406 1032 446 1095 4
505 1034 676 1096 Vasa
734 1034 1172 1113 torcularia]
1245 1036 1404 1097 Vasa
1461 1039 1703 1097 torcula
1753 1034 2029 1116 UrsinuS,
2091 1045 2159 1096 ut
2209 1044 2308 1097 est
2353 1037 2508 1117 apud

263 1140 499 1202 Catonem
551 1140 648 1221 11,
683 1139 739 1203 1.

414 1250 578 1322 Quod
631 1252 813 1309 annis
877 1252 936 1308 in
1005 1248 1330 1328 archetypo
1388 1250 1677 1328 scriptum
1735 1248 1849 1309 fuit
1907 1251 2232 1327 constanti
2267 1250 2328 1309 in
2393 1249 2508 1310 hoc

262 1354 503 1415 vocabulo
540 1374 674 1437 usu,
721 1355 747 1415 I
784 1351 891 1437 44,
919 1353 988 1437 23
1027 1352 1085 1416 3.
1133 1355 1185 1415 ΙΙ
1221 1353 1284 1438 4,
1318 1352 1416 1416 10.
1464 1351 1523 1438 5,
1556 1353 1656 1417 17.
1708 1353 1766 1437 7,
1798 1353 1897 1416 11.
1946 1354 2026 1415 111
2064 1350 2123 1435 5,
2156 1353 2211 1416 7.
2267 1354 2362 1438 16,
2396 1354 2509 1436 103

259 1458 350 1542 333
388 1464 520 1522 item
567 1465 821 1537 aliquod
861 1462 1233 1542 plerumque,
1279 1480 1415 1523 raro
1453 1466 1701 1537 aliquot,
1749 1471 1808 1522 et
1846 1466 2011 1538 quod
2055 1465 2290 1541 saepius
2329 1482 2505 1542 quam

259 1577 390 1649 quot,
433 1588 578 1649 quae
627 1570 824 1628 omnia
871 1568 944 1629 ab
993 1587 1104 1629 usu
1154 1570 1525 1648 antiquitatis
1569 1571 1811 1630 minime
1861 1569 2049 1630 aliena
2088 1588 2218 1630 esse
2258 1579 2505 1632 constat.

258 1675 341 1734 sed
383 1677 436 1735 in
480 1675 571 1736 his
620 1675 931 1736 commodo
978 1675 1303 1756 legentium
1358 1675 1472 1735 hoc
1521 1675 1684 1756 dedi,
1740 1682 1809 1736 ut
1863 1683 2007 1750 quot
2063 1685 2122 1737 et
2169 1681 2400 1753 aliquot
2446 1688 2507 1739 et

252 1786 537 1855 quotannis
608 1784 968 1864 reciperem,
1044 1779 1331 1843 librorum
1400 1783 1756 1862 scripturam
1825 1783 1888 1842 in
1956 1781 2332 1845 adnotatione
2407 1804 2504 1846 ex-

256 1887 503 1950 biberem.

405 1992 442 2055 6
503 1993 1074 2056 lustramentum
1123 2006 1191 2055 et
1246 1994 1779 2074 supellectilem
1829 1997 2172 2055 rusticam
2230 2015 2502 2058 omnem

248 2110 508 2178 oportet
550 2100 816 2162 habere
866 2104 1208 2181 scriptam
1258 2104 1327 2162 in
1377 2101 1550 2162 urbe
1600 2111 1668 2163 et
1715 2120 1884 2162 rure
1933 2102 2291 2163 dominum
2335 2103 2500 2164 uili-

246 2226 378 2267 cum
439 2217 683 2269 contra
751 2226 826 2268 ea
892 2211 1048 2268 ruri
1114 2212 1342 2269 omnia
1408 2219 1609 2269 certo
1677 2227 1803 2268 suo
1861 2226 2141 2287 quoque
2197 2208 2355 2269 loco
2420 2210 2501 2270 ad

247 2314 458 2375 uillam
504 2334 659 2376 esse
708 2315 979 2395 posita]
1045 2318 1321 2377 In.urbe
1368 2319 1672 2377 dominum
1719 2323 1778 2376 et
1823 2317 1966 2376 ruri
2007 2319 2273 2376 villicum
2319 2324 2501 2392 atque

244 2439 307 2481 ea
354 2426 539 2483 omnia
586 2431 758 2484 certo
803 2441 913 2484 suo
969 2441 1246 2498 quaeque
1292 2427 1423 2484 loco
1470 2426 1557 2483 ad
1608 2426 1809 2484 villam
1857 2424 2077 2483 debent
2121 2441 2250 2483 esse
2296 2427 2500 2499 posita

243 2527 530 2612 lucunduS,
580 2533 643 2590 in
690 2531 845 2591 urbe
889 2532 1210 2605 dominum,
1257 2532 1522 2590 villicum
1569 2536 1787 2590 contra
1834 2546 1908 2589 ea
1955 2532 2099 2590 ruri
2141 2533 2343 2591 omnia
2388 2549 2499 2595 suo

242 2655 484 2712 quaeque
528 2642 659 2699 loco
713 2641 916 2715 posita
966 2637 1247 2723 Ursinus·
1310 2646 1479 2698 certo
1534 2655 1644 2699 suo
1691 2654 1928 2713 quoque
1982 2641 2112 2699 loco
2168 2640 2255 2697 acl
2297 2642 2499 2699 villam

241 2748 469 2819 seposita
514 2744 927 2805 Lachmannus
976 2746 1036 2804 in
1084 2744 1322 2805 Lucret.
1360 2764 1415 2823 p.
1456 2741 1562 2805 95.
1639 2742 1834 2804 deleto
1892 2741 2071 2803 verbo
2128 2763 2281 2819 esse,
2339 2745 2496 2823 quod

242 2866 301 2908 ex
350 2854 620 2928 proximis
676 2854 738 2911 in
795 2850 955 2911 hunc
1011 2851 1208 2911 locum
1265 2850 1499 2912 videtur
1555 2849 1781 2911 illatum
1843 2868 2003 2928 esse,
2045 2852 2272 2929 scripsi
2328 2860 2497 2912 certo

222 2973 331 3017 csuo
362 2975 586 3034 quoque
622 2961 756 3018 loco
795 2961 881 3018 ad
914 2961 1115 3019 villam
1146 2961 1370 3034 posita.
1433 2975 1567 3017 nam
1609 2959 1871 3033 seposita
1909 2973 2102 3034 neque
2144 2966 2495 3036 usurpatum

238 3079 263 3119 a
288 3061 526 3126 Varrone
566 3065 802 3125 invenio
842 3082 1036 3143 neque
1076 3063 1148 3124 ad
1188 3065 1544 3123 sententiam
1583 3071 1786 3141 aptum
1826 3070 1934 3122 est.
2002 3062 2305 3123 domiuum
2336 3065 2493 3123 enim

241 3169 632 3248 supellectilem
692 3172 976 3231 rusticam
1033 3179 1093 3231 et
1147 3152 1206 3230 in
1266 3169 1412 3230 urbe
1462 3179 1521 3230 et
1565 3172 1695 3230 ruri
1752 3171 2030 3247 scriptam
2080 3167 2325 3251 habere,
2374 3169 2494 3230 vili-

241 3293 354 3335 cum
398 3287 599 3339 contra
647 3277 854 3338 eadem
904 3280 1096 3338 omnia
1147 3279 1275 3337 ruri
1320 3280 1381 3337 in
1430 3285 1594 3337 certo
1641 3277 1772 3336 loco
1820 3293 2004 3354 prope
2060 3273 2254 3335 villam
2302 3278 2494 3355 posita

239 3378 426 3444 habere
480 3393 734 3463 oportet.
810 3388 953 3445 ruri
1004 3392 1312 3463 praeterea
1361 3383 1542 3443 semel
1601 3385 1889 3461 scriptum
1947 3378 2055 3463 est,
2111 3380 2162 3440 11
2210 3383 2392 3460 praef.
2437 3381 2492 3464 1,

239 3505 366 3550 rure
407 3494 653 3574 saepiuS,
702 3490 724 3550 1
766 3489 869 3571 37,
901 3490 957 3553 3.
1007 3489 1084 3559 111
1124 3489 1183 3571 3,
1213 3486 1271 3551 5.
1320 3488 1379 3572 4,
1409 3488 1468 3551 2.
1520 3488 1584 3572 7,
1619 3488 1719 3551 11.
1767 3485 1834 3570 9,
1868 3486 1927 3548 2.
2003 3496 2208 3548 contra
2246 3508 2495 3567 vespere

239 3590 327 3676 bis,
367 3595 413 3655 11
450 3596 508 3676 7,
539 3595 577 3658 8
630 3605 690 3657 et
736 3596 816 3656 ΙΙΙ
855 3594 914 3677 9,
948 3594 1029 3658 10
1076 3615 1252 3658 mane
1298 3604 1359 3657 et
1403 3615 1668 3673 vespere,
1718 3596 1956 3673 saepius
2003 3599 2256 3671 vesperi.

389 3703 656 3775 Quibus
722 3706 809 3777 in?
860 3704 1218 3764 uindemia
1277 3712 1581 3764 utuntur
1637 3710 1707 3763 et
1763 3699 2207 3762 corbubulae
2266 3712 2335 3761 et
2389 3704 2492 3761 sic

239 3804 382 3885 alia]
433 3813 814 3873 Corbubulae
859 3812 920 3869 in
967 3810 1286 3889 archetypo
1336 3812 1623 3889 scriptum
1674 3810 1857 3870 fuisse
1906 3807 2151 3867 credere
2200 3805 2487 3867 debemus

241 3917 538 3978 testimonio
599 3916 848 3991 Victorii
904 3918 964 3976 in
1022 3917 1142 3976 Cat.
1196 3914 1305 3997 11,
1342 3912 1411 3998 5,
1480 3933 1837 3995 quamquam
1893 3917 2183 3976 corbulae
2237 3913 2489 4001 plurima

240 4024 532 4104 apographa
588 4021 827 4083 habent.
909 4030 977 4083 ut
1032 4025 1322 4084 corbulae
1387 4040 1459 4083 ex
1514 4024 1784 4101 principe
1852 4021 2110 4082 editione
2175 4028 2484 4098 receptum

242 4135 360 4187 erat.
424 4131 618 4209 potius
677 4128 870 4189 deleto
927 4136 1008 4209 et,
1067 4127 1224 4206 quod
1283 4131 1343 4189 in
1402 4128 1706 4189 codicibus
1755 4136 1871 4210 est,
1929 4126 2311 4188 scribendum
2361 4137 2488 4188 erat

242 4236 421 4302 quibus
465 4241 525 4297 in
571 4238 877 4296 vindemia
923 4242 1182 4296 utuntur
1228 4238 1535 4298 corbulae.
1612 4253 1747 4295 nam
1805 4232 2183 4295 corbularum
2234 4251 2378 4293 usus
2425 4237 2485 4294 iu

243 4337 492 4402 vindemia
538 4342 678 4423 fuit,
725 4340 750 4399 Ι
795 4338 873 4401 15
918 4344 1147 4416 aliquot
1193 4344 1480 4403 corbulas
1516 4358 1791 4402 uvarum.
1866 4339 2081 4399 deinde
2119 4347 2178 4399 et
2212 4343 2303 4400 sic
2343 4344 2486 4416 alia,

244 4440 330 4502 ubi
361 4447 486 4508 olim
520 4450 661 4510 item
702 4456 761 4509 et
797 4448 1004 4527 delevi,
1036 4451 1312 4526 quoniam
1343 4449 1399 4508 id
1439 4451 1501 4509 in
1550 4449 1660 4508 hac
1691 4447 1940 4507 formula
1980 4445 2115 4505 addi
2152 4464 2269 4505 non
2315 4445 2484 4529 solet,

245 4562 341 4610 non
388 4555 546 4634 plane
608 4554 943 4616 inauditum
1007 4564 1123 4636 est,
1188 4554 1266 4614 111
1314 4554 1419 4635 14,
1455 4553 1499 4616 4
1554 4564 1613 4617 et
1665 4558 1756 4615 sic
1814 4557 1877 4615 in
1923 4557 2063 4615 aliis
2111 4557 2487 4633 reqionibuS,
