3178 5185
705 392 963 449 RERVM
1003 392 1476 448 RVSTICARVM
1516 393 1650 447 LIB.
1690 393 1767 447 III
1812 387 2050 448 14-15
2413 391 2540 454 303

296 565 427 623 utin
461 581 549 622 eas
585 576 776 622 LXXX
815 560 1173 639 quadrantes
1212 562 1363 621 coici
1402 562 1651 640 possint,
1701 568 1759 620 et
1798 563 1884 620 sic
1925 562 1986 619 in
2026 558 2156 620 aliis
2196 558 2540 638 regionibus

292 671 487 730 eaedem
548 673 700 730 inter
767 687 829 728 se
895 669 1158 729 conlatae
1227 670 1485 729 minores
1551 688 1618 728 ac
1686 671 1952 728 maiores
2056 667 2164 727 hae
2221 669 2283 726 in
2342 666 2590 726 fetura5

291 779 487 856 pariunt
530 775 999 837 innumerabilia.
1066 794 1268 835 earum
1310 793 1513 835 semen
1561 777 1858 836 minutum
1906 794 1972 835 ac
2021 783 2172 835 testa
2213 772 2374 833 molli
2413 773 2540 833 diu·

293 887 532 945 turnitate
574 883 935 943 obdurescit.
1004 884 1232 960 magnis
1270 881 1482 942 insulis
1521 884 1582 941 in
1621 883 1776 942 areis
1816 883 1987 942 factis
2026 900 2302 959 magnum
2341 879 2541 939 bolum

251 992 522 1051 ⁵defcruut
579 989 802 1066 [aeris].
893 990 1001 1049 has
1060 978 1297 1068 quoque
1357 991 1627 1067 saginare
1677 988 1866 1049 solent
1914 991 1993 1049 ita
2007 1035 2024 1070 ‚
2071 997 2139 1048 ut
2185 987 2356 1047 ollam
2405 1005 2540 1047 cum

292 1097 631 1157 foraminibus
675 1099 1013 1157 incrustent
1050 1114 1189 1174 sapa
1230 1103 1289 1155 et
1327 1096 1490 1176 farri,
1538 1095 1642 1156 ubi
1678 1104 2017 1176 pascantur,
2065 1114 2215 1175 quae
2255 1094 2540 1154 foramina

290 1203 484 1277 habeat,
529 1212 593 1263 ut
639 1205 868 1264 intrare
917 1221 1017 1263 aer
1064 1205 1270 1282 possit.
1362 1205 1530 1262 vivax
1578 1205 1736 1263 enim
1782 1203 1928 1263 haec
1977 1210 2186 1263 natura

433 1311 735 1371 Glirarium
795 1318 993 1370 autem
1049 1308 1320 1370 dissimili
1376 1312 1605 1370 ratione
1652 1309 1932 1391 habetur,
1990 1309 2145 1388 quod
2205 1327 2321 1368 non
2371 1327 2538 1388 aqua,
2567 1305 2667 1365 XV

289 1417 370 1476 scd
418 1419 656 1478 maceria
715 1417 882 1476 locus
940 1418 1232 1494 saepitur:
1290 1424 1411 1475 tota
1470 1415 1585 1476 levi
1644 1415 1838 1494 lapide
1885 1424 1987 1476 aut
2033 1398 2285 1476 tectorio
2333 1417 2543 1475 intrin-

230 1535 269 1572 1⁰
291 1541 432 1584 secus
473 1526 854 1603 incrustatur,
903 1542 977 1583 ne
1017 1542 1087 1583 ex
1127 1542 1195 1583 ea
1234 1542 1481 1601 erepere
1517 1525 1728 1603 possit.
1818 1525 1880 1582 in
1920 1542 1989 1582 eo
2028 1523 2373 1583 arbusculas
2413 1541 2543 1583 esse

231 1686 237 1697 .
287 1638 510 1710 oportet,
569 1649 718 1709 quae
778 1631 978 1690 ferunt
1034 1629 1322 1707 glandem.
1429 1647 1578 1708 quae
1640 1647 1776 1689 cum
1832 1629 2093 1690 fructum
2150 1648 2270 1689 non
2327 1631 2543 1709 ferunt,

286 1739 412 1796 intra
446 1739 757 1797 maceriem
805 1738 998 1797 iacere
1047 1744 1283 1815 oportet
1321 1735 1592 1814 glandem
1641 1743 1701 1795 et
1748 1744 2099 1816 castaneam,
2152 1736 2309 1796 unde
2358 1739 2544 1797 saturi

284 1844 414 1903 fiant.
497 1845 686 1905 facere
735 1846 810 1904 iis
853 1862 1027 1904 cavos
1065 1851 1303 1921 oportet
1339 1842 1610 1923 laxioreS,
1659 1842 1762 1903 ubi
1800 1843 1992 1922 pullos
2030 1862 2240 1928 par-ere
2279 1845 2533 1921 possint:
2557 1846 2592 1901 2

285 1968 460 2028 aquam
506 1970 636 2011 esse
685 1958 947 2032 tenuem,
993 1949 1149 2029 quod
1202 1968 1266 2009 ea
1317 1968 1434 2009 non
1484 1958 1735 2010 utuntur
1784 1950 2035 2010 multum
2084 1958 2144 2010 et
2190 1950 2420 2010 aridum
2461 1950 2544 2009 lo-

226 2063 265 2103 15
285 2074 398 2116 cum
456 2067 762 2136 quaerunt.
865 2058 975 2117 hae
1041 2058 1387 2134 saginantur
1442 2059 1503 2116 in
1562 2056 1764 2135 doliis,
1832 2075 1981 2135 quae
2040 2058 2217 2116 etiam
2272 2059 2333 2116 in
2390 2057 2543 2117 villis

285 2161 471 2223 habent
518 2163 706 2245 multi,
757 2183 908 2243 quae
954 2163 1121 2242 figuli
1168 2163 1395 2223 faciunt
1440 2163 1628 2223 multo
1677 2162 1849 2223 aliter
1896 2170 2072 2240 atque
2111 2163 2239 2244 alia,
2286 2164 2441 2242 quod
2481 2165 2543 2223 in

283 2267 531 2330 lateribus
577 2289 786 2331 eorum
836 2272 1075 2331 semitas
1123 2270 1351 2330 faciunt
1397 2278 1456 2330 et
1503 2289 1729 2351 cavum,
1778 2269 1880 2329 ubi
1919 2269 2119 2331 cibum
2159 2273 2543 2331 constituant.

283 2376 331 2434 in
371 2376 469 2436 boc
506 2376 726 2437 dolium
767 2376 990 2437 addunt
1029 2376 1303 2454 glandem
1342 2383 1444 2435 aut
1485 2394 1668 2436 nuces
1708 2375 2014 2455 iuglandes
2054 2383 2155 2436 aut
2193 2385 2542 2437 castaneam.

285 2483 467 2560 quibus
503 2487 563 2544 in
600 2484 886 2563 tenebriS‚
926 2483 1277 2544 cumularim
1318 2485 1577 2563 positum
1618 2490 1709 2543 est
1747 2484 1807 2542 in
1849 2481 2052 2564 doleiS,
2092 2483 2239 2544 fiunt
2275 2485 2545 2563 pingues,

283 2745 613 2801 solitannelta
648 2746 714 2799 ut
752 2746 813 2799 in
850 2761 943 2799 eas
972 2746 1028 2799 Β
1067 2744 1380 2800 solitannae
1417 2743 1500 2797 ita
1536 2746 1601 2797 ut
1638 2760 1731 2797 eas
1760 2744 1817 2797 P
1848 2743 2122 2800 solitanae
2155 2745 2235 2799 ita
2263 2749 2327 2799 ut
2354 2763 2543 2799 earum

285 2833 455 2888 calices
482 2852 511 2889 v
658 2835 768 2887 ‘Ita
800 2835 864 2886 ut
890 2830 950 2886 in
980 2850 1074 2888 eas
1104 2831 1322 2887 LXXX.
1353 2835 1462 2888 etc.
1517 2832 1616 2886 Ita
1643 2835 1817 2887 Iocum
1844 2836 2062 2888 restitui
2087 2851 2185 2903 ope
2211 2839 2545 2889 uetustorum

285 2924 522 2993 codicum,
577 2941 644 2978 ex
691 2923 914 2991 ingenio
961 2927 1165 2990 tamem,
1220 2923 1365 2991 quod
1411 2922 1718 2976 desiderari
1759 2924 2079 2989 uidebatur,
2128 2924 2339 2976 addidi.
2428 2924 2545 2993 Quo

285 3016 434 3065 autem
467 3013 714 3078 studiosi,
752 3015 890 3065 recte
925 3028 993 3065 ne
1029 3012 1131 3065 hac
1169 3012 1414 3065 libertate
1451 3028 1584 3065 usus
1620 3012 1740 3078 sim,
1778 3012 2027 3067 iudicare
2051 3012 2280 3080 possint,
2317 3018 2545 3066 ueterem

285 3099 526 3155 lectionem
561 3103 840 3170 adponam
870 3122 882 3153 z
912 3098 999 3153 Ita
1035 3101 1099 3153 ut
1141 3116 1235 3153 eas
1273 3098 1488 3153 LXXX.
1528 3100 1865 3168 quadrantes
1904 3100 2045 3154 coici
2081 3101 2319 3169 possint’
2368 3100 2542 3155 Victo·
2607 3158 2611 3163 ,

282 3188 382 3241 rius
515 3197 541 3243 1
591 3188 793 3243 LXXX
839 3189 1180 3256 quadrantes
1220 3187 1363 3243 coici
1398 3189 1620 3257 possint
1660 3189 1841 3242 PAB
1881 3189 2219 3256 quadrantes
2258 3189 2547 3260 octoginta

284 3291 452 3345 capere
487 3279 703 3347 possint
739 3295 772 3333 v
917 3284 948 3331 2
989 3278 1220 3331 eaedem
1261 3278 1552 3332 Iracundus
1591 3276 1801 3331 eisdem
1846 3278 2022 3332 VAB
2165 3278 2407 3334 collatae
2445 3279 2547 3331 mi-

283 3379 418 3419 nores
457 3366 569 3420 ΡΒ
608 3367 871 3421 conlacta
907 3366 1181 3420 eminores
1210 3367 1264 3419 A
1303 3366 1510 3420 collata
1546 3368 1604 3419 et
1641 3367 1883 3421 minores
1921 3384 1953 3420 v
2097 3367 2319 3421 foetura
2353 3367 2407 3419 V
2512 3375 2543 3421 3

283 3451 442 3506 mollis
469 3455 520 3508 A
665 3458 698 3507 5
738 3454 996 3507 deferunt
1032 3454 1175 3509 aeris
1205 3455 1321 3509 ΡΒ
1360 3454 1620 3509 deferunt
1657 3455 1801 3510 acris
1831 3456 1886 3508 A
1925 3456 2180 3510 deferunt
2216 3474 2246 3510 v
2393 3459 2542 3527 cum]

285 3554 369 3593 con
401 3544 450 3596 A
583 3551 615 3599 6
653 3546 712 3598 et
745 3541 886 3595 farri
923 3542 1035 3596 PA
1074 3558 1139 3597 ac
1176 3542 1314 3597 farri
1348 3545 1404 3597 Β
1442 3547 1500 3598 et
1537 3544 1684 3599 farre
1722 3562 1753 3598 v
1880 3547 2181 3613 pascantur
2217 3561 2358 3614 quae
2396 3545 2543 3600 fora·

283 3629 410 3685 mina
441 3651 471 3686 v
505 3634 809 3701 pascuntur
846 3648 958 3699 qua
993 3631 1269 3686 foramina
1306 3632 1482 3687 PAB

403 3725 431 3773 9
468 3721 676 3791 sepitur
712 3720 767 3775 V
909 3727 973 3774 10
1009 3739 1079 3776 ne
1118 3738 1184 3776 ex
1223 3738 1289 3775 ea
1317 3723 1476 3776 ABv
1515 3739 1617 3776 nec
1646 3739 1715 3776 ex
1743 3740 1809 3777 ea
1836 3724 1893 3778 P
2028 3723 2249 3792 possint
2276 3724 2546 3778 Gesnerus

409 3813 466 3861 12
504 3812 695 3865 satura
732 3826 872 3864 corr.
910 3841 981 3849 ——
1017 3808 1066 3864 ri
1103 3810 1158 3862 A
1306 3817 1369 3863 13
1408 3810 1477 3863 iis
1514 3811 1637 3864 AB
1672 3810 1759 3864 his
1802 3812 1854 3865 V
1994 3829 2163 3867 canos
2198 3830 2229 3866 v
2269 3812 2462 3881 clauos
2490 3812 2545 3865 A

287 3891 446 3951 clauos
483 3899 595 3954 ΡΒ
644 3915 847 3954 caueas
883 3916 935 3953 m·
1082 3904 1148 3952 14
1193 3915 1396 3967 aquam
1445 3916 1563 3954 esse
1602 3902 1825 3955 tenuem
1862 3900 1983 3953 AB
2030 3901 2305 3955 Victorius
2341 3918 2543 3969 aquam

287 3995 386 4037 esse
433 3987 500 4040 iis
551 3990 780 4043 tenuem
839 3987 896 4040 P
946 4004 1149 4055 aquam
1207 3989 1432 4056 oportet
1487 4005 1607 4043 esse
1662 3992 1887 4043 tenuem
1943 4008 1974 4043 υ
2158 3995 2223 4043 15
2285 3990 2345 4043 hi
2401 3990 2545 4059 sagi-

289 4076 460 4127 nantur
495 4078 789 4132 Iucundus
955 4081 1019 4129 16
1065 4075 1274 4130 fatiunt
1308 4078 1363 4130 A
1515 4078 1683 4146 atque
1718 4079 1814 4132 Βυ
1831 4100 1836 4106 ·
1853 4080 2034 4147 adque
2073 4078 2184 4131 PA
2344 4086 2406 4133 19
2457 4096 2543 4133 cu-

288 4162 515 4218 mulatim
559 4165 807 4236 positum
857 4168 942 4219 est
979 4165 1161 4218 PAB
1209 4164 1522 4220 cliuulatim
1570 4165 1642 4221 al'
1689 4167 1886 4235 ylatim
1924 4168 2169 4236 positum
2207 4169 2293 4221 est
2327 4185 2381 4221 m
2418 4184 2545 4222 cum

290 4251 583 4307 cumulatim
628 4253 875 4324 positum
924 4255 1009 4307 est
1051 4270 1100 4308 v.
1180 4254 1455 4324 ‘Antiqua
1501 4257 1654 4311 lectio
1701 4258 2033 4325 deprauata,
2079 4273 2241 4324 quam
2282 4257 2545 4325 corriyere

289 4342 483 4406 κεραῖαι·
510 4385 523 4398 .
551 4349 612 4397 ut
650 4344 756 4397 alii
782 4344 846 4396 in
872 4343 970 4396 hoc
998 4342 1261 4414 laborent,
1297 4361 1414 4398 eam
1441 4346 1692 4399 omnibus
1710 4361 2038 4414 proponam,
2076 4350 2125 4398 et
2151 4346 2299 4400 uitia
2324 4347 2545 4413 peruul-

291 4431 426 4491 9atae
467 4434 759 4487 ostendam.
838 4430 1088 4500 Optimus
1096 4472 1114 4498 ,
1163 4448 1228 4485 ac
1272 4434 1672 4489 uetustissimus
1708 4436 1874 4489 codex
1883 4474 1902 4501 ,
1952 4432 2164 4497 Quibus
2202 4433 2261 4487 in
2298 4434 2543 4488 tenebris

293 4517 584 4573 cumulatim
630 4520 881 4591 positum
928 4523 1014 4575 est
1049 4520 1110 4573 in
1145 4520 1337 4577 doleis,
1417 4523 1641 4578 Mediae
1676 4522 1964 4578 uetustatis
2002 4522 2166 4590 liber,
2210 4524 2307 4593 qui
2341 4540 2546 4592 semper

380 4613 497 4658 Ouo
524 4630 585 4659 m:
613 4630 734 4661 Aem
763 4628 804 4660 o.
2050 4617 2119 4665 20
