3178 5185
559 417 689 483 268
1197 488 1204 505 .
1244 426 1626 483 COMMENT.
1663 428 1743 483 IN
1780 426 2155 483 VARRONIS

563 581 728 664 haec,
774 585 995 645 similes
1044 583 1218 660 facie
1263 591 1323 645 et
1362 583 1533 660 facie
1588 586 2118 667 incontaminatae,
2166 585 2227 644 in
2276 601 2453 645 unam
2500 583 2850 644 sententiam

567 688 837 770 copulata
885 698 1069 752 erant.

744 796 821 859 17
889 798 1152 860 Contra
1216 808 1491 861 montes
1553 798 1876 879 liguscos
1943 801 2383 862 intiminium
2451 798 2685 860 album
2749 800 2851 858 in-

559 903 898 984 gaunum]
971 908 1324 967 Intimilium
1388 907 1790 980 Mommsenus
1856 906 2011 968 CIL
2077 905 2275 969 v.v2
2320 927 2376 987 p.
2415 904 2563 969 900.
2638 908 2854 968 Album

561 1014 907 1088 Inqaunum
955 1013 1220 1075 defendit
1274 1014 1431 1075 idem
1477 1033 1533 1094 p.
1573 1011 1724 1077 894.
1815 1016 2049 1076 nomina
2111 1021 2310 1075 autem
2371 1014 2626 1074 duorum
2689 1015 2852 1092 oppi-

560 1121 772 1194 dorum
812 1121 883 1182 ad
923 1123 1104 1185 situm
1145 1122 1371 1183 insulae
1403 1124 1739 1183 accuratius
1770 1122 2169 1183 definiendum
2199 1121 2399 1183 addita.
2435 1128 2591 1183 sunt.
2648 1129 2853 1200 postea

561 1228 857 1308 adscripta
904 1237 965 1290 et
1014 1229 1204 1290 alieno
1251 1229 1382 1291 loco
1431 1232 1654 1291 inserta
1693 1248 1824 1291 esse
1865 1232 2101 1291 nomina
2147 1229 2393 1310 putabat
2432 1228 2852 1291 SchneideruS.

737 1335 877 1397 Alii
949 1336 1029 1397 ab
1102 1336 1213 1398 his
1287 1337 1649 1399 uillaticis
1723 1339 2039 1403 inuectis
2105 1356 2137 1398 a
2202 1339 2444 1399 nautis
2507 1336 2609 1398 ibi
2677 1337 2854 1396 feris

562 1443 775 1504 factis
848 1444 1297 1523 procreatis]
1376 1448 1751 1507 Procreatas
1825 1449 2028 1507 volunt
2090 1445 2132 1507 I.
2182 1444 2244 1506 F.
2293 1444 2626 1525 Gronovius
2697 1443 2852 1524 apud

565 1550 1013 1616 Schneiderum.
1105 1552 1201 1614 alii
1250 1571 1282 1613 a
1329 1551 1600 1614 villaticis
1647 1551 1906 1634 gallinis,
1955 1571 2106 1632 quae
2152 1571 2184 1611 a
2248 1553 2445 1627 nautis
2491 1552 2553 1611 in
2598 1550 2850 1611 insulam

559 1659 825 1718 invectae
873 1659 1076 1739 ibique
1125 1660 1283 1720 ferae
1332 1660 1517 1720 factae
1567 1666 1627 1720 et
1673 1667 2018 1739 procreatae
2067 1666 2293 1741 essent,
2339 1656 2595 1719 insulam
2654 1658 2851 1738 appel-

562 1763 736 1824 latam
787 1784 918 1827 esse
966 1767 1187 1828 dicunt.
2029 1835 2032 1838 ,

744 1870 822 1935 18
895 1875 1221 1936 Gibberiae
1280 1876 1341 1935 in
1399 1875 1720 1955 archetypo
1783 1875 1921 1957 fuit,
1976 1878 2272 1953 qibberae
2317 1874 2640 1936 IucunduS.
2702 1874 2849 1936 Plin.

561 1978 612 2038 X
654 1976 737 2041 74
783 1984 967 2042 simili
1010 1984 1183 2044 modo
1221 1990 1507 2060 puynant
1550 1985 1952 2059 meleaqrides
2001 1985 2063 2044 in
2109 1984 2387 2044 Boeotia:
2437 1981 2696 2058 Africae
2738 1983 2853 2042 hoc

562 2095 650 2148 est
710 2092 1085 2164 qallinarum
1144 2107 1340 2165 qenus
1399 2092 1723 2166 ⁸qibberum
1788 2093 1979 2151 variis
2046 2107 2327 2166 sparsum
2382 2092 2633 2167 plumis:
2699 2106 2856 2163 quae

560 2197 923 2256 novissimae
966 2202 1107 2256 sunt
1136 2191 1615 2273 pereqrinarum
1663 2200 1864 2257 avium
1909 2200 1972 2257 in
2009 2214 2246 2257 mensas
2283 2203 2570 2274 receptae
2598 2202 2855 2274 propter

565 2305 875 2379 inqratum
921 2306 1107 2364 virus,
1198 2321 1406 2364 verum
1455 2305 1763 2381 Meleaqri
1807 2308 2069 2365 tumulus
2115 2305 2341 2365 nobiles
2387 2322 2493 2364 eas
2531 2302 2704 2380 fecit.

737 2409 923 2470 Haec
988 2411 1432 2473 nouissimae
1498 2414 1567 2473 in
1635 2412 2042 2473 triclinium
2106 2413 2483 2491 genanium
2546 2412 2855 2471 introie-

566 2515 761 2596 runt]
817 2519 1190 2581 Ganearium
1238 2520 1392 2580 edita
1440 2520 1578 2581 iude
1627 2520 1698 2581 ab
1746 2519 1952 2581 Aldina
2000 2520 2257 2581 editione
2316 2517 2700 2602 exemplaria,
2748 2521 2852 2578 tri·
2960 2580 2965 2589 ,

559 2630 806 2688 clinium
857 2646 1087 2689 coenae
1150 2632 1350 2689 avium
1397 2627 1714 2689 Turnebus
1772 2628 1996 2689 adverS.
2041 2624 2139 2710 19,
2176 2625 2290 2709 28,
2340 2621 2677 2703 qenianum‘
2723 2627 2854 2687 Sca·

558 2732 725 2817 liger,
764 2738 1250 2812 alieniqenarum
1297 2735 1628 2797 Pontedera
1665 2756 1721 2816 p.
1751 2732 1899 2797 453.
1970 2738 2311 2812 qanearius
2348 2753 2379 2795 a
2417 2751 2600 2813 ganea
2639 2734 2855 2815 legitur

563 2843 625 2902 in
655 2842 868 2922 glossis
897 2843 1336 2922 graeco-latinis
1375 2864 1427 2904 v.
1458 2843 1509 2903 11
1539 2864 1595 2924 p.
1625 2840 1774 2925 249,
1806 2840 1914 2906 302
1929 2834 2188 2915 ἄσωτος
2218 2846 2555 2919 qanearius
2594 2847 2857 2904 lascivus

560 2954 930 3011 luxuriosus,
1024 2949 1126 3011 sed
1178 2951 1369 3031 n‘eque
1417 2951 1762 3032 ganearium
1811 2949 2132 3011 triclinium
2194 2950 2266 3010 de
2314 2951 2477 3011 cenis
2523 2950 2854 3011 luxurioso·

562 3076 697 3118 rum
756 3058 1063 3119 hominum
1125 3059 1243 3120 dici
1302 3065 1562 3139 poterat,
1612 3076 1804 3137 neque
1868 3057 1940 3118 de
2000 3058 2233 3119 luxuria
2292 3057 2437 3117 haec
2498 3076 2532 3117 a
2589 3057 2850 3117 Varrone

568 3167 788 3244 scripta
854 3172 1020 3247 sunt,
1088 3165 1190 3227 sed
1256 3165 1328 3227 de
1403 3184 1516 3226 usu
1583 3184 1881 3226 cenarum.
1976 3184 2159 3245 quare
2235 3166 2450 3245 scripsi
2523 3168 2855 3227 triclinium

565 3276 929 3335 cenantium.

743 3377 823 3442 19
910 3381 1140 3452 Motus
1214 3399 1457 3442 earum
1539 3388 1608 3441 et
1681 3379 1799 3441 lux
1871 3378 2413 3460 pinguitudinis
2490 3380 2850 3459 uindicta]

561 3488 795 3549 Earum
843 3489 1038 3549 omnia
1086 3488 1448 3570 apographa,
1495 3506 1704 3550 eorum
1752 3488 1930 3549 editio
1992 3490 2271 3569 princeps
2317 3506 2348 3548 a
2397 3486 2690 3549 Politiano
2739 3507 2853 3549 non

559 3602 848 3655 correcta.
933 3598 1359 3672 pinguitudini
1423 3597 1673 3656 inimica
1739 3595 1894 3656 edita
1958 3594 2095 3655 inde
2160 3614 2192 3655 a
2256 3596 2526 3676 principe
2593 3593 2850 3657 editione

564 3702 935 3782 exemplaria.
1016 3702 1321 3783 archetypi
1368 3702 1686 3764 lectionem
1723 3722 1755 3764 a
1794 3702 2053 3764 Victorio
2101 3702 2417 3763 indicatam
2456 3700 2854 3765 defenderunt

560 3809 877 3870 Turnebus
934 3809 1159 3882 advers.
1204 3809 1302 3893 19,
1341 3808 1424 3873 28
1493 3819 1552 3872 et
1611 3809 1895 3891 Scaliger,
1956 3812 2056 3891 qui
2117 3811 2433 3872 vindictam
2494 3802 2853 3894 ἀφαίρεσιν

560 3920 1003 3998 interpretatur.
1080 3919 1278 3979 iocose
1318 3927 1515 3980 motus
1562 3926 1624 3980 et
1671 3917 1771 3979 lux
1819 3920 1988 3999 quasi
2033 3918 2290 3979 vindicta
2338 3919 2597 3980 existere
2638 3920 2852 3980 dicitur

559 4024 807 4108 galliuiS,
847 4045 962 4105 qua
999 4026 1131 4087 illae
1179 4045 1210 4087 a
1258 4026 1674 4107 pinguitudine
1713 4026 2088 4088 vindicantur
2127 4034 2186 4087 et
2224 4027 2284 4087 in
2330 4025 2585 4086 liberum
2636 4034 2849 4088 statum

563 4135 983 4196 restituuntur.
1504 4139 1509 4144 '
1984 4129 1989 4133 ’

744 4242 972 4303 Thetim
1020 4245 1221 4304 thelim
1269 4245 1554 4306 dicebant
1600 4242 1854 4322 plurima
1892 4240 2241 4322 apographa.
2286 4242 2514 4330 ¹miuus
2562 4251 2851 4321 accurate,

560 4357 627 4410 ut
678 4333 935 4432 videtur,
985 4349 1338 4432 PolitianuS,
1386 4369 1522 4411 cum
1582 4352 1644 4410 in
1691 4352 1959 4430 principe
2009 4350 2266 4411 editione
2322 4350 2513 4410 thetin
2570 4353 2853 4411 dicebant

560 4474 908 4535 expressum
956 4464 1131 4538 esset,
1180 4460 1364 4519 thetin
1413 4457 1653 4534 addidit.
1730 4460 1917 4518 thetin
1965 4459 2169 4519 thelim
2217 4475 2288 4516 ex
2336 4455 2545 4516 Aldina
2595 4456 2849 4519 editione

558 4562 873 4622 Victorius.
966 4563 1346 4624 scribendum
1406 4566 1605 4645 potius
1663 4572 1788 4625 erat
1845 4565 2052 4626 Thetin
2107 4565 2317 4626 Telim:
2364 4562 2528 4625 Varr.
2588 4565 2660 4625 de
2716 4564 2851 4643 ling.
