3178 5185
821 391 1082 445 RERVM
1119 390 1601 446 RVSTICARVM
1635 393 1771 447 LIB.
1810 395 1834 446 Ι
1876 392 1955 448 13
2446 385 2533 448 47

279 547 438 607 omni
480 548 551 607 in
598 545 900 607 cohorte
947 556 1024 608 ut
1070 549 1246 608 satis
1306 565 1551 626 magna
1608 549 1755 607 sint
1811 554 2004 607 tecta
2062 545 2323 625 quibus
2380 567 2534 610 cae-

276 654 394 715 lum
441 654 763 734 pluuium
819 656 1185 715 inimicum
1240 654 1412 715 haec
1469 656 1656 714 enim
1712 656 1772 714 si
1826 647 2402 716 i'ntra‘clausum
2463 659 2534 716 in

278 769 593 841 consepto
642 767 714 822 et
763 760 893 822 sub
941 761 1055 821 dio
1096 760 1324 821 furem
1374 761 1573 821 modo
1622 780 1758 821 non
1808 768 2136 822 metuunt
2181 762 2534 824 aduersus

276 875 753 948 tempestatem
800 876 1178 928 nocentem
1227 886 1362 928 non
1409 865 1803 944 resistunt]
1853 869 2080 940 Quibus
2126 874 2360 931 eaelum
2397 875 2535 948 plu-

218 1057 219 1060 *
279 979 413 1036 vium
450 979 756 1037 inimicum
795 984 931 1055 post
968 978 1366 1036 instrumento
1405 978 1568 1036 omni
1604 976 1971 1060 transposuit
2008 975 2329 1060 IucunduS‚
2359 996 2533 1057 quem
2630 1004 2633 1007 ⁴

273 1082 461 1161 reliqui
524 1082 786 1144 editores
851 1085 1042 1143 secuti
1112 1089 1268 1144 suut.
1360 1082 1531 1162 plura
1599 1083 1775 1142 etiam
1843 1081 2243 1144 Schneiderus
2310 1091 2533 1146 temere

274 1192 502 1270 novavit,
560 1192 664 1270 qui
726 1190 874 1251 haec
939 1191 1047 1249 ita·
1086 1188 1399 1250 scribenda
1468 1190 1750 1270 coniecit,
1808 1192 2200 1251 instrumento
2256 1196 2421 1252 omni
2472 1196 2535 1253 in

273 1294 530 1373 coborte,'
572 1304 641 1358 ut
695 1301 845 1358 satis
899 1315 1124 1372 maana
1179 1300 1300 1357 sint
1354 1303 1542 1358 tecta:
1599 1303 1660 1357 et
1712 1298 1930 1371 quibus
1985 1291 2217 1370 coelum
2264 1302 2535 1375 pluvium

275 1407 580 1480 inimicum,
626 1408 750 1465 sint
804 1408 969 1465 intra
1027 1408 1302 1465 clausum
1357 1408 1420 1465 in
1477 1411 1792 1480 consepto‚·
1847 1406 2003 1466 baec
2057 1408 2216 1465 enim
2268 1408 2380 1466 sub
2435 1410 2534 1467 dio

268 1509 446 1585 furem
498 1530 618 1573 non
672 1514 847 1572 modo
905 1518 1205 1604 metuunt,
1262 1514 1374 1573 sed
1425 1514 1720 1573 adversus
1777 1517 2179 1587 tempestatem
2225 1521 2537 1575 nocentem

274 1635 376 1678 non
417 1621 716 1679 resistunt.
778 1617 850 1678 ad
898 1618 1118 1679 tuenda
1167 1617 1429 1697 plaustra
1476 1626 1538 1679 et
1582 1616 1809 1696 reliqua
1842 1619 2256 1679 ,instrumenta
2294 1623 2534 1703 rustica,

274 1724 465 1803 quibus
511 1725 740 1786 caelum
785 1724 1048 1805 pluvium
1098 1733 1296 1805 nocet,
1340 1734 1497 1788 tecta
1542 1723 1800 1805 paranda
1839 1734 1980 1785 sunt
2024 1727 2086 1785 in
2134 1726 2395 1789 cohorte.
2463 1747 2531 1788 ea

275 1832 412 1890 enim
456 1834 511 1892 si
550 1831 662 1892 sub
711 1832 807 1892 dio
852 1834 918 1908 in
974 1839 1293 1910 consaepto
1353 1831 1548 1892 clausa
1605 1830 1925 1914 habentur,
1972 1851 2004 1892 a
2061 1832 2238 1894 furtis
2296 1831 2535 1913 quidem

276 1944 384 1997 tuta
436 1946 597 2021 sunt,
659 1939 761 1999 sed
822 1947 1170 2018 tempestate
1230 1946 1715 2017 corrumpuntur.
1805 1941 1865 1999 in
1924 1937 2282 2001 collocandis
2338 1950 2535 2002 autem
2597 1925 2598 1934 ἵ

275 2044 508 2106 relativis
554 2048 896 2127 sententiiS,
942 2048 1003 2106 in
1053 2045 1272 2126 quibus
1328 2048 1564 2126 saepius
1622 2046 1880 2106 editores
1941 2045 2343 2129 offenderunt,
2392 2048 2535 2127 quid

278 2150 374 2211 sibi
416 2155 734 2234 sumpserit
773 2152 973 2236 Varro,
1019 2152 1113 2213 his
1158 2152 1525 2233 intellegitur
1572 2152 1876 2233 exempliS‚
1923 2151 1949 2211 I
1986 2149 2091 2228 29,
2129 2151 2171 2214 2
2218 2172 2336 2215 non
2384 2159 2538 2216 nulli

270 2266 470 2335 postea,
515 2264 624 2336 qui
665 2266 895 2335 seqetes
939 2278 1060 2321 non
1108 2267 1229 2321 tam
1276 2265 1434 2321 latas
1479 2262 1728 2335 babent,
1773 2293 1862 2302 —-
1909 2278 2134 2322 occare
2177 2266 2391 2337 solent,
2449 2246 2535 2324 64

276 2369 369 2439 qui
405 2375 486 2446 est
528 2386 731 2447 umor,
789 2364 891 2447 69,
933 2365 966 2428 1
1026 2370 1191 2442 quod
1234 2370 1321 2428 ad
1364 2369 1631 2428 cibatum
1688 2369 2035 2443 expeditum
2082 2386 2210 2429 esse
2263 2373 2434 2451 velis,
2481 2368 2534 2428 ΙΙ

275 2473 433 2550 praef.
467 2470 510 2534 4
562 2478 671 2550 qui
731 2477 1139 2535 condiderunt
1192 2477 1427 2550 urbem,
1497 2471 1597 2555 11,
1636 2472 1677 2534 4
1723 2477 1887 2552 quod
1935 2476 2163 2537 Graeci
2216 2479 2537 2553 appellant,

276 2577 342 2639 111
379 2578 469 2664 10,
508 2579 542 2643 1
595 2585 658 2643 in
706 2583 923 2657 quibus
968 2583 1076 2643 ubi
1114 2601 1367 2645 ‘anseres
1414 2585 1684 2658 aluntur,
1750 2578 1850 2663 16,
1895 2579 1975 2643 12
2022 2602 2172 2658 quos
2217 2586 2331 2645 alii
2371 2586 2535 2645 meli-

277 2692 490 2765 trophia
536 2689 860 2767 appellant.

429 2793 467 2857 3
532 2795 887 2857 Cohortes
945 2799 1016 2857 in
1070 2796 1294 2858 fundo
1354 2815 1599 2876 magno
1656 2797 1833 2858 duae
1889 2798 2215 2875 aptiores
2272 2816 2404 2858 una
2459 2805 2538 2867 ut

278 2902 615 2965 interdius
665 2904 1153 2983 compluuium
1199 2903 1455 2967 habeat
1499 2904 1730 2965 lacum
1777 2904 1899 2965 ubi
1935 2923 2114 2984 aqua
2160 2903 2370 2965 saliat
2415 2907 2537 2984 qui

277 3010 442 3071 intra
487 3010 890 3092 stylobatas
937 3030 1091 3072 cum
1137 3012 1320 3085 uelit
1380 3015 1475 3073 sit
1531 3010 2026 3092 semipiscina]
2073 3011 2189 3072 Pro
2238 3014 2537 3073 interdius

278 3134 337 3175 ex
386 3118 581 3180 Aldina
638 3118 897 3179 editione
953 3122 1238 3202 interius,
1302 3138 1410 3199 pro
1467 3123 1618 3182 uelit
1674 3139 1747 3179 ex
1810 3121 2077 3200 principe
2143 3123 2306 3180 venit
2362 3118 2534 3197 vulgo

278 3234 558 3304 receptum
607 3234 754 3288 erat.
844 3245 977 3287 una
1028 3230 1285 3288 interior
1343 3231 1405 3288 in
1471 3230 1803 3304 compluvio
1865 3228 2091 3287 babeat
2151 3231 2376 3302 lacum,
2433 3228 2540 3286 ubi

279 3349 416 3407 aqua
476 3338 684 3410 saliat,
732 3352 890 3410 quae
954 3337 1121 3395 intra
1182 3336 1513 3412 stylobatas
1577 3352 1716 3395 cum
1774 3336 1959 3410 venit,
2018 3337 2099 3394 sit
2151 3337 2536 3412 semipiscina

279 3435 517 3502 Ursinus.
585 3440 908 3502 Columella
946 3440 1226 3501 Varronis
1264 3450 1579 3521 praecepta
1619 3448 1862 3502 secutus
1900 3440 1973 3501 de
2012 3440 2246 3502 duobus
2290 3439 2535 3502 lacubus

279 3547 354 3607 vel
394 3551 650 3629 pisciniS,
701 3567 846 3627 quas
894 3548 1053 3631 dicit,
1102 3548 1310 3610 scribit
1353 3549 1528 3631 haec,
1578 3548 1605 3608 I
1643 3546 1700 3629 6,
1739 3547 1820 3610 21
1882 3552 2055 3609 circa
2111 3552 2312 3610 villam
2369 3550 2533 3610 dein-

277 3670 396 3730 ceps
455 3659 609 3717 baec
656 3674 785 3717 esse
839 3659 1157 3745 oportebit,
1204 3689 1293 3699 ——
1331 3659 1606 3733 piscinas
1668 3659 1975 3717 minimum
2040 3659 2220 3730 duas,
2277 3659 2535 3716 alteram

277 3777 413 3834 quae
464 3765 785 3825 anseribus
832 3765 1279 3840 pecoribusque
1334 3766 1588 3845 serviat,
1645 3767 1903 3825 alteram
1970 3765 2033 3823 in
2089 3781 2210 3838 qua
2266 3765 2536 3838 lupinum

278 3870 477 3930 vimina
523 3878 583 3931 et
625 3874 836 3946 viryas
891 3877 1074 3946 atque
1120 3874 1246 3931 alia
1292 3889 1452 3946 quae
1495 3877 1639 3931 sunt
1690 3873 1898 3932 usibus
1951 3873 2175 3931 nostris
2221 3877 2366 3946 apta
2411 3887 2536 3930 ma-

278 3992 560 4050 ceremus;
607 3978 880 4039 similiter
924 3977 1217 4038 Palladius
1263 3977 1288 4036 I
1327 3975 1431 4039 31.
1522 3977 1705 4038 Varro
1756 3977 1902 4039 duas
1950 3977 2225 4038 cohortes
2273 3994 2409 4037 cum
2456 3975 2534 4036 la-

281 4082 471 4166 cubus»,
518 4104 668 4166 quos
723 4088 784 4146 in
840 4088 912 4146 iis
971 4104 1102 4146 esse
1151 4084 1361 4166 voluit,
1418 4087 1755 4145 accuratius
1812 4084 2145 4163 descripsit.
2236 4085 2298 4143 in
2352 4081 2534 4142 altera

283 4191 419 4249 enim
462 4192 723 4276 cohorte,
764 4212 912 4272 quae
959 4210 1145 4273 prope
1182 4191 1377 4252 villam
1417 4199 1525 4274 est,
1562 4192 1942 4271 conpluvium
1980 4191 2172 4252 lacum
2211 4208 2347 4250 cum
2386 4208 2534 4268 aqua
2587 4218 2590 4221 *

286 4294 501 4359 saliente
540 4319 670 4361 esse
711 4299 852 4383 vult,
889 4302 991 4380 qui
1027 4302 1183 4360 intra
1222 4298 1539 4378 stylobatas
1568 4298 1661 4359 vel
1699 4299 2078 4359 fundamenta
2107 4297 2534 4378 columnarum,

288 4417 414 4478 quae
463 4407 522 4466 in
561 4408 813 4487 ‘porticu
869 4413 1036 4489 sunt,
1092 4407 1350 4486 speciem
1405 4405 1651 4486 praebet
1706 4406 2133 4485 semipiscinae.
2225 4406 2287 4465 in
2353 4403 2534 4464 altera

289 4508 501 4574 cohorte
544 4517 686 4576 item
742 4515 935 4576 lacum
995 4532 1127 4575 esse
1182 4513 1373 4597 iubet,
1419 4516 1480 4574 in
1537 4531 1655 4593 quo
1704 4531 1806 4574 eae
1852 4531 1953 4599 res
2008 4531 2158 4593 quae
2212 4513 2274 4573 in
2322 4529 2534 4591 aquam
