<?xml version="1.0" encoding="UTF-8"?>
<!DOCTYPE html PUBLIC "-//W3C//DTD XHTML 1.0 Transitional//EN"
    "http://www.w3.org/TR/xhtml1/DTD/xhtml1-transitional.dtd">
<html xmlns="http://www.w3.org/1999/xhtml" xml:lang="en" lang="en">
 <head>
  <title>
</title>
<meta http-equiv="Content-Type" content="text/html;charset=utf-8" />
  <meta name='ocr-system' content='tesseract 3.04.00' />
  <meta name='ocr-capabilities' content='ocr_page ocr_carea ocr_par ocr_line ocrx_word'/>
</head>
<body>
  <div class='ocr_page' id='page_1' title='image "./mporcicatonisde01catogoog_0206.png"; bbox 0 0 3178 5185; ppageno 0'>
   <div class='ocr_carea' id='block_1_1' title="bbox 576 383 1939 452">
    <p class='ocr_par' dir='ltr' id='par_1_1' title="bbox 576 383 1939 452">
     <span class='ocr_line' id='line_1_1' title="bbox 576 383 1939 452; baseline -0.01 0"><span class='ocrx_word' id='word_1_1' title='bbox 576 388 709 452; x_wconf 80' lang='lat'>294</span> <span class='ocrx_word' id='word_1_2' title='bbox 1564 383 1939 439; x_wconf 83' lang='lat' dir='ltr'><strong>VARRONIS</strong></span> 
     </span>
    </p>
   </div>
   <div class='ocr_carea' id='block_1_2' title="bbox 471 544 2949 2777">
    <p class='ocr_par' dir='ltr' id='par_1_2' title="bbox 482 544 2949 1277">
     <span class='ocr_line' id='line_1_2' title="bbox 482 544 2877 633; baseline -0.002 -15"><span class='ocrx_word' id='word_1_3' title='bbox 482 563 563 620; x_wconf 88' lang='grc'>19</span> <span class='ocrx_word' id='word_1_4' title='bbox 589 558 828 617; x_wconf 88' lang='lat' dir='ltr'>minum.</span> <span class='ocrx_word' id='word_1_5' title='bbox 921 544 1179 614; x_wconf 80' lang='lat' dir='ltr'>veneunt</span> <span class='ocrx_word' id='word_1_6' title='bbox 1224 562 1469 633; x_wconf 87' lang='lat' dir='ltr'>propter</span> <span class='ocrx_word' id='word_1_7' title='bbox 1515 554 1825 631; x_wconf 88' lang='lat' dir='ltr'>penuriam</span> <span class='ocrx_word' id='word_1_8' title='bbox 1872 570 2104 630; x_wconf 88' lang='lat' dir='ltr'>magno.</span> <span class='ocrx_word' id='word_1_9' title='bbox 2194 553 2267 613; x_wconf 89' lang='lat' dir='ltr'>de</span> <span class='ocrx_word' id='word_1_10' title='bbox 2315 553 2508 614; x_wconf 89' lang='lat' dir='ltr'>tribus</span> <span class='ocrx_word' id='word_1_11' title='bbox 2557 552 2877 632; x_wconf 89' lang='lat' dir='ltr'>generibus</span> 
     </span>
     <span class='ocr_line' id='line_1_3' title="bbox 579 658 2876 743; baseline -0.002 -19"><span class='ocrx_word' id='word_1_12' title='bbox 579 663 826 743; x_wconf 79' lang='lat' dir='ltr'>gallinae</span> <span class='ocrx_word' id='word_1_13' title='bbox 893 664 1237 742; x_wconf 80' lang='lat' dir='ltr'>saginantur</span> <span class='ocrx_word' id='word_1_14' title='bbox 1306 662 1557 719; x_wconf 85' lang='lat' dir='ltr'>maxime</span> <span class='ocrx_word' id='word_1_15' title='bbox 1625 658 1932 719; x_wconf 81' lang='lat' dir='ltr'>villaticae.</span> <span class='ocrx_word' id='word_1_16' title='bbox 2026 678 2125 720; x_wconf 91' lang='lat' dir='ltr'>eas</span> <span class='ocrx_word' id='word_1_17' title='bbox 2190 659 2506 721; x_wconf 90' lang='lat' dir='ltr'>includunt</span> <span class='ocrx_word' id='word_1_18' title='bbox 2562 663 2623 720; x_wconf 92' lang='lat' dir='ltr'>in</span> <span class='ocrx_word' id='word_1_19' title='bbox 2680 661 2876 721; x_wconf 91' lang='lat' dir='ltr'>locum</span> 
     </span>
     <span class='ocr_line' id='line_1_4' title="bbox 578 765 2875 849; baseline -0.001 -19"><span class='ocrx_word' id='word_1_20' title='bbox 578 770 846 849; x_wconf 87' lang='lat' dir='ltr'>tepidum</span> <span class='ocrx_word' id='word_1_21' title='bbox 895 778 954 830; x_wconf 89' lang='lat' dir='ltr'>et</span> <span class='ocrx_word' id='word_1_22' title='bbox 1000 775 1317 846; x_wconf 86' lang='lat' dir='ltr'>angustum</span> <span class='ocrx_word' id='word_1_23' title='bbox 1367 775 1426 827; x_wconf 89' lang='lat' dir='ltr'>et</span> <span class='ocrx_word' id='word_1_24' title='bbox 1473 765 1935 847; x_wconf 90' lang='lat' dir='ltr'>tenebricosum,</span> <span class='ocrx_word' id='word_1_25' title='bbox 1985 768 2141 846; x_wconf 91' lang='lat' dir='ltr'>quod</span> <span class='ocrx_word' id='word_1_26' title='bbox 2189 776 2387 829; x_wconf 90' lang='lat' dir='ltr'>motus</span> <span class='ocrx_word' id='word_1_27' title='bbox 2432 786 2637 829; x_wconf 87' lang='lat' dir='ltr'>earum</span> <span class='ocrx_word' id='word_1_28' title='bbox 2677 776 2736 829; x_wconf 91' lang='lat' dir='ltr'>et</span> <span class='ocrx_word' id='word_1_29' title='bbox 2776 768 2875 828; x_wconf 83' lang='lat' dir='ltr'>lux</span> 
     </span>
     <span class='ocr_line' id='line_1_5' title="bbox 576 873 2875 958; baseline -0.001 -20"><span class='ocrx_word' id='word_1_30' title='bbox 576 877 1011 958; x_wconf 84' lang='lat' dir='ltr'>pinguitudinis</span> <span class='ocrx_word' id='word_1_31' title='bbox 1058 875 1344 948; x_wconf 83' lang='lat' dir='ltr'>vindicta,</span> <span class='ocrx_word' id='word_1_32' title='bbox 1402 874 1473 934; x_wconf 85' lang='lat' dir='ltr'>ad</span> <span class='ocrx_word' id='word_1_33' title='bbox 1521 874 1674 935; x_wconf 92' lang='lat' dir='ltr'>hanc</span> <span class='ocrx_word' id='word_1_34' title='bbox 1723 893 1849 934; x_wconf 90' lang='lat' dir='ltr'>rem</span> <span class='ocrx_word' id='word_1_35' title='bbox 1899 874 2104 936; x_wconf 90' lang='lat' dir='ltr'>electis</span> <span class='ocrx_word' id='word_1_36' title='bbox 2150 876 2420 934; x_wconf 86' lang='lat' dir='ltr'>maximis</span> <span class='ocrx_word' id='word_1_37' title='bbox 2468 873 2718 954; x_wconf 78' lang='lat' dir='ltr'>galliniS,</span> <span class='ocrx_word' id='word_1_38' title='bbox 2767 893 2875 935; x_wconf 91' lang='lat' dir='ltr'>nec</span> 
     </span>
     <span class='ocr_line' id='line_1_6' title="bbox 577 980 2949 1063; baseline -0.003 -18"><span class='ocrx_word' id='word_1_39' title='bbox 577 986 860 1045; x_wconf 92' lang='lat' dir='ltr'>continuo</span> <span class='ocrx_word' id='word_1_40' title='bbox 904 983 1015 1062; x_wconf 85' lang='lat' dir='ltr'>his,</span> <span class='ocrx_word' id='word_1_41' title='bbox 1064 1001 1211 1061; x_wconf 86' lang='lat' dir='ltr'>quas</span> <span class='ocrx_word' id='word_1_42' title='bbox 1250 980 1491 1041; x_wconf 90' lang='lat' dir='ltr'>melicas</span> <span class='ocrx_word' id='word_1_43' title='bbox 1529 981 1829 1060; x_wconf 90' lang='lat' dir='ltr'>appellant</span> <span class='ocrx_word' id='word_1_44' title='bbox 1867 981 2032 1063; x_wconf 82' lang='lat' dir='ltr'>falso,</span> <span class='ocrx_word' id='word_1_45' title='bbox 2071 982 2227 1062; x_wconf 92' lang='lat' dir='ltr'>quod</span> <span class='ocrx_word' id='word_1_46' title='bbox 2267 983 2498 1061; x_wconf 79' lang='lat' dir='ltr'>antiqui</span> <span class='ocrx_word' id='word_1_47' title='bbox 2536 990 2603 1042; x_wconf 92' lang='lat' dir='ltr'>ut</span> <span class='ocrx_word' id='word_1_48' title='bbox 2641 981 2875 1043; x_wconf 89' lang='lat' dir='ltr'>Thetim</span> <span class='ocrx_word' id='word_1_49' title='bbox 2926 1000 2949 1038; x_wconf 83' lang='lat'>5</span> 
     </span>
     <span class='ocr_line' id='line_1_7' title="bbox 578 1087 2874 1170; baseline -0 -19"><span class='ocrx_word' id='word_1_50' title='bbox 578 1090 810 1151; x_wconf 89' lang='lat' dir='ltr'>Thelim</span> <span class='ocrx_word' id='word_1_51' title='bbox 879 1090 1181 1170; x_wconf 86' lang='lat' dir='ltr'>dicebant,</span> <span class='ocrx_word' id='word_1_52' title='bbox 1257 1091 1343 1148; x_wconf 90' lang='lat' dir='ltr'>sic</span> <span class='ocrx_word' id='word_1_53' title='bbox 1409 1088 1696 1148; x_wconf 84' lang='lat' dir='ltr'>Medicam</span> <span class='ocrx_word' id='word_1_54' title='bbox 1765 1088 2032 1149; x_wconf 88' lang='lat' dir='ltr'>Melicam</span> <span class='ocrx_word' id='word_1_55' title='bbox 2099 1087 2400 1150; x_wconf 89' lang='lat' dir='ltr'>vocabant.</span> <span class='ocrx_word' id='word_1_56' title='bbox 2495 1089 2616 1149; x_wconf 45' lang='lat' dir='ltr'>¹hae</span> <span class='ocrx_word' id='word_1_57' title='bbox 2683 1092 2874 1169; x_wconf 89' lang='lat' dir='ltr'>primo</span> 
     </span>
     <span class='ocr_line' id='line_1_8' title="bbox 578 1194 2874 1277; baseline -0.001 -19"><span class='ocrx_word' id='word_1_58' title='bbox 578 1196 956 1277; x_wconf 84' lang='lat' dir='ltr'>dicebantur,</span> <span class='ocrx_word' id='word_1_59' title='bbox 1018 1216 1166 1276; x_wconf 91' lang='lat' dir='ltr'>quae</span> <span class='ocrx_word' id='word_1_60' title='bbox 1227 1215 1297 1255; x_wconf 88' lang='lat' dir='ltr'>ex</span> <span class='ocrx_word' id='word_1_61' title='bbox 1346 1194 1572 1255; x_wconf 87' lang='lat' dir='ltr'>Medica</span> <span class='ocrx_word' id='word_1_62' title='bbox 1629 1203 1875 1276; x_wconf 85' lang='lat' dir='ltr'>propter</span> <span class='ocrx_word' id='word_1_63' title='bbox 1921 1196 2387 1275; x_wconf 89' lang='lat' dir='ltr'>magnitudinem</span> <span class='ocrx_word' id='word_1_64' title='bbox 2436 1205 2606 1257; x_wconf 90' lang='lat' dir='ltr'>erant</span> <span class='ocrx_word' id='word_1_65' title='bbox 2652 1197 2874 1257; x_wconf 89' lang='lat' dir='ltr'>adlatae</span> 
     </span>
    </p>

    <p class='ocr_par' dir='ltr' id='par_1_3' title="bbox 483 1304 2948 2027">
     <span class='ocr_line' id='line_1_9' title="bbox 483 1304 2874 1386; baseline -0.002 -18"><span class='ocrx_word' id='word_1_66' title='bbox 483 1312 856 1386; x_wconf 66' lang='lat' dir='ltr'>20,quaeque</span> <span class='ocrx_word' id='word_1_67' title='bbox 916 1324 986 1365; x_wconf 88' lang='lat' dir='ltr'>ex</span> <span class='ocrx_word' id='word_1_68' title='bbox 1042 1307 1116 1365; x_wconf 91' lang='lat' dir='ltr'>iis</span> <span class='ocrx_word' id='word_1_69' title='bbox 1173 1310 1513 1383; x_wconf 86' lang='lat' dir='ltr'>generatae,</span> <span class='ocrx_word' id='word_1_70' title='bbox 1579 1312 1786 1382; x_wconf 89' lang='lat' dir='ltr'>postea</span> <span class='ocrx_word' id='word_1_71' title='bbox 1844 1314 2089 1383; x_wconf 86' lang='lat' dir='ltr'>propter</span> <span class='ocrx_word' id='word_1_72' title='bbox 2146 1304 2592 1364; x_wconf 89' lang='lat' dir='ltr'>similitudinem</span> <span class='ocrx_word' id='word_1_73' title='bbox 2648 1305 2874 1384; x_wconf 89' lang='lat' dir='ltr'>amplae</span> 
     </span>
     <span class='ocr_line' id='line_1_10' title="bbox 579 1411 2873 1491; baseline -0.002 -16"><span class='ocrx_word' id='word_1_74' title='bbox 579 1432 803 1475; x_wconf 76' lang='lat' dir='ltr'>omneS.</span> <span class='ocrx_word' id='word_1_75' title='bbox 869 1432 937 1473; x_wconf 88' lang='lat' dir='ltr'>ex</span> <span class='ocrx_word' id='word_1_76' title='bbox 987 1414 1060 1473; x_wconf 91' lang='lat' dir='ltr'>iis</span> <span class='ocrx_word' id='word_1_77' title='bbox 1108 1411 1326 1471; x_wconf 87' lang='lat' dir='ltr'>evulsis</span> <span class='ocrx_word' id='word_1_78' title='bbox 1376 1430 1443 1470; x_wconf 87' lang='lat' dir='ltr'>ex</span> <span class='ocrx_word' id='word_1_79' title='bbox 1495 1411 1605 1471; x_wconf 86' lang='lat' dir='ltr'>alis</span> <span class='ocrx_word' id='word_1_80' title='bbox 1653 1413 1851 1491; x_wconf 88' lang='lat' dir='ltr'>pinnis</span> <span class='ocrx_word' id='word_1_81' title='bbox 1900 1419 1959 1471; x_wconf 90' lang='lat' dir='ltr'>et</span> <span class='ocrx_word' id='word_1_82' title='bbox 2007 1431 2038 1470; x_wconf 93' lang='lat' dir='ltr'>e</span> <span class='ocrx_word' id='word_1_83' title='bbox 2077 1411 2263 1471; x_wconf 86' lang='lat' dir='ltr'>cauda</span> <span class='ocrx_word' id='word_1_84' title='bbox 2301 1412 2558 1472; x_wconf 87' lang='lat' dir='ltr'>farciunt</span> <span class='ocrx_word' id='word_1_85' title='bbox 2597 1412 2873 1473; x_wconf 90' lang='lat' dir='ltr'>turundis</span> 
     </span>
     <span class='ocr_line' id='line_1_11' title="bbox 579 1518 2948 1598; baseline -0.001 -18"><span class='ocrx_word' id='word_1_86' title='bbox 579 1521 951 1598; x_wconf 82' lang='lat' dir='ltr'>hordeaceiS,</span> <span class='ocrx_word' id='word_1_87' title='bbox 1013 1521 1228 1598; x_wconf 87' lang='lat' dir='ltr'>partim</span> <span class='ocrx_word' id='word_1_88' title='bbox 1278 1519 1553 1579; x_wconf 88' lang='lat' dir='ltr'>admixtis</span> <span class='ocrx_word' id='word_1_89' title='bbox 1603 1537 1634 1578; x_wconf 92' lang='lat' dir='ltr'>e</span> <span class='ocrx_word' id='word_1_90' title='bbox 1683 1519 1870 1578; x_wconf 84' lang='lat' dir='ltr'>farina</span> <span class='ocrx_word' id='word_1_91' title='bbox 1918 1518 2182 1578; x_wconf 88' lang='lat' dir='ltr'>lolleacia</span> <span class='ocrx_word' id='word_1_92' title='bbox 2230 1527 2331 1579; x_wconf 85' lang='lat' dir='ltr'>aut</span> <span class='ocrx_word' id='word_1_93' title='bbox 2378 1520 2601 1578; x_wconf 90' lang='lat' dir='ltr'>semine</span> <span class='ocrx_word' id='word_1_94' title='bbox 2650 1518 2758 1578; x_wconf 90' lang='lat' dir='ltr'>lini</span> <span class='ocrx_word' id='word_1_95' title='bbox 2804 1537 2873 1578; x_wconf 85' lang='lat' dir='ltr'>ex</span> <span class='ocrx_word' id='word_1_96' title='bbox 2902 1532 2948 1570; x_wconf 92' lang='lat'>10</span> 
     </span>
     <span class='ocr_line' id='line_1_12' title="bbox 578 1624 2874 1707; baseline -0.002 -18"><span class='ocrx_word' id='word_1_97' title='bbox 578 1648 729 1707; x_wconf 86' lang='lat' dir='ltr'>aqua</span> <span class='ocrx_word' id='word_1_98' title='bbox 778 1627 953 1688; x_wconf 90' lang='lat' dir='ltr'>dulci.</span> <span class='ocrx_word' id='word_1_99' title='bbox 1031 1626 1123 1686; x_wconf 90' lang='lat' dir='ltr'>bis</span> <span class='ocrx_word' id='word_1_100' title='bbox 1173 1626 1266 1686; x_wconf 90' lang='lat' dir='ltr'>die</span> <span class='ocrx_word' id='word_1_101' title='bbox 1318 1624 1515 1686; x_wconf 91' lang='lat' dir='ltr'>cibum</span> <span class='ocrx_word' id='word_1_102' title='bbox 1557 1625 1717 1706; x_wconf 88' lang='lat' dir='ltr'>dant,</span> <span class='ocrx_word' id='word_1_103' title='bbox 1766 1624 2148 1686; x_wconf 83' lang='lat' dir='ltr'>observantes</span> <span class='ocrx_word' id='word_1_104' title='bbox 2188 1644 2257 1685; x_wconf 89' lang='lat' dir='ltr'>ex</span> <span class='ocrx_word' id='word_1_105' title='bbox 2299 1625 2649 1705; x_wconf 89' lang='lat' dir='ltr'>quibusdam</span> <span class='ocrx_word' id='word_1_106' title='bbox 2691 1628 2874 1704; x_wconf 90' lang='lat' dir='ltr'>signis</span> 
     </span>
     <span class='ocr_line' id='line_1_13' title="bbox 582 1732 2876 1814; baseline -0.001 -20"><span class='ocrx_word' id='word_1_107' title='bbox 582 1744 647 1795; x_wconf 91' lang='lat' dir='ltr'>ut</span> <span class='ocrx_word' id='word_1_108' title='bbox 714 1737 877 1813; x_wconf 87' lang='lat' dir='ltr'>prior</span> <span class='ocrx_word' id='word_1_109' title='bbox 935 1736 1011 1793; x_wconf 88' lang='lat' dir='ltr'>sit</span> <span class='ocrx_word' id='word_1_110' title='bbox 1059 1742 1407 1814; x_wconf 89' lang='lat' dir='ltr'>concoctus,</span> <span class='ocrx_word' id='word_1_111' title='bbox 1466 1751 1643 1810; x_wconf 90' lang='lat' dir='ltr'>quam</span> <span class='ocrx_word' id='word_1_112' title='bbox 1692 1733 2019 1792; x_wconf 89' lang='lat' dir='ltr'>secundum</span> <span class='ocrx_word' id='word_1_113' title='bbox 2067 1732 2226 1792; x_wconf 90' lang='lat' dir='ltr'>dent.</span> <span class='ocrx_word' id='word_1_114' title='bbox 2319 1733 2454 1794; x_wconf 92' lang='lat' dir='ltr'>dato</span> <span class='ocrx_word' id='word_1_115' title='bbox 2502 1732 2652 1814; x_wconf 89' lang='lat' dir='ltr'>cibo,</span> <span class='ocrx_word' id='word_1_116' title='bbox 2703 1751 2876 1813; x_wconf 91' lang='lat' dir='ltr'>quom</span> 
     </span>
     <span class='ocr_line' id='line_1_14' title="bbox 578 1839 2874 1921; baseline -0 -19"><span class='ocrx_word' id='word_1_117' title='bbox 578 1850 1022 1921; x_wconf 80' lang='lat' dir='ltr'>perpurgarunt</span> <span class='ocrx_word' id='word_1_118' title='bbox 1068 1849 1263 1921; x_wconf 89' lang='lat' dir='ltr'>caput,</span> <span class='ocrx_word' id='word_1_119' title='bbox 1313 1858 1542 1920; x_wconf 90' lang='lat' dir='ltr'>nequos</span> <span class='ocrx_word' id='word_1_120' title='bbox 1588 1839 1804 1901; x_wconf 88' lang='lat' dir='ltr'>habeat</span> <span class='ocrx_word' id='word_1_121' title='bbox 1850 1840 2051 1921; x_wconf 82' lang='lat' dir='ltr'>pedeS,</span> <span class='ocrx_word' id='word_1_122' title='bbox 2099 1859 2312 1900; x_wconf 89' lang='lat' dir='ltr'>rursus</span> <span class='ocrx_word' id='word_1_123' title='bbox 2356 1859 2455 1901; x_wconf 88' lang='lat' dir='ltr'>eas</span> <span class='ocrx_word' id='word_1_124' title='bbox 2494 1840 2874 1901; x_wconf 86' lang='lat' dir='ltr'>concludunt.</span> 
     </span>
     <span class='ocr_line' id='line_1_15' title="bbox 579 1947 2873 2027; baseline -0.001 -18"><span class='ocrx_word' id='word_1_125' title='bbox 579 1950 690 2009; x_wconf 90' lang='lat' dir='ltr'>hoc</span> <span class='ocrx_word' id='word_1_126' title='bbox 756 1950 982 2009; x_wconf 82' lang='lat' dir='ltr'>faciunt</span> <span class='ocrx_word' id='word_1_127' title='bbox 1046 1967 1236 2027; x_wconf 88' lang='lat' dir='ltr'>usque</span> <span class='ocrx_word' id='word_1_128' title='bbox 1304 1948 1373 2008; x_wconf 94' lang='lat' dir='ltr'>ad</span> <span class='ocrx_word' id='word_1_129' title='bbox 1442 1947 1569 2007; x_wconf 90' lang='lat' dir='ltr'>dies</span> <span class='ocrx_word' id='word_1_130' title='bbox 1636 1962 1808 2008; x_wconf 83' lang='lat' dir='ltr'>xxv:</span> <span class='ocrx_word' id='word_1_131' title='bbox 1874 1956 2018 2008; x_wconf 90' lang='lat' dir='ltr'>tunc</span> <span class='ocrx_word' id='word_1_132' title='bbox 2086 1947 2342 2026; x_wconf 90' lang='lat' dir='ltr'>denique</span> <span class='ocrx_word' id='word_1_133' title='bbox 2399 1950 2650 2027; x_wconf 88' lang='lat' dir='ltr'>pingues</span> <span class='ocrx_word' id='word_1_134' title='bbox 2707 1949 2873 2009; x_wconf 87' lang='lat' dir='ltr'>fiunt.</span> 
     </span>
    </p>

    <p class='ocr_par' dir='ltr' id='par_1_4' title="bbox 484 2055 2948 2565">
     <span class='ocr_line' id='line_1_16' title="bbox 484 2055 2948 2136; baseline -0.001 -19"><span class='ocrx_word' id='word_1_135' title='bbox 484 2062 561 2117; x_wconf 79' lang='lat'>21</span> <span class='ocrx_word' id='word_1_136' title='bbox 589 2057 828 2136; x_wconf 88' lang='lat' dir='ltr'>quidam</span> <span class='ocrx_word' id='word_1_137' title='bbox 903 2067 962 2118; x_wconf 88' lang='lat' dir='ltr'>et</span> <span class='ocrx_word' id='word_1_138' title='bbox 1037 2058 1272 2117; x_wconf 89' lang='lat' dir='ltr'>triticeo</span> <span class='ocrx_word' id='word_1_139' title='bbox 1336 2074 1486 2135; x_wconf 90' lang='lat' dir='ltr'>pane</span> <span class='ocrx_word' id='word_1_140' title='bbox 1552 2057 1759 2115; x_wconf 90' lang='lat' dir='ltr'>intrito</span> <span class='ocrx_word' id='word_1_141' title='bbox 1826 2057 1888 2114; x_wconf 92' lang='lat' dir='ltr'>in</span> <span class='ocrx_word' id='word_1_142' title='bbox 1952 2074 2188 2135; x_wconf 88' lang='lat' dir='ltr'>aquam,</span> <span class='ocrx_word' id='word_1_143' title='bbox 2273 2057 2454 2115; x_wconf 85' lang='lat' dir='ltr'>mixto</span> <span class='ocrx_word' id='word_1_144' title='bbox 2521 2057 2654 2116; x_wconf 90' lang='lat' dir='ltr'>vino</span> <span class='ocrx_word' id='word_1_145' title='bbox 2721 2055 2875 2117; x_wconf 92' lang='lat' dir='ltr'>bono</span> <span class='ocrx_word' id='word_1_146' title='bbox 2902 2066 2948 2105; x_wconf 84' lang='lat'>15</span> 
     </span>
     <span class='ocr_line' id='line_1_17' title="bbox 579 2161 2873 2244; baseline -0.001 -19"><span class='ocrx_word' id='word_1_147' title='bbox 579 2173 638 2225; x_wconf 92' lang='lat' dir='ltr'>et</span> <span class='ocrx_word' id='word_1_148' title='bbox 711 2164 1005 2244; x_wconf 87' lang='lat' dir='ltr'>odorato,</span> <span class='ocrx_word' id='word_1_149' title='bbox 1058 2163 1338 2242; x_wconf 89' lang='lat' dir='ltr'>farciunt,</span> <span class='ocrx_word' id='word_1_150' title='bbox 1413 2164 1494 2223; x_wconf 89' lang='lat' dir='ltr'>ita</span> <span class='ocrx_word' id='word_1_151' title='bbox 1568 2171 1636 2223; x_wconf 90' lang='lat' dir='ltr'>ut</span> <span class='ocrx_word' id='word_1_152' title='bbox 1711 2161 1921 2222; x_wconf 90' lang='lat' dir='ltr'>diebus</span> <span class='ocrx_word' id='word_1_153' title='bbox 1995 2177 2093 2222; x_wconf 85' lang='lat' dir='ltr'>xx</span> <span class='ocrx_word' id='word_1_154' title='bbox 2166 2164 2418 2241; x_wconf 89' lang='lat' dir='ltr'>pingues</span> <span class='ocrx_word' id='word_1_155' title='bbox 2483 2162 2734 2222; x_wconf 85' lang='lat' dir='ltr'>reddant</span> <span class='ocrx_word' id='word_1_156' title='bbox 2809 2181 2873 2223; x_wconf 88' lang='lat' dir='ltr'>ac</span> 
     </span>
     <span class='ocr_line' id='line_1_18' title="bbox 577 2268 2872 2349; baseline -0.001 -18"><span class='ocrx_word' id='word_1_157' title='bbox 577 2280 831 2332; x_wconf 79' lang='lat' dir='ltr'>teneras,</span> <span class='ocrx_word' id='word_1_158' title='bbox 952 2272 1004 2330; x_wconf 89' lang='lat' dir='ltr'>si</span> <span class='ocrx_word' id='word_1_159' title='bbox 1085 2272 1145 2329; x_wconf 90' lang='lat' dir='ltr'>in</span> <span class='ocrx_word' id='word_1_160' title='bbox 1222 2269 1521 2331; x_wconf 87' lang='lat' dir='ltr'>farciendo</span> <span class='ocrx_word' id='word_1_161' title='bbox 1599 2272 1779 2330; x_wconf 90' lang='lat' dir='ltr'>nimio</span> <span class='ocrx_word' id='word_1_162' title='bbox 1828 2268 1959 2329; x_wconf 90' lang='lat' dir='ltr'>cibo</span> <span class='ocrx_word' id='word_1_163' title='bbox 2036 2268 2370 2349; x_wconf 85' lang='lat' dir='ltr'>fastidiunt,</span> <span class='ocrx_word' id='word_1_164' title='bbox 2453 2270 2872 2331; x_wconf 88' lang='lat' dir='ltr'>remittendum</span> 
     </span>
     <span class='ocr_line' id='line_1_19' title="bbox 578 2377 2872 2459; baseline 0 -22"><span class='ocrx_word' id='word_1_165' title='bbox 578 2380 639 2437; x_wconf 90' lang='lat' dir='ltr'>in</span> <span class='ocrx_word' id='word_1_166' title='bbox 707 2378 940 2438; x_wconf 88' lang='lat' dir='ltr'>datione</span> <span class='ocrx_word' id='word_1_167' title='bbox 997 2396 1111 2455; x_wconf 84' lang='lat' dir='ltr'>pro</span> <span class='ocrx_word' id='word_1_168' title='bbox 1164 2379 1465 2459; x_wconf 84' lang='lat' dir='ltr'>portione,</span> <span class='ocrx_word' id='word_1_169' title='bbox 1529 2397 1598 2437; x_wconf 91' lang='lat' dir='ltr'>ac</span> <span class='ocrx_word' id='word_1_170' title='bbox 1655 2377 1859 2437; x_wconf 88' lang='lat' dir='ltr'>decem</span> <span class='ocrx_word' id='word_1_171' title='bbox 1916 2378 2126 2454; x_wconf 90' lang='lat' dir='ltr'>primis</span> <span class='ocrx_word' id='word_1_172' title='bbox 2180 2379 2500 2457; x_wconf 86' lang='lat' dir='ltr'>processit,</span> <span class='ocrx_word' id='word_1_173' title='bbox 2563 2379 2626 2436; x_wconf 90' lang='lat' dir='ltr'>in</span> <span class='ocrx_word' id='word_1_174' title='bbox 2681 2384 2872 2456; x_wconf 89' lang='lat' dir='ltr'>poste-</span> 
     </span>
     <span class='ocr_line' id='line_1_20' title="bbox 578 2483 2874 2565; baseline 0 -21"><span class='ocrx_word' id='word_1_175' title='bbox 578 2483 840 2544; x_wconf 86' lang='lat' dir='ltr'>rioribus</span> <span class='ocrx_word' id='word_1_176' title='bbox 924 2493 990 2544; x_wconf 91' lang='lat' dir='ltr'>ut</span> <span class='ocrx_word' id='word_1_177' title='bbox 1071 2485 1375 2545; x_wconf 91' lang='lat' dir='ltr'>deminuat</span> <span class='ocrx_word' id='word_1_178' title='bbox 1458 2485 1662 2545; x_wconf 89' lang='lat' dir='ltr'>eadem</span> <span class='ocrx_word' id='word_1_179' title='bbox 1747 2486 2002 2565; x_wconf 88' lang='lat' dir='ltr'>ratione,</span> <span class='ocrx_word' id='word_1_180' title='bbox 2088 2492 2153 2545; x_wconf 87' lang='lat' dir='ltr'>ut</span> <span class='ocrx_word' id='word_1_181' title='bbox 2226 2485 2543 2544; x_wconf 90' lang='lat' dir='ltr'>vicesimus</span> <span class='ocrx_word' id='word_1_182' title='bbox 2616 2485 2743 2545; x_wconf 91' lang='lat' dir='ltr'>dies</span> <span class='ocrx_word' id='word_1_183' title='bbox 2816 2493 2874 2544; x_wconf 89' lang='lat' dir='ltr'>et</span> 
     </span>
    </p>

    <p class='ocr_par' dir='ltr' id='par_1_5' title="bbox 471 2590 2944 2777">
     <span class='ocr_line' id='line_1_21' title="bbox 471 2590 2944 2676; baseline 0.001 -26"><span class='ocrx_word' id='word_1_184' title='bbox 471 2671 475 2676; x_wconf 14' lang='grc' dir='ltr'><strong><em>ἡ</em></strong></span> <span class='ocrx_word' id='word_1_185' title='bbox 579 2592 808 2671; x_wconf 89' lang='lat' dir='ltr'>primus</span> <span class='ocrx_word' id='word_1_186' title='bbox 867 2592 986 2652; x_wconf 89' lang='lat' dir='ltr'>sint</span> <span class='ocrx_word' id='word_1_187' title='bbox 1041 2611 1232 2671; x_wconf 77' lang='lat' dir='ltr'>pares,</span> <span class='ocrx_word' id='word_1_188' title='bbox 1326 2592 1534 2653; x_wconf 91' lang='lat' dir='ltr'>eodem</span> <span class='ocrx_word' id='word_1_189' title='bbox 1593 2592 1767 2653; x_wconf 92' lang='lat' dir='ltr'>modo</span> <span class='ocrx_word' id='word_1_190' title='bbox 1823 2590 2133 2672; x_wconf 90' lang='lat' dir='ltr'>palumbos</span> <span class='ocrx_word' id='word_1_191' title='bbox 2190 2594 2448 2654; x_wconf 90' lang='lat' dir='ltr'>farciunt</span> <span class='ocrx_word' id='word_1_192' title='bbox 2503 2612 2570 2654; x_wconf 89' lang='lat' dir='ltr'>ac</span> <span class='ocrx_word' id='word_1_193' title='bbox 2618 2592 2874 2653; x_wconf 84' lang='lat' dir='ltr'>reddunt</span> <span class='ocrx_word' id='word_1_194' title='bbox 2898 2600 2944 2640; x_wconf 82' lang='lat'>2⁰</span> 
     </span>
     <span class='ocr_line' id='line_1_22' title="bbox 579 2700 849 2777; baseline 0 -19"><span class='ocrx_word' id='word_1_195' title='bbox 579 2700 849 2777; x_wconf 80' lang='lat' dir='ltr'>pingues,</span> 
     </span>
    </p>
   </div>
   <div class='ocr_carea' id='block_1_3' title="bbox 584 2877 1007 2884">
    <p class='ocr_par' dir='ltr' id='par_1_6' title="bbox 584 2877 1007 2884">
     <span class='ocr_line' id='line_1_23' title="bbox 584 2877 1007 2884; baseline 0 0"><span class='ocrx_word' id='word_1_196' title='bbox 584 2877 1007 2884; x_wconf 95' lang='lat' dir='ltr'> </span> 
     </span>
    </p>
   </div>
   <div class='ocr_carea' id='block_1_4' title="bbox 579 2995 2872 3424">
    <p class='ocr_par' dir='ltr' id='par_1_7' title="bbox 579 2995 2872 3424">
     <span class='ocr_line' id='line_1_24' title="bbox 722 2995 2872 3068; baseline 0 -19"><span class='ocrx_word' id='word_1_197' title='bbox 722 3002 754 3049; x_wconf 91' lang='lat'><strong>3</strong></span> <span class='ocrx_word' id='word_1_198' title='bbox 804 2995 1216 3051; x_wconf 84' lang='lat' dir='ltr'>tenebricosum</span> <span class='ocrx_word' id='word_1_199' title='bbox 1265 2996 1378 3049; x_wconf 90' lang='lat' dir='ltr'>VB</span> <span class='ocrx_word' id='word_1_200' title='bbox 1417 2998 1779 3051; x_wconf 88' lang='lat' dir='ltr'>tenebrosum</span> <span class='ocrx_word' id='word_1_201' title='bbox 1825 2996 1957 3051; x_wconf 82' lang='lat' dir='ltr'>Am.</span> <span class='ocrx_word' id='word_1_202' title='bbox 2036 2995 2130 3051; x_wconf 78' lang='lat' dir='ltr'>‘Et</span> <span class='ocrx_word' id='word_1_203' title='bbox 2167 3000 2493 3068; x_wconf 87' lang='lat' dir='ltr'>angustum,</span> <span class='ocrx_word' id='word_1_204' title='bbox 2541 3001 2598 3053; x_wconf 82' lang='lat' dir='ltr'>et</span> <span class='ocrx_word' id='word_1_205' title='bbox 2635 2998 2872 3053; x_wconf 87' lang='lat' dir='ltr'>tenebri-</span> 
     </span>
     <span class='ocr_line' id='line_1_25' title="bbox 579 3085 2867 3154; baseline 0.001 -13"><span class='ocrx_word' id='word_1_206' title='bbox 579 3103 785 3141; x_wconf 86' lang='lat' dir='ltr'>cosum.</span> <span class='ocrx_word' id='word_1_207' title='bbox 862 3086 957 3141; x_wconf 82' lang='lat' dir='ltr'>Sic</span> <span class='ocrx_word' id='word_1_208' title='bbox 993 3103 1171 3141; x_wconf 77' lang='lat' dir='ltr'>onmes</span> <span class='ocrx_word' id='word_1_209' title='bbox 1198 3104 1370 3141; x_wconf 76' lang='lat' dir='ltr'>manu</span> <span class='ocrx_word' id='word_1_210' title='bbox 1397 3088 1592 3154; x_wconf 81' lang='lat' dir='ltr'>scripti</span> <span class='ocrx_word' id='word_1_211' title='bbox 1620 3087 1838 3140; x_wconf 63' lang='lat' dir='ltr'>codices</span> <span class='ocrx_word' id='word_1_212' title='bbox 1913 3085 2097 3141; x_wconf 81' lang='lat' dir='ltr'>Antea</span> <span class='ocrx_word' id='word_1_213' title='bbox 2122 3087 2186 3140; x_wconf 78' lang='lat' dir='ltr'>in</span> <span class='ocrx_word' id='word_1_214' title='bbox 2213 3090 2446 3154; x_wconf 73' lang='lat' dir='ltr'>eaecusiS,</span> <span class='ocrx_word' id='word_1_215' title='bbox 2491 3089 2867 3144; x_wconf 76' lang='lat' dir='ltr'>Tenebrosum&#39;</span> 
     </span>
     <span class='ocr_line' id='line_1_26' title="bbox 592 3174 2870 3247; baseline 0.001 -17"><span class='ocrx_word' id='word_1_216' title='bbox 592 3177 866 3230; x_wconf 78' lang='lat' dir='ltr'>Victorius</span> <span class='ocrx_word' id='word_1_217' title='bbox 975 3192 1164 3229; x_wconf 84' lang='lat' dir='ltr'>earum</span> <span class='ocrx_word' id='word_1_218' title='bbox 1202 3174 1321 3226; x_wconf 92' lang='lat' dir='ltr'>AB</span> <span class='ocrx_word' id='word_1_219' title='bbox 1359 3191 1550 3228; x_wconf 89' lang='lat' dir='ltr'>eorum</span> <span class='ocrx_word' id='word_1_220' title='bbox 1601 3175 1655 3228; x_wconf 91' lang='lat' dir='ltr'><strong><em>V</em></strong></span> <span class='ocrx_word' id='word_1_221' title='bbox 1757 3182 1791 3228; x_wconf 88' lang='lat'>4</span> <span class='ocrx_word' id='word_1_222' title='bbox 1836 3174 2247 3244; x_wconf 77' lang='lat' dir='ltr'>pinguitudinis</span> <span class='ocrx_word' id='word_1_223' title='bbox 2294 3176 2547 3233; x_wconf 80' lang='lat' dir='ltr'>uindicta</span> <span class='ocrx_word' id='word_1_224' title='bbox 2584 3179 2701 3232; x_wconf 99' lang='grc' dir='ltr'>ΡΒ</span> <span class='ocrx_word' id='word_1_225' title='bbox 2737 3196 2870 3247; x_wconf 86' lang='lat' dir='ltr'>p1.n·</span> 
     </span>
     <span class='ocr_line' id='line_1_27' title="bbox 580 3263 2869 3335; baseline 0.001 -16"><span class='ocrx_word' id='word_1_226' title='bbox 580 3264 871 3335; x_wconf 88' lang='lat' dir='ltr'>gutudinis</span> <span class='ocrx_word' id='word_1_227' title='bbox 921 3263 1176 3319; x_wconf 82' lang='lat' dir='ltr'>uindicta</span> <span class='ocrx_word' id='word_1_228' title='bbox 1210 3280 1329 3318; x_wconf 74' lang='lat' dir='ltr'>una</span> <span class='ocrx_word' id='word_1_229' title='bbox 1368 3264 1549 3318; x_wconf 77' lang='lat' dir='ltr'>littera</span> <span class='ocrx_word' id='word_1_230' title='bbox 1577 3269 1707 3333; x_wconf 78' lang='lat' dir='ltr'>post</span> <span class='ocrx_word' id='word_1_231' title='bbox 1743 3264 1803 3333; x_wconf 88' lang='lat' dir='ltr'>pi</span> <span class='ocrx_word' id='word_1_232' title='bbox 1839 3265 2013 3318; x_wconf 81' lang='lat' dir='ltr'>deleta</span> <span class='ocrx_word' id='word_1_233' title='bbox 2052 3266 2105 3318; x_wconf 88' lang='lat' dir='ltr'><strong><em>A</em></strong></span> <span class='ocrx_word' id='word_1_234' title='bbox 2143 3263 2526 3334; x_wconf 79' lang='lat' dir='ltr'>pinguitudini</span> <span class='ocrx_word' id='word_1_235' title='bbox 2562 3265 2790 3322; x_wconf 83' lang='lat' dir='ltr'>inimica</span> <span class='ocrx_word' id='word_1_236' title='bbox 2823 3285 2869 3321; x_wconf 86' lang='lat' dir='ltr'>v.</span> 
     </span>
     <span class='ocr_line' id='line_1_28' title="bbox 582 3349 2871 3424; baseline 0 -16"><span class='ocrx_word' id='word_1_237' title='bbox 582 3351 845 3424; x_wconf 69' lang='lat' dir='ltr'>‘Antiqui</span> <span class='ocrx_word' id='word_1_238' title='bbox 871 3370 1051 3409; x_wconf 75' lang='lat' dir='ltr'>omnes</span> <span class='ocrx_word' id='word_1_239' title='bbox 1079 3354 1229 3419; x_wconf 82' lang='lat' dir='ltr'>libri,</span> <span class='ocrx_word' id='word_1_240' title='bbox 1257 3351 1676 3421; x_wconf 84' lang='lat' dir='ltr'>Pinguitudinis</span> <span class='ocrx_word' id='word_1_241' title='bbox 1704 3353 1978 3408; x_wconf 65' lang='lat' dir='ltr'>uindicta?</span> <span class='ocrx_word' id='word_1_242' title='bbox 2012 3349 2284 3409; x_wconf 74' lang='lat' dir='ltr'>Victorius</span> <span class='ocrx_word' id='word_1_243' title='bbox 2384 3361 2416 3409; x_wconf 87' lang='lat'>5</span> <span class='ocrx_word' id='word_1_244' title='bbox 2445 3354 2647 3410; x_wconf 88' lang='lat' dir='ltr'>thetim</span> <span class='ocrx_word' id='word_1_245' title='bbox 2676 3355 2871 3410; x_wconf 91' lang='lat' dir='ltr'>thelim</span> 
     </span>
    </p>
   </div>
   <div class='ocr_carea' id='block_1_5' title="bbox 581 3443 2871 3553">
    <p class='ocr_par' dir='ltr' id='par_1_8' title="bbox 581 3443 2871 3553">
     <span class='ocr_line' id='line_1_29' title="bbox 581 3443 2871 3553; baseline 0.001 -2"><span class='ocrx_word' id='word_1_246' title='bbox 581 3497 847 3552; x_wconf 86' lang='lat' dir='ltr'>dicebant</span> <span class='ocrx_word' id='word_1_247' title='bbox 882 3496 938 3550; x_wconf 89' lang='lat' dir='ltr'><strong><em>A</em></strong></span> <span class='ocrx_word' id='word_1_248' title='bbox 981 3495 1184 3549; x_wconf 91' lang='lat' dir='ltr'>thetim</span> <span class='ocrx_word' id='word_1_249' title='bbox 1231 3443 1392 3548; x_wconf 62' lang='lat' dir='ltr'>tlelim</span> <span class='ocrx_word' id='word_1_250' title='bbox 1439 3494 1704 3550; x_wconf 77' lang='lat' dir='ltr'>dicebant</span> <span class='ocrx_word' id='word_1_251' title='bbox 1741 3497 1797 3550; x_wconf 95' lang='grc' dir='ltr'><strong><em>Β</em></strong></span> <span class='ocrx_word' id='word_1_252' title='bbox 1842 3494 2026 3549; x_wconf 89' lang='lat' dir='ltr'>thetin</span> <span class='ocrx_word' id='word_1_253' title='bbox 2076 3496 2257 3550; x_wconf 90' lang='lat' dir='ltr'>thelin</span> <span class='ocrx_word' id='word_1_254' title='bbox 2296 3496 2561 3552; x_wconf 85' lang='lat' dir='ltr'>dicebant</span> <span class='ocrx_word' id='word_1_255' title='bbox 2603 3498 2659 3551; x_wconf 90' lang='lat' dir='ltr'><em>P</em></span> <span class='ocrx_word' id='word_1_256' title='bbox 2691 3497 2871 3553; x_wconf 85' lang='lat' dir='ltr'>thetin</span> 
     </span>
    </p>
   </div>
   <div class='ocr_carea' id='block_1_6' title="bbox 579 3595 2875 4569">
    <p class='ocr_par' dir='ltr' id='par_1_9' title="bbox 580 3595 2873 3871">
     <span class='ocr_line' id='line_1_30' title="bbox 581 3595 2872 3702; baseline 0.001 -27"><span class='ocrx_word' id='word_1_257' title='bbox 581 3621 890 3677; x_wconf 84' lang='lat' dir='ltr'>dicebantv</span> <span class='ocrx_word' id='word_1_258' title='bbox 984 3626 1015 3674; x_wconf 88' lang='grc'><strong>6</strong></span> <span class='ocrx_word' id='word_1_259' title='bbox 1045 3621 1151 3674; x_wconf 89' lang='lat' dir='ltr'>hae</span> <span class='ocrx_word' id='word_1_260' title='bbox 1173 3622 1230 3675; x_wconf 90' lang='lat' dir='ltr'><em>P</em></span> <span class='ocrx_word' id='word_1_261' title='bbox 1248 3595 1320 3675; x_wconf 62' lang='lat' dir='ltr'>hg</span> <span class='ocrx_word' id='word_1_262' title='bbox 1342 3620 1398 3674; x_wconf 87' lang='lat' dir='ltr'><strong><em>A</em></strong></span> <span class='ocrx_word' id='word_1_263' title='bbox 1427 3637 1524 3674; x_wconf 87' lang='lat' dir='ltr'>eae</span> <span class='ocrx_word' id='word_1_264' title='bbox 1547 3621 1603 3673; x_wconf 96' lang='grc' dir='ltr'><strong><em>Β</em></strong></span> <span class='ocrx_word' id='word_1_265' title='bbox 1697 3627 1725 3674; x_wconf 80' lang='grc'><strong>7</strong></span> <span class='ocrx_word' id='word_1_266' title='bbox 1758 3637 1865 3689; x_wconf 89' lang='lat' dir='ltr'>que</span> <span class='ocrx_word' id='word_1_267' title='bbox 1904 3631 1970 3674; x_wconf 83' lang='lat' dir='ltr'>ex</span> <span class='ocrx_word' id='word_1_268' title='bbox 1989 3620 2280 3675; x_wconf 87' lang='lat' dir='ltr'>medicam</span> <span class='ocrx_word' id='word_1_269' title='bbox 2301 3639 2412 3702; x_wconf 76' lang='lat' dir='ltr'>qua</span> <span class='ocrx_word' id='word_1_270' title='bbox 2432 3640 2499 3678; x_wconf 85' lang='lat' dir='ltr'>ex</span> <span class='ocrx_word' id='word_1_271' title='bbox 2517 3624 2737 3679; x_wconf 83' lang='lat' dir='ltr'>medica</span> <span class='ocrx_word' id='word_1_272' title='bbox 2759 3624 2872 3677; x_wconf 94' lang='grc' dir='ltr'>ΡΒ</span> 
     </span>
     <span class='ocr_line' id='line_1_31' title="bbox 580 3709 2873 3781; baseline 0 -16"><span class='ocrx_word' id='word_1_273' title='bbox 580 3712 676 3781; x_wconf 90' lang='lat' dir='ltr'>qui</span> <span class='ocrx_word' id='word_1_274' title='bbox 724 3729 791 3766; x_wconf 82' lang='lat' dir='ltr'>ex</span> <span class='ocrx_word' id='word_1_275' title='bbox 836 3709 1056 3765; x_wconf 85' lang='lat' dir='ltr'>medica</span> <span class='ocrx_word' id='word_1_276' title='bbox 1101 3710 1154 3762; x_wconf 95' lang='lat' dir='ltr'><strong><em>A</em></strong></span> <span class='ocrx_word' id='word_1_277' title='bbox 1204 3712 1337 3780; x_wconf 90' lang='lat' dir='ltr'>quia</span> <span class='ocrx_word' id='word_1_278' title='bbox 1383 3729 1450 3765; x_wconf 84' lang='lat' dir='ltr'>ex</span> <span class='ocrx_word' id='word_1_279' title='bbox 1494 3709 1715 3763; x_wconf 85' lang='lat' dir='ltr'>medica</span> <span class='ocrx_word' id='word_1_280' title='bbox 1749 3728 1780 3763; x_wconf 84' lang='lat' dir='ltr'><em>v</em></span> <span class='ocrx_word' id='word_1_281' title='bbox 1926 3709 2135 3763; x_wconf 88' lang='lat' dir='ltr'>allatae</span> <span class='ocrx_word' id='word_1_282' title='bbox 2186 3709 2297 3763; x_wconf 92' lang='lat' dir='ltr'>VB</span> <span class='ocrx_word' id='word_1_283' title='bbox 2341 3711 2493 3766; x_wconf 84' lang='lat' dir='ltr'>alate</span> <span class='ocrx_word' id='word_1_284' title='bbox 2531 3714 2587 3765; x_wconf 93' lang='lat' dir='ltr'><strong><em>A</em></strong></span> <span class='ocrx_word' id='word_1_285' title='bbox 2730 3720 2763 3768; x_wconf 89' lang='grc'>8</span> <span class='ocrx_word' id='word_1_286' title='bbox 2808 3731 2873 3768; x_wconf 84' lang='lat' dir='ltr'>ex</span> 
     </span>
     <span class='ocr_line' id='line_1_32' title="bbox 580 3797 2871 3871; baseline 0.001 -16"><span class='ocrx_word' id='word_1_287' title='bbox 580 3801 649 3855; x_wconf 89' lang='lat' dir='ltr'>iis</span> <span class='ocrx_word' id='word_1_288' title='bbox 679 3800 798 3855; x_wconf 91' lang='lat' dir='ltr'>AB</span> <span class='ocrx_word' id='word_1_289' title='bbox 838 3800 1113 3854; x_wconf 78' lang='lat' dir='ltr'>Victorius</span> <span class='ocrx_word' id='word_1_290' title='bbox 1141 3816 1208 3853; x_wconf 84' lang='lat' dir='ltr'>ex</span> <span class='ocrx_word' id='word_1_291' title='bbox 1234 3799 1324 3853; x_wconf 87' lang='lat' dir='ltr'>his</span> <span class='ocrx_word' id='word_1_292' title='bbox 1366 3800 1417 3852; x_wconf 90' lang='lat' dir='ltr'><em>V</em></span> <span class='ocrx_word' id='word_1_293' title='bbox 1441 3805 1669 3869; x_wconf 76' lang='lat' dir='ltr'>utroque</span> <span class='ocrx_word' id='word_1_294' title='bbox 1698 3801 1810 3854; x_wconf 83' lang='lat' dir='ltr'>loco</span> <span class='ocrx_word' id='word_1_295' title='bbox 1919 3797 2140 3868; x_wconf 83' lang='lat' dir='ltr'>amplae</span> <span class='ocrx_word' id='word_1_296' title='bbox 2180 3799 2413 3855; x_wconf 79' lang='lat' dir='ltr'>Ursinus</span> <span class='ocrx_word' id='word_1_297' title='bbox 2442 3802 2660 3871; x_wconf 86' lang='lat' dir='ltr'>amplas</span> <span class='ocrx_word' id='word_1_298' title='bbox 2700 3803 2871 3857; x_wconf 90' lang='lat' dir='ltr'>VAB</span> 
     </span>
    </p>

    <p class='ocr_par' dir='ltr' id='par_1_10' title="bbox 579 3888 2875 4569">
     <span class='ocr_line' id='line_1_33' title="bbox 723 3888 2872 3947; baseline 0.002 -5"><span class='ocrx_word' id='word_1_299' title='bbox 723 3896 754 3942; x_wconf 87' lang='grc'><strong>9</strong></span> <span class='ocrx_word' id='word_1_300' title='bbox 793 3892 849 3943; x_wconf 89' lang='lat' dir='ltr'>et</span> <span class='ocrx_word' id='word_1_301' title='bbox 887 3906 918 3944; x_wconf 90' lang='lat' dir='ltr'>e</span> <span class='ocrx_word' id='word_1_302' title='bbox 956 3889 1137 3943; x_wconf 85' lang='lat' dir='ltr'>cauda</span> <span class='ocrx_word' id='word_1_303' title='bbox 1168 3888 1285 3941; x_wconf 91' lang='lat' dir='ltr'>PA</span> <span class='ocrx_word' id='word_1_304' title='bbox 1314 3891 1372 3942; x_wconf 87' lang='lat' dir='ltr'>et</span> <span class='ocrx_word' id='word_1_305' title='bbox 1400 3888 1582 3942; x_wconf 86' lang='lat' dir='ltr'>cauda</span> <span class='ocrx_word' id='word_1_306' title='bbox 1611 3889 1706 3941; x_wconf 86' lang='lat' dir='ltr'>Bv</span> <span class='ocrx_word' id='word_1_307' title='bbox 1854 3894 1919 3942; x_wconf 94' lang='grc'>10</span> <span class='ocrx_word' id='word_1_308' title='bbox 1957 3888 2240 3943; x_wconf 87' lang='lat' dir='ltr'>ordeaceis</span> <span class='ocrx_word' id='word_1_309' title='bbox 2281 3890 2332 3943; x_wconf 92' lang='lat' dir='ltr'><strong><em>V</em></strong></span> <span class='ocrx_word' id='word_1_310' title='bbox 2470 3891 2731 3946; x_wconf 84' lang='lat' dir='ltr'>lolleaeia.</span> <span class='ocrx_word' id='word_1_311' title='bbox 2762 3893 2872 3947; x_wconf 92' lang='grc' dir='ltr'>ΡΒ</span> 
     </span>
     <span class='ocr_line' id='line_1_34' title="bbox 579 3975 2872 4036; baseline 0.001 -5"><span class='ocrx_word' id='word_1_312' title='bbox 579 3978 836 4034; x_wconf 86' lang='lat' dir='ltr'>lollearia</span> <span class='ocrx_word' id='word_1_313' title='bbox 864 3978 919 4031; x_wconf 95' lang='lat' dir='ltr'><strong><em>A</em></strong></span> <span class='ocrx_word' id='word_1_314' title='bbox 955 3977 1192 4031; x_wconf 82' lang='lat' dir='ltr'>lolearia</span> <span class='ocrx_word' id='word_1_315' title='bbox 1226 3996 1278 4031; x_wconf 87' lang='lat' dir='ltr'>m</span> <span class='ocrx_word' id='word_1_316' title='bbox 1315 3975 1553 4032; x_wconf 85' lang='lat' dir='ltr'>loliacea</span> <span class='ocrx_word' id='word_1_317' title='bbox 1580 3995 1614 4032; x_wconf 80' lang='lat' dir='ltr'><strong><em>v</em></strong></span> <span class='ocrx_word' id='word_1_318' title='bbox 1726 3984 1789 4031; x_wconf 91' lang='lat'>11</span> <span class='ocrx_word' id='word_1_319' title='bbox 1829 3975 2137 4032; x_wconf 86' lang='lat' dir='ltr'>cibundant</span> <span class='ocrx_word' id='word_1_320' title='bbox 2164 3979 2216 4033; x_wconf 91' lang='lat' dir='ltr'><strong><em>A</em></strong></span> <span class='ocrx_word' id='word_1_321' title='bbox 2331 3985 2394 4032; x_wconf 84' lang='lat'>12</span> <span class='ocrx_word' id='word_1_322' title='bbox 2436 3983 2732 4036; x_wconf 87' lang='lat' dir='ltr'>concoctus</span> <span class='ocrx_word' id='word_1_323' title='bbox 2765 3981 2872 4035; x_wconf 92' lang='lat' dir='ltr'>VB</span> 
     </span>
     <span class='ocr_line' id='line_1_35' title="bbox 582 4066 2869 4133; baseline 0.002 -11"><span class='ocrx_word' id='word_1_324' title='bbox 582 4070 771 4122; x_wconf 86' lang='lat' dir='ltr'>coctus</span> <span class='ocrx_word' id='word_1_325' title='bbox 818 4067 874 4121; x_wconf 90' lang='lat' dir='ltr'><strong><em>A</em></strong></span> <span class='ocrx_word' id='word_1_326' title='bbox 1028 4068 1334 4133; x_wconf 84' lang='lat' dir='ltr'>antequam</span> <span class='ocrx_word' id='word_1_327' title='bbox 1391 4066 1696 4120; x_wconf 86' lang='lat' dir='ltr'>secundum</span> <span class='ocrx_word' id='word_1_328' title='bbox 1755 4066 1891 4120; x_wconf 86' lang='lat' dir='ltr'>dent</span> <span class='ocrx_word' id='word_1_329' title='bbox 1937 4066 2299 4122; x_wconf 73' lang='lat' dir='ltr'>Schneiderus</span> <span class='ocrx_word' id='word_1_330' title='bbox 2453 4068 2591 4124; x_wconf 84' lang='lat' dir='ltr'>data</span> <span class='ocrx_word' id='word_1_331' title='bbox 2637 4070 2693 4124; x_wconf 91' lang='lat' dir='ltr'><strong><em>A</em></strong></span> <span class='ocrx_word' id='word_1_332' title='bbox 2738 4087 2869 4126; x_wconf 70' lang='lat' dir='ltr'>corr.</span> 
     </span>
     <span class='ocr_line' id='line_1_36' title="bbox 580 4156 2872 4227; baseline 0.003 -19"><span class='ocrx_word' id='word_1_333' title='bbox 580 4156 714 4211; x_wconf 85' lang='lat' dir='ltr'>dato</span> <span class='ocrx_word' id='word_1_334' title='bbox 753 4157 834 4211; x_wconf 80' lang='lat' dir='ltr'>A²</span> <span class='ocrx_word' id='word_1_335' title='bbox 961 4172 1127 4224; x_wconf 85' lang='lat' dir='ltr'>quam</span> <span class='ocrx_word' id='word_1_336' title='bbox 1165 4158 1577 4226; x_wconf 86' lang='lat' dir='ltr'>perpurgarunt</span> <span class='ocrx_word' id='word_1_337' title='bbox 1617 4156 1799 4210; x_wconf 89' lang='grc' dir='ltr'>ΡΑΒ</span> <span class='ocrx_word' id='word_1_338' title='bbox 1839 4173 1964 4210; x_wconf 89' lang='lat' dir='ltr'>cum</span> <span class='ocrx_word' id='word_1_339' title='bbox 2002 4159 2345 4227; x_wconf 85' lang='lat' dir='ltr'>perpurgant</span> <span class='ocrx_word' id='word_1_340' title='bbox 2380 4176 2411 4211; x_wconf 86' lang='lat' dir='ltr'><em>v</em></span> <span class='ocrx_word' id='word_1_341' title='bbox 2535 4165 2598 4213; x_wconf 88' lang='lat'>15</span> <span class='ocrx_word' id='word_1_342' title='bbox 2639 4161 2696 4214; x_wconf 88' lang='lat' dir='ltr'>et</span> <span class='ocrx_word' id='word_1_343' title='bbox 2730 4159 2872 4213; x_wconf 90' lang='lat' dir='ltr'>triti-</span> 
     </span>
     <span class='ocr_line' id='line_1_37' title="bbox 582 4245 2872 4304; baseline 0.001 -3"><span class='ocrx_word' id='word_1_344' title='bbox 582 4263 680 4301; x_wconf 89' lang='lat' dir='ltr'>ceo</span> <span class='ocrx_word' id='word_1_345' title='bbox 719 4246 901 4301; x_wconf 90' lang='lat' dir='ltr'>PAB</span> <span class='ocrx_word' id='word_1_346' title='bbox 937 4262 1074 4301; x_wconf 76' lang='lat' dir='ltr'>corr.</span> <span class='ocrx_word' id='word_1_347' title='bbox 1116 4263 1145 4299; x_wconf 88' lang='lat' dir='ltr'>e</span> <span class='ocrx_word' id='word_1_348' title='bbox 1183 4245 1405 4300; x_wconf 83' lang='lat' dir='ltr'>triticeo</span> <span class='ocrx_word' id='word_1_349' title='bbox 1435 4245 1517 4300; x_wconf 81' lang='lat' dir='ltr'>A2</span> <span class='ocrx_word' id='word_1_350' title='bbox 1555 4263 1623 4300; x_wconf 83' lang='lat' dir='ltr'>ex</span> <span class='ocrx_word' id='word_1_351' title='bbox 1659 4245 1881 4300; x_wconf 81' lang='lat' dir='ltr'>triticeo</span> <span class='ocrx_word' id='word_1_352' title='bbox 1918 4264 1949 4299; x_wconf 87' lang='lat' dir='ltr'><em>v</em></span> <span class='ocrx_word' id='word_1_353' title='bbox 2063 4251 2127 4300; x_wconf 88' lang='grc'>16</span> <span class='ocrx_word' id='word_1_354' title='bbox 2164 4245 2411 4301; x_wconf 87' lang='lat' dir='ltr'>farciunt</span> <span class='ocrx_word' id='word_1_355' title='bbox 2446 4265 2477 4301; x_wconf 82' lang='lat' dir='ltr'><strong><em>v</em></strong></span> <span class='ocrx_word' id='word_1_356' title='bbox 2516 4248 2736 4303; x_wconf 84' lang='lat' dir='ltr'>faciunt</span> <span class='ocrx_word' id='word_1_357' title='bbox 2762 4250 2872 4304; x_wconf 93' lang='grc' dir='ltr'>ΡΒ</span> 
     </span>
     <span class='ocr_line' id='line_1_38' title="bbox 580 4334 2874 4407; baseline 0.001 -18"><span class='ocrx_word' id='word_1_358' title='bbox 580 4336 790 4390; x_wconf 88' lang='lat' dir='ltr'>fatiunt</span> <span class='ocrx_word' id='word_1_359' title='bbox 825 4337 879 4388; x_wconf 91' lang='lat' dir='ltr'><strong><em>A</em></strong></span> <span class='ocrx_word' id='word_1_360' title='bbox 918 4353 1054 4391; x_wconf 78' lang='lat' dir='ltr'>corr.</span> <span class='ocrx_word' id='word_1_361' title='bbox 1094 4335 1333 4389; x_wconf 84' lang='lat' dir='ltr'>fartiunt</span> <span class='ocrx_word' id='word_1_362' title='bbox 1368 4335 1452 4389; x_wconf 72' lang='lat' dir='ltr'>A2</span> <span class='ocrx_word' id='word_1_363' title='bbox 1566 4340 1634 4389; x_wconf 81' lang='lat'>20</span> <span class='ocrx_word' id='word_1_364' title='bbox 1675 4334 1789 4388; x_wconf 86' lang='lat' dir='ltr'>sint</span> <span class='ocrx_word' id='word_1_365' title='bbox 1823 4351 1984 4404; x_wconf 87' lang='lat' dir='ltr'>pares</span> <span class='ocrx_word' id='word_1_366' title='bbox 2024 4335 2381 4392; x_wconf 78' lang='lat' dir='ltr'>Schneiderus</span> <span class='ocrx_word' id='word_1_367' title='bbox 2418 4337 2495 4391; x_wconf 86' lang='lat' dir='ltr'>sit</span> <span class='ocrx_word' id='word_1_368' title='bbox 2531 4339 2657 4407; x_wconf 84' lang='lat' dir='ltr'>pari</span> <span class='ocrx_word' id='word_1_369' title='bbox 2697 4339 2874 4392; x_wconf 91' lang='grc' dir='ltr'>ΡΑΒ</span> 
     </span>
     <span class='ocr_line' id='line_1_39' title="bbox 584 4421 2875 4494; baseline 0.002 -17"><span class='ocrx_word' id='word_1_370' title='bbox 584 4423 657 4478; x_wconf 87' lang='lat' dir='ltr'>sit</span> <span class='ocrx_word' id='word_1_371' title='bbox 692 4441 794 4493; x_wconf 85' lang='lat' dir='ltr'>par</span> <span class='ocrx_word' id='word_1_372' title='bbox 830 4442 862 4478; x_wconf 87' lang='lat' dir='ltr'><strong><em>v</em></strong></span> <span class='ocrx_word' id='word_1_373' title='bbox 1093 4425 1390 4494; x_wconf 83' lang='lat' dir='ltr'>palumbos</span> <span class='ocrx_word' id='word_1_374' title='bbox 1427 4425 1546 4477; x_wconf 90' lang='lat' dir='ltr'>AB</span> <span class='ocrx_word' id='word_1_375' title='bbox 1584 4421 1878 4492; x_wconf 84' lang='lat' dir='ltr'>palumbes</span> <span class='ocrx_word' id='word_1_376' title='bbox 1925 4423 1979 4478; x_wconf 90' lang='lat' dir='ltr'><strong><em>V</em></strong></span> <span class='ocrx_word' id='word_1_377' title='bbox 2168 4441 2234 4479; x_wconf 87' lang='lat' dir='ltr'>ae</span> <span class='ocrx_word' id='word_1_378' title='bbox 2272 4426 2507 4480; x_wconf 85' lang='lat' dir='ltr'>credunt</span> <span class='ocrx_word' id='word_1_379' title='bbox 2542 4426 2598 4480; x_wconf 90' lang='lat' dir='ltr'><strong><em>A</em></strong></span> <span class='ocrx_word' id='word_1_380' title='bbox 2636 4444 2772 4483; x_wconf 82' lang='lat' dir='ltr'>corr.</span> <span class='ocrx_word' id='word_1_381' title='bbox 2812 4445 2875 4482; x_wconf 86' lang='lat' dir='ltr'>ac</span> 
     </span>
     <span class='ocr_line' id='line_1_40' title="bbox 580 4513 2108 4569; baseline -0.001 0"><span class='ocrx_word' id='word_1_382' title='bbox 580 4514 823 4569; x_wconf 82' lang='lat' dir='ltr'>reddunt</span> <span class='ocrx_word' id='word_1_383' title='bbox 857 4513 939 4566; x_wconf 70' lang='grc' dir='ltr'>Αἱι</span> <span class='ocrx_word' id='word_1_384' title='bbox 2105 4527 2108 4530; x_wconf 88' lang='grc'><strong><em>·</em></strong></span> 
     </span>
    </p>
   </div>
  </div>
 </body>
</html>
