3178 5185
807 436 1065 489 RERVM
1103 436 1580 491 RVSTICARVM
1619 438 1755 492 LIB.
1795 437 1818 489 I
1860 433 2115 491 34—37
2279 503 2283 509 Δ
2521 425 2605 489 91»

499 595 705 650 XXXV
752 590 782 650 1
855 590 1113 651 Serere
1188 590 1422 652 lilium
1497 602 1565 653 et
1638 609 1925 652 crocum
2001 589 2183 670 quod
2250 592 2383 648 iam
2450 599 2611 669 eget

327 696 638 757 radicem
705 715 937 758 rosam
1002 715 1077 757 ea
1135 698 1474 759 conditur
1530 700 1887 760 radicitus
1943 700 2010 758 in
2069 697 2390 777 uirgulas
2455 698 2610 776 pal-

328 802 579 881 mares]
630 806 787 881 qut
829 805 1182 887 apographa,
1229 810 1354 882 eqit
1397 809 1457 866 in
1504 807 1774 886 principe
1821 805 2078 866 editione
2118 788 2441 866 Politianus
2489 823 2609 865 non

331 915 602 978 correxit.
695 917 859 989 quod
919 916 1040 973 iam
1097 918 1222 989 eqit
1273 917 1577 976 radicem:
1642 931 1785 975 rosa
1851 917 2028 974 etiam
2086 914 2433 974 conciditur
2488 910 2608 971 edi·

337 1021 525 1079 tiones
572 1028 706 1081 ante
753 1019 1103 1102 victorium,
1153 1022 1253 1101 qui
1300 1039 1502 1082 rosam
1559 1040 1634 1082 ea
1691 1039 1761 1081 ex
1818 1019 2019 1080 codice
2078 1021 2320 1098 recepit.
2413 1037 2610 1079 veram

331 1126 640 1187 verborum
689 1128 1043 1188 sententiam
1092 1129 1518 1189 demonstravit
1565 1127 1993 1208 Schneiderus,
2048 1145 2258 1189 serere
2317 1129 2507 1187 lilium
2555 1133 2613 1187 et

331 1251 605 1306 croc·um;
650 1229 817 1309 quod
860 1237 980 1295 iam
1027 1239 1151 1310 eqit
1195 1233 1486 1309 radicem,
1535 1242 1796 1295 rosetum
1845 1237 2206 1295 conciditur.
2273 1233 2376 1295 sed
2417 1236 2611 1312 aptius

333 1359 458 1401 esse
503 1349 650 1420 puto
699 1341 856 1422 quod
905 1344 1136 1423 scripsi,
1181 1361 1389 1403 serere
1435 1344 1626 1403 lilium
1673 1350 1732 1403 et
1777 1359 2041 1403 crocum.
2115 1360 2273 1417 quae
2321 1344 2441 1402 iam
2489 1344 2614 1416 eqit

333 1451 601 1509 radicem
646 1467 808 1525 rosa,
857 1470 931 1510 ea
977 1453 1261 1511 caeditur
1308 1446 1437 1529 sqq.
1529 1468 1663 1509 nam
1729 1448 1801 1509 de
1850 1448 2103 1509 surculis
2151 1467 2420 1509 rosarum
2466 1447 2610 1508 haec

333 1557 774 1635 praecipiuntur
820 1574 852 1616 a
891 1555 1297 1635 Theophrasto
1344 1555 1484 1616 hist.
1519 1555 1702 1635 plant.
1731 1555 1802 1616 VI
1833 1553 1890 1638 6,
1921 1554 1978 1638 6,
2025 1575 2057 1616 a
2095 1555 2350 1616 Palladio
2390 1555 2495 1618 ΧΠ
2534 1553 2607 1616 11

337 1671 393 1722 et
439 1664 497 1722 in
544 1665 887 1741 geoponicis
933 1662 1013 1722 XI
1056 1661 1155 1744 18,
1193 1661 1250 1724 2.

504 1775 767 1830 XXXVII
811 1769 840 1831 l
909 1769 1284 1849 Bipertiti]
1355 1773 1807 1847 Quadripertiti
1859 1769 2110 1831 Ursinus
2169 1771 2454 1850 coniecit,
2509 1787 2626 1829 non

337 1876 806 1937 animadvertens
872 1878 1021 1939 hanc
1086 1878 1426 1957 bipertitam
1494 1877 1872 1958 divisionem,
1930 1896 2104 1956 quam
2161 1875 2344 1937 Varro
2411 1879 2627 1958 posuit,

336 1985 549 2061 opponi
597 1983 819 2063 vulgari
867 1984 950 2045 illi
997 1993 1055 2046 et
1103 1985 1587 2066 quadripertitae,
1638 2002 1787 2064 quae
1834 1991 2037 2064 postea
2087 1984 2322 2045 dicitur.

508 2089 708 2160 Quod
783 2090 1275 2176 adueniataad
1343 2089 2023 2168 intermenstruum]
2099 2092 2317 2163 Quoad
2377 2094 2628 2152 ueniant

344 2200 867 2260 intermenstruum
923 2218 1009 2280 m,
1074 2202 1239 2274 quod
1299 2202 1597 2260 adueniat
1665 2202 1752 2259 ad
1814 2202 2345 2258 intermenstruum
2411 2197 2627 2276 reliqui

344 2321 554 2365 omneS.
648 2307 855 2379 quoad
905 2308 1109 2365 veniat
1163 2307 1224 2364 in
1281 2307 1552 2385 principe
1612 2302 1870 2364 editione
1926 2302 2253 2363 Politianus
2319 2322 2437 2364 non
2497 2323 2624 2364 cor-

342 2413 510 2492 rexit,
558 2416 724 2487 quod
766 2415 967 2473 veniat
1014 2412 1327 2474 Victorius.
1401 2415 1610 2488 quoad
1651 2399 2054 2490 probaverunt
2100 2410 2511 2472 Lachmannus
2559 2413 2621 2471 in

347 2516 574 2579 Lucret.
630 2538 688 2599 p.
734 2516 856 2581 133
914 2528 972 2581 et
1029 2519 1090 2580 C.
1129 2519 1192 2581 F.
1230 2518 1321 2580 W.
1359 2519 1679 2581 Muellerus
1735 2517 1967 2597 ephem.
2015 2516 2287 2578 scholast.
2334 2516 2525 2579 Berol.
2575 2538 2623 2578 a.

347 2621 509 2687 1865
555 2644 613 2704 p.
652 2623 800 2688 800.
847 2646 956 2707 pro
1003 2627 1115 2687 hoc
1163 2631 1374 2702 quaad
1418 2629 1661 2708 scripsi,
1708 2626 1779 2686 de
1842 2644 1955 2704 qua
2002 2625 2188 2685 forma
2237 2626 2358 2685 dixi
2402 2625 2427 2685 1
2472 2623 2527 2708 l,
2565 2625 2626 2687 2.

344 2765 421 2775 —
457 2733 530 2793 de
580 2736 1046 2795 intermenstruo
1094 2734 1189 2795 die
1231 2735 1412 2795 Varro
1459 2735 1532 2795 de
1571 2735 1708 2811 ling.
1751 2732 1845 2793 lat.
1885 2731 1958 2791 Vl
2004 2728 2081 2792 10
2129 2730 2338 2792 scribit
2376 2753 2414 2794 a
2463 2752 2622 2795 men-

340 2842 495 2900 sibus
562 2844 961 2903 intermestris
1026 2845 1278 2917 dictum,
1335 2846 1499 2917 quod
1542 2842 1848 2917 putabant
1902 2843 2060 2900 inter
2117 2840 2350 2915 prioris
2407 2845 2625 2902 mensis
2695 2838 2698 2841 ’

340 2950 699 3009 senescentis
756 2955 1090 3010 extremum
1156 2952 1313 3010 diem
1369 2958 1426 3010 et
1480 2966 1695 3010 novam
1759 2951 1964 3007 lunam
2029 2964 2157 3007 esse
2212 2949 2395 3022 diem,
2451 2966 2624 3023 quem

343 3056 688 3130 diliqentius
725 3058 915 3117 Attici
959 3051 1118 3136 ἕνην
1164 3050 1273 3117 καὶ
1319 3051 1482 3118 νέαν
1531 3059 1919 3133 appellarunt
1964 3056 2041 3114 ab
2089 3071 2175 3129 e0,
2213 3057 2379 3129 quod
2421 3074 2489 3117 eo
2529 3059 2627 3118 die

334 3170 526 3239 potest
572 3165 772 3223 videri
815 3171 1090 3224 extrema
1137 3171 1196 3224 et
1233 3167 1439 3240 prima
1486 3168 1650 3224 luna.

372 3267 379 3277 '
514 3268 869 3340 Quaedam
938 3277 1190 3329 contra
1257 3287 1434 3347 quae
1501 3278 1724 3330 metas
1790 3277 1869 3328 ut
1929 3267 2288 3328 frumenta
2349 3278 2418 3329 et
2472 3287 2627 3330 cae-

342 3374 507 3435 duas
557 3373 813 3452 siluas]
871 3377 1183 3448 Quaedam
1232 3383 1467 3451 contra,
1505 3384 1573 3437 ut
1610 3394 1768 3451 quae
1803 3381 1991 3435 metas
2031 3374 2347 3449 frumenta
2395 3385 2453 3437 et
2490 3395 2625 3438 cae-

344 3485 521 3543 duam
558 3485 773 3543 silvam
812 3482 1131 3566 IucunduS,
1169 3486 1469 3559 quaedam
1507 3491 1725 3544 contra
1764 3501 1922 3558 quae
1958 3489 2163 3556 metaS,
2202 3491 2270 3543 ut
2300 3484 2631 3560 frumenta,

344 3598 399 3650 et
452 3593 706 3664 caedas,
754 3598 821 3650 ut
871 3594 1083 3652 silvam
1129 3589 1457 3651 Pontedera
1505 3609 1561 3670 p.
1606 3587 1764 3672 146,
1821 3588 1978 3669 quod
2038 3588 2439 3651 Schneiderus
2494 3609 2628 3670 pro-

344 3694 510 3756 bavit.
603 3714 797 3776 neque
845 3705 1042 3758 tamen
1091 3697 1480 3758 dubitandum
1529 3705 1659 3758 erat
1706 3696 1777 3757 de
1825 3704 2047 3756 mutata
2094 3695 2280 3755 forma
2330 3699 2627 3758 orationis

347 3803 630 3881 quaedam
680 3811 987 3864 crescente
1034 3806 1234 3882 potius
1282 3822 1472 3884 quam*
1505 3811 1856 3865 senescente
1915 3801 2054 3862 luna
2112 3801 2406 3884 facienda,
2454 3822 2626 3882 quae·

345 3908 472 3968 dam
521 3917 663 3970 sunt
710 3928 858 3988 quae
908 3918 1131 3991 contra,
1179 3913 1216 3972 i.
1256 3930 1303 3971 e.
1353 3917 1702 3971 senescente
1749 3908 1904 3989 luna,
1953 3915 2155 3970 metas,

517 4012 559 4077 2
633 4015 1207 4085 Nidecrescenti¹
1253 4018 1415 4078 luna
1481 4016 1738 4077 tondes
1803 4016 2046 4075 caluos
2114 4014 2315 4093 fiam]
2384 4019 2466 4077 Ni
2529 4021 2626 4079 de-

345 4126 648 4184 crescenti
704 4122 798 4183 vel
862 4126 1004 4185 inde
1058 4129 1360 4186 crescenti
1412 4124 1665 4204 plurima
1723 4123 2052 4202 apographa
2109 4131 2169 4183 et
2222 4126 2417 4203 ipsum
2471 4123 2629 4185 haud

345 4228 515 4290 dubie
566 4229 970 4311 archetypum,
1013 4234 1277 4312 quamvis
1325 4235 1715 4294 decrescente
1761 4230 2086 4291 Politianus
2132 4249 2252 4290 non
2298 4235 2628 4294 mutaverit.

344 4346 409 4398 ut
451 4341 845 4399 decrescente
890 4358 961 4399 ex
1008 4341 1278 4418 principe
1328 4339 1582 4400 editione
1632 4337 1885 4398 Ursinus
1933 4345 1993 4397 et
2040 4336 2443 4400 Schneiderus
2489 4358 2625 4419 pro-

344 4442 632 4506 baverunt
670 4444 800 4506 coll.
840 4444 986 4506 Plin.
1016 4444 1143 4505 XVI
1177 4442 1303 4508 194
1349 4447 1622 4507 Tiberius
1671 4448 1826 4505 idem
1866 4451 1923 4505 et
1970 4448 2031 4505 in
2069 4448 2289 4521 capillo
2327 4451 2628 4509 tondendo

344 4556 604 4613 servavit
667 4554 1015 4613 interlunia.
1112 4552 1193 4612 M.
1256 4553 1450 4613 Varro
1506 4555 1799 4612 adversus
1857 4554 2120 4628 defluvia
2166 4558 2478 4632 praecipit
2530 4558 2626 4616 ob-
