3178 5185
1339 374 1752 429 PRAEFATIO
2590 378 2693 432 Vn

379 550 551 601 terea
612 542 885 603 eiusdem
935 541 1207 603 Politiani
1266 562 1439 603 manu
1490 562 1665 621 saepe
1715 546 1775 603 in
1825 544 2191 622 marginibus
2240 545 2467 624 singula
2516 546 2691 606 verba

383 651 617 728 scripta
659 659 820 731 sunt,
859 650 1078 728 quibus
1116 649 1213 710 ille
1251 653 1468 730 partim
1499 660 1843 730 argumenta
1874 670 2095 732 rerum,
2125 652 2195 712 de
2229 651 2444 732 quibus
2484 656 2695 734 agitur,

378 755 656 816 breviter
702 757 1002 837 indicavit,
1049 759 1264 836 partim
1314 757 1493 818 verba
1540 760 1786 838 antiqua
1827 758 1917 818 vel
1956 758 2152 837 aliquo
2193 759 2366 819 modo
2408 779 2692 820 memora-

380 863 529 924 bilia
592 867 787 926 notari
838 864 1024 924 voluit
1070 912 1083 925 .
1131 867 1190 924 in
1252 865 1344 924 his
1400 865 1576 925 modo
1634 874 1962 926 atramento
2019 867 2195 927 modo
2253 865 2488 927 rubrica
2548 887 2694 929 usus

381 980 481 1032 est
522 1021 536 1034 .
576 991 766 1051 pauca
813 979 1012 1031 autem
1061 980 1217 1050 sunt,
1268 990 1436 1052 quae,
1486 974 1762 1052 quoniam
1813 972 2059 1033 eandem
2108 975 2463 1051 scripturam
2514 983 2691 1054 atque

383 1086 672 1157 excerpta
720 1077 1002 1137 Marciani
1049 1078 1271 1138 codicis
1318 1079 1616 1159 referunt,
1683 1078 1940 1140 dubitari
1997 1087 2193 1158 potest
2239 1099 2313 1140 an
2362 1099 2432 1140 ex
2481 1084 2692 1160 margi-

384 1184 571 1244 nibus
622 1204 798 1245 manu
848 1188 1054 1264 scripti
1101 1185 1238 1245 libri
1287 1188 1468 1264 petita
1517 1188 1638 1246 sint
1667 1234 1680 1246 .
1711 1185 2077 1266 reliquorum
2128 1189 2425 1266 scriptura
2471 1188 2543 1248 ab
2593 1208 2691 1248 ex-

386 1293 617 1370 cerptis
673 1295 987 1372 utriusque
1044 1294 1267 1353 codicis
1324 1293 1552 1353 diversa
1603 1301 1722 1375 est,
1779 1301 1839 1353 et
1895 1293 2003 1353 alia
2061 1294 2298 1373 quidem
2346 1295 2694 1378 PolitianuS,

385 1406 708 1476 antequam
769 1419 947 1460 manu
995 1402 1250 1479 scriptos
1298 1398 1486 1459 libros
1534 1399 1875 1481 adhibebat,
1934 1402 2275 1482 scripsisse,
2331 1402 2439 1462 alia
2486 1412 2692 1483 postea

389 1504 691 1566 addidisse
748 1508 986 1568 videtur
1026 1556 1039 1569 .
1079 1507 1338 1587 denique
1398 1510 1571 1567 etiam
1623 1510 1998 1568 coniecturas
2046 1527 2162 1568 non
2213 1508 2404 1569 nullas
2451 1509 2691 1571 rubrica

392 1613 666 1694 quidem,
727 1634 840 1693 qua
900 1617 1025 1694 ipsa
1081 1618 1142 1675 in
1202 1617 1534 1676 recentiore
1597 1633 1834 1694 quoque
1884 1615 2085 1676 codice
2135 1616 2496 1676 conferendo
2546 1635 2691 1677 usus

390 1728 548 1801 erat,
596 1730 864 1782 exaratas
912 1723 1227 1801 adscripsit
1275 1771 1288 1783 .
1338 1741 1484 1801 quas
1533 1723 1907 1783 coniecturas
1956 1741 2309 1802 quamquam
2360 1726 2688 1802 anteposita

390 1836 531 1886 nota
582 1831 634 1889 ε’
670 1846 700 1887 a
741 1828 1099 1889 lectionibus
1139 1828 1360 1889 codicis
1400 1829 1688 1909 distinxit,
1735 1837 1930 1889 tamen
1972 1848 2087 1889 non
2127 1847 2377 1907 prorsus
2415 1841 2690 1891 accurate

389 1932 519 1993 illas
567 1938 880 2016 separavit,
929 1936 1029 1996 sed
1072 1954 1207 1996 cum
1247 1935 1411 1996 illum
1453 1936 1706 1996 alterum
1745 1937 2010 1997 codicem
2050 1955 2120 1997 eo
2159 1936 2405 1997 consilio
2445 1937 2687 1999 adhibu-

386 2043 550 2121 isset,
601 2051 666 2100 ut
712 2051 1057 2122 corruptam
1106 2046 1334 2124 antiqui
1383 2044 1605 2104 codicis
1653 2045 2029 2123 scripturam,
2077 2046 2126 2102 si
2174 2045 2306 2103 fieri
2351 2055 2571 2125 posset,
2619 2065 2687 2106 ex

387 2168 457 2209 eo
505 2149 852 2210 emendaret
901 2150 1227 2228 eodemque
1278 2159 1572 2230 tempore,
1622 2160 1689 2209 ut
1736 2149 1984 2231 videtur,
2034 2149 2229 2229 siquid
2276 2152 2403 2228 ipse
2454 2154 2688 2212 coniec-

388 2265 521 2316 tura
569 2259 896 2337 invenerat,
942 2256 1328 2338 adscriberet,
1375 2276 1494 2317 non
1543 2266 1903 2337 constanter,
1951 2257 2089 2335 quid
2140 2258 2268 2335 ipse
2315 2259 2690 2339 coniecisset,

388 2363 532 2441 quid
570 2366 627 2423 in
671 2382 850 2425 manu
891 2367 1114 2445 scripto
1153 2364 1304 2425 libro
1344 2366 1690 2446 invenisset,
1729 2365 2092 2443 significavit.
2154 2364 2433 2424 Marciani
2465 2365 2686 2426 codicis

385 2470 542 2531 idem
603 2474 965 2532 mentionem
1023 2472 1165 2532 fecit
1221 2474 1283 2531 in
1340 2470 1733 2531 miscellaneis
1790 2489 1839 2530 c.
1888 2467 2000 2550 35,
2060 2473 2214 2531 Nam
2258 2474 2424 2549 quod
2464 2474 2692 2533 habent

387 2582 586 2653 etiam,
635 2583 744 2654 qui
778 2584 1084 2656 putantur
1121 2580 1598 2641 emendatissimi
1631 2579 1889 2651 codiceS,
1935 2580 1997 2638 in
2036 2579 2457 2655 Ephemeridis
2494 2583 2686 2640 uersi-

390 2688 527 2760 buS,
575 2679 770 2766 (Varr.
811 2704 864 2745 r.
902 2703 949 2745 r.
986 2684 1013 2744 Ι
1050 2678 1195 2767 48),
1246 2689 1359 2746 hoc
1407 2703 1519 2760 eqo
1568 2687 1632 2744 in
1680 2687 2078 2746 venerandae
2124 2690 2444 2746 uetustatis
2490 2705 2686 2748 exem-

386 2797 561 2869 plari
585 2813 620 2854 e
639 2795 895 2870 publica
919 2796 1119 2868 ⁸clentis
1139 2793 1425 2853 Medicae
1453 2794 1815 2853 bibliotheca
1843 2794 1934 2853 sic
1963 2795 2238 2853 inuenio.-
2268 2794 2342 2853 In
2362 2794 2694 2856 Euhemeri

392 2901 565 2961 libris
611 2903 829 2963 uersis

563 3004 860 3084 Excerpta
900 3007 1215 3085 utriusque
1255 3005 1476 3066 codicis
1518 3004 1592 3064 ab
1621 3004 1879 3065 Henrico
1910 3003 2325 3065 Brenkmanno
2366 3014 2511 3087 tum,
2550 3026 2686 3068 cum

389 3112 661 3172 Politiani
708 3112 861 3172 liber
898 3111 1232 3173 Florentiae
1281 3121 1426 3192 erat,
1475 3112 1771 3191 descripta
1821 3112 2031 3172 habuit
2060 3112 2361 3173 Gesnerus
2400 3132 2586 3191 eaque
2626 3117 2687 3174 in

390 3238 553 3280 suam
585 3218 910 3279 editionem
940 3222 1168 3299 recepit
1187 3268 1200 3281 .
1223 3222 1417 3298 ipsum
1449 3219 1668 3279 librum
1700 3227 1827 3279 tum
1856 3222 1916 3280 in
1949 3222 2144 3297 magni
2173 3219 2342 3280 ducis
2371 3218 2685 3281 Hetruriae

392 3326 746 3388 bibliotheca
806 3326 990 3386 fuisse
1049 3328 1291 3405 scripsit
1338 3328 1396 3386 in
1444 3326 1810 3405 praefatione
1857 3346 1916 3406 p.
1966 3326 2090 3405 XX,
2136 3345 2346 3405 parum
2394 3335 2688 3408 accurate,

387 3441 454 3494 ut
499 3433 737 3494 videtur
768 3481 780 3493 .
811 3452 945 3493 nam
996 3432 1346 3512 BandiniuS,
1406 3435 1510 3512 qui
1555 3435 1715 3492 inter
1763 3435 2087 3512 scriptores
2134 3451 2166 3492 a
2213 3431 2502 3493 Politiano
2550 3449 2683 3494 cum

391 3539 558 3601 libris
605 3558 784 3600 manu
825 3542 1064 3619 scriptis
1105 3539 1347 3600 collatos
1387 3539 1539 3599 hanc
1580 3540 1940 3618 scriptorum
1978 3541 2068 3599 rei
2097 3541 2357 3600 rusticae
2389 3540 2686 3601 editonem

387 3650 609 3728 posuit,
656 3646 1122 3726 Ragionamento
1170 3649 1413 3707 istorico
1465 3665 1638 3725 sopra
1685 3646 1739 3706 le
1788 3646 2090 3706 collazioni
2139 3646 2290 3706 delle
2340 3645 2684 3708 Florentine

388 3755 666 3834 pandette
713 3755 857 3814 fatte
907 3754 977 3813 da
1017 3753 1238 3833 Angelo
1284 3753 1581 3814 Poliziano
1630 3752 1884 3814 Livorno
1923 3773 1972 3813 a.
2018 3750 2188 3814 1762
2225 3773 2281 3833 p.
2313 3750 2419 3833 67,
2466 3752 2684 3815 librum

389 3863 530 3922 vidit
584 3865 646 3922 in
705 3860 1065 3935 bibliotheca
1122 3860 1336 3921 nobilis
1395 3860 1648 3921 familiae
1695 3860 2102 3921 Ricasolorum
2151 3908 2164 3920 .
2213 3863 2385 3920 cuius
2433 3861 2682 3922 familiae

388 3970 615 4047 insigne
662 3968 1033 4048 gentilicium
1080 3986 1217 4028 aere
1266 3986 1615 4047 expressum
1663 3969 1839 4028 etiam
1888 3986 2046 4027 nunc
2096 3969 2152 4026 in
2192 3969 2477 4026 interiore
2517 3977 2684 4045 parte

392 4078 718 4154 tegumenti
765 4077 1067 4136 invenitur
1097 4123 1110 4136 .
1141 4093 1213 4136 ex
1252 4074 1578 4135 hereditate
1620 4073 2027 4135 Ricasolorum
2066 4072 2415 4134 Buturlinus
2454 4074 2683 4135 Russus

392 4201 440 4244 a.
491 4180 680 4263 1818,
727 4200 864 4243 cum
911 4181 1244 4242 Florentiae
1295 4180 1477 4241 libros
1525 4189 1842 4261 coemeret,
1889 4198 2006 4241 una
2055 4198 2191 4239 cum
2238 4178 2368 4240 aliis
2416 4182 2679 4242 eiusdem

390 4290 637 4349 familiae
684 4288 853 4349 libris
900 4288 1059 4350 hunc
1109 4307 1346 4369 quoque
1392 4291 1585 4367 pretio
1644 4289 1778 4348 dato
1840 4286 1951 4347 sibi
1998 4287 2225 4364 paravit
2272 4335 2284 4346 .
2335 4306 2447 4367 qua
2496 4288 2567 4348 de
2616 4307 2681 4349 re

394 4398 797 4457 testimonium
828 4406 1103 4476 acceptae
1142 4398 1428 4476 pecuniae
1467 4415 1497 4455 a
1538 4403 1925 4475 procuratore
1954 4392 2361 4454 Ricasolorum
2392 4397 2680 4474 scriptum

395 4511 453 4563 et
496 4513 629 4583 post
675 4505 905 4583 insigne
955 4502 1207 4564 familiae
1256 4502 1414 4582 quod
1463 4503 1585 4563 dixi
1621 4505 1736 4583 ipsi
1772 4501 1925 4561 libro
1963 4503 2291 4579 praefixum
2330 4508 2681 4580 est.postea
