3178 5185
585 400 709 463 196
1243 408 1623 463 ΟΟΜΜΕΝΤ.
1661 409 1741 462 IN
1778 408 2151 463 VARRONIS

501 571 504 577 '
580 565 679 643 sit,
727 572 968 642 apparet
1014 581 1086 623 ex
1132 565 1205 623 iis
1252 582 1402 642 quae
1449 564 1521 624 de
1560 562 1770 642 apibus
1800 565 2019 643 scripta
2059 572 2198 624 sunt
2249 562 2325 622 ΙΙΙ
2373 559 2472 643 16,
2502 558 2588 623 25
2636 565 2863 639 duplex

581 673 978 731 ministerium
1035 672 1355 746 praeberi,
1420 677 1488 731 ut
1550 690 1584 731 e
1641 669 1795 745 faba
1859 673 2134 747 apiastro
2199 673 2523 731 cucurbita
2574 673 2864 731 brassica

581 795 789 839 ceram
835 785 895 839 et
940 779 1141 839 cibum
1188 796 1317 856 sqq.
1392 779 1628 856 saepius
1677 777 1891 856 legitur
1927 777 2174 837 verbum
2213 781 2588 852 ministrare,
2626 776 2650 836 1
2688 775 2793 851 31,
2825 774 2865 837 2

580 904 656 946 ne
684 888 915 947 relictis
943 888 1172 946 colibus
1198 893 1570 946 sarmentum
1599 888 2238 959 nequeat‘ministrare
2265 903 2494 959 sucum,
2531 884 2580 944 ll
2611 885 2794 963 prael.
2824 882 2864 945 6

580 1010 697 1067 quo
755 992 1009 1068 facilius
1063 994 1392 1068 sumptibus
1446 995 1634 1053 multa
1688 994 2100 1068 poscentibus.
2139 995 2470 1066 ministres,
2538 991 2588 1051 ll
2632 989 2741 1072 11,
2783 989 2858 1052 11

575 1096 850 1172 fructum
896 1106 963 1158 ut
1007 1101 1132 1160 ovis
1180 1117 1214 1159 e
1258 1102 1404 1159 lana
1450 1101 1536 1159 ad
1579 1101 2006 1165 vestimentum,
2052 1101 2142 1159 sic
2189 1116 2386 1175 capra
2433 1116 2466 1158 e
2504 1101 2649 1174 pilis
2690 1101 2864 1158 mini-

580 1213 740 1265 strat
806 1207 892 1265 ad
952 1222 1126 1265 usum
1189 1208 1527 1280 nauticum,
1597 1204 1677 1264 Ill
1726 1203 1835 1286 17,
1875 1202 1916 1264 2
1971 1207 2251 1281 lymphae
2312 1223 2535 1280 aquam
2594 1207 2867 1281 piscibus

587 1315 809 1373 nostris
856 1314 1138 1373 villaticis
1185 1314 1531 1373 ministrant
1569 1321 1628 1372 et
1668 1314 1979 1389 Neptunus
2024 1319 2084 1372 et
2119 1330 2340 1387 aquam
2378 1319 2438 1372 et
2467 1315 2657 1389 piscis
2694 1316 2865 1373 mini·

580 1426 752 1479 strat.
828 1420 968 1479 item
1009 1417 1033 1477 1
1075 1415 1175 1500 13,
1202 1417 1245 1478 4
1284 1404 1502 1481 cohors
1541 1452 1626 1461 —
1658 1423 1735 1493 fit
1769 1422 2050 1480 ministra
2083 1417 2294 1493 fundo.
2372 1419 2644 1480 similiter
2683 1422 2864 1499 igitur

583 1527 979 1586 ministerium
1015 1524 1193 1586 lact-is
1240 1525 1527 1604 praebere
1574 1525 1794 1586 dicitur
1832 1544 2002 1605 equa,
2050 1544 2201 1604 quae
2240 1523 2400 1605 pullo
2437 1525 2525 1587 lac
2568 1512 2864 1588 ministrat

583 1631 674 1693 vel
727 1631 971 1712 praebet
1031 1639 1326 1711 tamquam
1382 1632 1608 1716 cibum,
1662 1636 1850 1694 matri
1899 1635 2328 1709 suppositiciae
2382 1651 2619 1709 quoque
2674 1638 2863 1695 inser-

583 1743 767 1814 viunt,
815 1756 931 1814 quo
978 1756 1134 1813 equa
1181 1742 1577 1800 ministerium
1624 1742 1800 1800 lactis
1855 1741 2055 1800 cibum
2102 1742 2269 1814 pullo
2308 1743 2614 1815 praebere
2656 1744 2865 1818 possit.

758 1844 800 1907 2
867 1845 992 1906 Hic
1038 1848 1138 1906 ita
1186 1845 1490 1907 eductus
1537 1865 1567 1905 a
1618 1848 1845 1924 primo
1892 1853 2137 1924 potest
2175 1845 2495 1924 admitti]
2546 1849 2864 1909 Educatus

582 1962 644 2014 et
688 1955 749 2014 in
808 1955 1069 2033 margine
1128 1956 1206 2014 al.
1253 1956 1508 2014 eductus
1562 1954 1749 2014 codex
1797 1952 2105 2014 CaesenaS.
2181 1955 2260 2013 ab
2315 1972 2435 2015 uno
2485 1973 2569 2033 m,
2621 1973 2661 2014 a
2708 1956 2863 2014 bimo

579 2059 920 2143 BeroalduS,
967 2063 1045 2121 ab
1094 2064 1264 2122 initio
1313 2061 1634 2140 IucunduS,
1690 2081 1729 2122 a
1784 2065 1960 2122 trimo
2012 2060 2277 2122 Ursinus,
2361 2061 2608 2121 eandem
2655 2064 2862 2122 aetatis

581 2168 982 2229 definitionem
1030 2168 1206 2229 habet
1252 2167 1569 2230 Columella
1609 2167 1681 2227 Vl
1722 2166 1825 2249 37,
1855 2165 1894 2229 9
1940 2170 2053 2230 sed
2095 2171 2154 2229 ei
2197 2186 2317 2229 non
2362 2176 2598 2244 oportet
2642 2172 2867 2230 minori

578 2293 761 2350 quam
805 2279 984 2338 trimo
1023 2275 1315 2351 feminam
1353 2278 1608 2350 admitti,
1655 2277 1976 2355 geoponica
2017 2272 2142 2333 XVI
2180 2272 2285 2354 21,
2317 2272 2355 2335 8
2395 2265 2545 2336 ὄνοι
2585 2267 2660 2336 δὲ
2696 2267 2861 2356 πρὸς

581 2372 809 2461 ὀχείαν
876 2371 1003 2442 ἀπὸ
1069 2374 1138 2460 γ’
1190 2377 1356 2443 ε’τῶν
1423 2376 1546 2454 ἕως
1602 2381 1632 2441 ι’
1681 2373 1992 2461 χρήσιμοι
2050 2389 2108 2440 et
2173 2380 2445 2441 similiter
2510 2381 2856 2460 hippiatrica

580 2507 635 2566 p.
674 2484 787 2570 56,
845 2488 1086 2549 Aristot.
1125 2488 1261 2549 hist.
1300 2488 1529 2549 animal.
1568 2487 1615 2545 V
1659 2484 1766 2570 14,
1805 2484 1891 2549 53
1954 2479 2112 2560 ὄνος
2168 2481 2241 2548 δὲ
2297 2479 2856 2568 τριακοντάμηνος

583 2585 801 2675 ὀχεύει
845 2587 957 2656 καὶ
1005 2585 1329 2675 ὀχεύεται·
1387 2586 1472 2657 οὐ
1516 2591 1744 2675 μέντοι
1794 2591 2082 2675 γεννῶσι
2135 2614 2210 2674 γε
2258 2585 2347 2669 ὡς
2398 2588 2501 2658 ἐπὶ
2555 2586 2629 2658 τὸ
2688 2588 2853 2658 πολὺ

578 2692 721 2763 ἀλλ’
773 2691 814 2782 ἢ
864 2710 1136 2782 τριετεῖς
1178 2692 1219 2782 ἢ
1259 2709 1530 2784 τριετεῖς
1573 2695 1685 2764 καὶ
1723 2696 2054 2783 ἑξάμηνοι.
2130 2702 2285 2782 apud
2334 2701 2655 2763 Varronem
2705 2704 2850 2764 idem

578 2811 910 2888 scripturae
968 2811 1169 2870 vitium
1229 2811 1341 2871 fuit
1406 2813 1466 2870 in
1532 2810 1850 2888 archetypo
1899 2807 2056 2888 114,
2087 2806 2125 2870 8
2192 2817 2261 2869 ut
2317 2811 2386 2869 id
2436 2817 2605 2872 recte
2641 2810 2852 2886 facere

483 2949 494 2956 κ
568 2920 765 2993 possit
809 2920 895 2977 ad
932 2920 1212 2993 primum,
1271 2917 1428 2996 quod
1479 2915 1741 2996 Scaliger
1788 2918 2077 2977 correxit:
2133 2914 2184 2975 ΙΙ
2227 2912 2397 2995 1,13
2453 2936 2492 2977 a
2548 2919 2707 2979 bima
2753 2897 2855 2977 aut

576 3028 758 3085 trima
805 3024 1081 3100 fructum
1131 3023 1308 3099 ferre
1364 3027 1602 3105 incipit,
1670 3020 1738 3104 5,
1782 3020 1858 3084 17
1919 3030 2205 3085 castrare
2254 3040 2376 3083 non
2432 3031 2665 3101 oportet
2720 3030 2854 3083 ante

577 3134 813 3212 bimum,
872 3128 928 3210 7,
966 3126 1045 3191 13
1084 3134 1293 3193 melius
1333 3139 1471 3208 post
1516 3134 1775 3192 trimum.
1851 3131 1955 3191 sed
2013 3136 2321 3209 praeterea
2369 3131 2664 3191 educatus
2710 3133 2852 3190 scri-

576 3236 837 3298 bendum
886 3255 1016 3297 esse
1058 3256 1126 3297 ex
1166 3240 1239 3298 iis
1278 3256 1429 3317 quae
1467 3238 1833 3318 praecedunt
1869 3240 2132 3300 educant
2180 3254 2315 3298 eum
2345 3239 2545 3312 paleis
2581 3240 2850 3315 cognosci

578 3353 827 3423 poterat.
904 3363 1096 3424 neque
1127 3348 1391 3407 educere
1420 3344 1492 3405 de
1531 3344 1740 3405 alendo
1771 3343 1954 3405 Varro
1985 3344 2147 3424 dixit,
2186 3342 2289 3404 sed
2320 3345 2608 3418 educare,
2637 3345 2785 3404 infra
2811 3341 2852 3404 4

573 3454 903 3512 educamus
950 3459 1011 3510 et
1058 3449 1098 3512 6
1146 3454 1435 3527 educant,
1499 3451 1547 3511 ΙΙ
1588 3448 1648 3533 9,
1684 3449 1763 3512 12
1812 3455 2168 3532 educentur,
2215 3452 2358 3510 item
2419 3449 2739 3512 Columella
2787 3448 2851 3508 Vl

576 3554 678 3637 37,
712 3555 751 3619 8
799 3561 1070 3633 quamvis
1115 3566 1390 3619 materno
1447 3563 1607 3619 lacte
1659 3562 1738 3618 sit
1795 3561 2106 3619 educatus.
2200 3556 2470 3617 similiter
2517 3555 2741 3618 Colum.
2778 3555 2850 3616 ΙΙΙ

580 3662 675 3746 10,
727 3661 806 3726 16
866 3664 938 3724 de
995 3664 1235 3725 surculo
1294 3667 1425 3725 vitis
1483 3664 1862 3725 scribendum
1922 3672 2014 3725 est
2066 3667 2225 3725 velut
2279 3666 2517 3725 altricis
2571 3666 2852 3726 uberibus

572 3774 893 3846 educatus,
949 3771 1053 3832 ubi
1108 3774 1361 3834 eductus
1417 3782 1507 3832 est
1561 3774 1624 3832 in
1671 3771 1866 3832 libris:
1925 3770 2148 3832 Colum.
2191 3769 2262 3830 lV
2300 3768 2404 3852 27,
2430 3768 2476 3831 4
2534 3788 2653 3845 quo
2701 3788 2851 3832 com·

571 3882 805 3940 modius
849 3882 1118 3954 sinyulos
1165 3883 1438 3941 alumnos
1484 3882 1759 3941 educent.

748 3982 789 4047 3
823 3987 1229 4047 Asinarium
1252 3983 1780 4062 admissarium]
1797 3987 2046 4046 Asinum
2067 3987 2496 4045 admissarium
2515 3983 2852 4046 BeroalduS.

748 4092 840 4153 De
924 4094 1152 4153 asinis
1237 4112 1438 4172 quem
1515 4092 2030 4172 amplissimum
2106 4091 2853 4171 formosissimumque

569 4207 879 4278 possunt
936 4197 1249 4278 eligunt]
1319 4201 1410 4261 De
1466 4204 1655 4260 asinis
1711 4217 1988 4274 quenque
2041 4201 2469 4274 amplissimum
2523 4207 2583 4259 et
2631 4199 2852 4275 formo-

568 4310 866 4367 sissimum
912 4323 1087 4380 quem
1130 4308 1360 4368 habere
1399 4314 1656 4383 possunt
1698 4309 1932 4382 eliyunt
1969 4304 2289 4385 IucunduS,
2336 4308 2412 4365 de
2448 4307 2642 4365 asinis
2678 4322 2850 4379 quam

569 4416 995 4490 amplissimum
1052 4420 1111 4474 et
1149 4413 1648 4489 formosissimum
1695 4417 1926 4488 eliount
1973 4411 2248 4485 Ursinus,
2308 4415 2384 4473 de
2435 4415 2628 4472 asinis
2673 4429 2850 4488 quam

573 4522 1000 4596 amplissimum
1039 4518 1659 4595 formosissimumque
1694 4526 1950 4595 possunt
1995 4522 2225 4595 eliquat
2271 4518 2694 4580 Schneiderus.
