3178 5185
908 414 1168 468 RERVM
1206 414 1686 470 RVSTICARVM
1732 417 1869 472 LIB.
1908 418 1959 470 ΙΙ
2000 417 2035 471 2
2497 411 2616 476 151

334 570 445 628 tivo
483 569 744 646 perfecti
783 571 1066 649 temporis
1123 569 1231 645 bis,
1279 569 1356 629 III
1401 568 1499 651 16,
1533 569 1616 633 37
1675 575 1732 631 si
1774 574 2016 645 quando
2067 575 2264 634 subito
2323 577 2503 635 imbri
2557 579 2617 635 in

324 682 498 752 pastu
558 683 703 736 sunt
758 694 1080 752 oppressae
1140 684 1248 737 aut
1295 674 1541 752 friqore
1586 680 1809 753 subit0,
1874 686 2199 754 antequam
2258 684 2424 757 ipsae
2473 701 2615 758 pro-

331 785 592 842 viderint
639 785 707 842 id
743 782 900 858 fore,
949 781 974 840 1
1011 778 1095 843 65
1143 787 1307 858 quod
1350 802 1467 844 non
1510 788 1600 860 fit,
1650 793 1975 860 antequam
2023 788 2357 847 accesserit
2402 804 2616 866 annus,

329 889 424 949 ubi
481 896 881 950 accesserunt
932 891 990 949 in
1049 889 1351 951 codicibus
1408 894 1697 970 scripturn
1763 901 1869 952 est.
1955 911 2091 952 cum
2151 893 2353 954 futuro
2411 903 2615 953 exacto

327 997 413 1057 bis
449 1007 590 1075 post
618 997 886 1057 futurum
926 998 986 1056 in
1027 1000 1290 1076 negativa
1336 1001 1628 1058 sententia
1669 1001 1948 1079 positum,
1989 999 2042 1058 11
2083 998 2138 1080 1,
2174 997 2206 1059 1
2249 1018 2355 1060 nos
2400 1007 2457 1059 te
2496 1018 2613 1060 non

326 1108 715 1180 dimittemus,
777 1108 995 1179 inquit,
1065 1112 1387 1179 antequam
1446 1109 1550 1167 illa
1609 1110 1733 1166 tria
1790 1111 2152 1182 explicaris‚
2220 1103 2377 1182 118,
2419 1105 2451 1167 1
2513 1125 2613 1167 vos

325 1220 464 1273 ante
514 1215 609 1272 ire
647 1229 767 1271 non
799 1215 1027 1288 patiar,
1059 1219 1382 1286 antequam
1420 1216 1570 1273 mihi
1614 1216 2025 1274 reddideritis.
2105 1213 2359 1292 denique
2407 1217 2610 1290 prius-

323 1338 501 1395 quam
553 1321 661 1400 ita,
721 1328 786 1378 ut
834 1320 893 1377 in
943 1336 1125 1378 unum
1177 1318 1524 1379 vocabulum
1574 1323 1753 1395 prius
1802 1329 1861 1379 et
1907 1338 2091 1394 quam
2139 1320 2493 1399 coaluerint,
2549 1323 2609 1380 in

321 1426 412 1486 his
470 1426 638 1487 libris
696 1433 1046 1505 usurpatum
1103 1444 1220 1485 non
1279 1435 1396 1507 est,
1452 1427 1553 1486 sed
1614 1433 1824 1506 quater
1884 1428 2253 1505 interpositis
2312 1426 2609 1487 vocabulis

321 1543 589 1613 separata
630 1540 786 1614 sunt,
833 1531 858 1590 1
893 1529 998 1614 41,
1028 1530 1088 1612 2,
1137 1531 1162 1590 Ι
1199 1528 1303 1614 45,
1333 1530 1391 1615 3,
1438 1532 1461 1591 I
1503 1530 1606 1615 68,
1654 1532 1705 1592 11
1742 1531 1803 1616 4,
1832 1532 1899 1614 6;
1949 1542 2039 1593 ter
2080 1535 2361 1594 continuo
2400 1535 2609 1614 posita,

319 1641 424 1703 sed
462 1645 542 1701 ita
583 1648 649 1701 ut
679 1643 859 1717 prius
905 1639 974 1699 ad
1024 1641 1362 1718 primariam
1410 1642 1610 1718 potius
1659 1642 2011 1701 sententiam
2056 1658 2229 1718 quam
2278 1640 2346 1700 ad
2398 1658 2605 1701 secun-

316 1749 538 1810 dariam
578 1750 888 1828 pertineat,
942 1745 967 1804 1
1004 1743 1066 1828 4,
1100 1745 1132 1807 1
1177 1750 1600 1822 coqnoscenda
1641 1752 1838 1825 prius,
1887 1766 2068 1823 quam
2119 1750 2314 1808 iacias
2358 1751 2606 1821 semina,

317 1854 493 1938 127,
532 1853 574 1916 2
633 1873 791 1930 quae
844 1861 984 1914 sunt
1048 1872 1127 1914 ex
1185 1872 1258 1915 ea
1306 1861 1488 1915 enata
1536 1858 1716 1930 prius
1732 1903 1748 1934 ,
1815 1873 1994 1930 quam
2053 1874 2132 1915 ex
2188 1858 2260 1914 iis
2316 1858 2467 1929 quid
2515 1874 2600 1915 se-

314 1966 490 2033 minis
546 1965 757 2036 eadat,
823 1969 890 2021 ut
934 1964 1056 2022 sint
1119 1964 1519 2041 exradicata,
1588 1960 1614 2019 I
1659 1958 1773 2042 40,
1817 1960 1858 2022 2
1924 1980 2126 2036 neque.
2181 1964 2360 2037 prius
2423 1979 2602 2036 quam

312 2078 448 2131 sata
500 2077 667 2131 nata.

495 2175 573 2238 17
641 2175 904 2236 Matres
945 2194 1183 2235 eorum
1224 2177 1313 2235 iis
1356 2173 1815 2254 temporibus
1855 2192 1991 2234 non
2040 2174 2400 2253 mulgeant
2446 2177 2597 2254 qui-

313 2284 461 2343 dam
509 2285 630 2362 qui
680 2290 751 2342 ut
798 2282 1054 2342 melius
1094 2284 1375 2342 omnino
1423 2289 1777 2360 perpetuo
1828 2280 2008 2359 quod
2072 2291 2137 2342 et
2197 2281 2396 2342 lanae
2442 2283 2601 2362 plus

314 2392 557 2451 ferunt
605 2399 674 2450 et
720 2408 931 2468 agnos
988 2387 1270 2468 plures]
1335 2390 1615 2463 Mulqent
1662 2387 1981 2448 lucunduS.
2056 2392 2163 2463 qui
2215 2392 2423 2450 melius
2478 2389 2596 2450 edi-

314 2500 500 2558 tiones
540 2498 1000 2577 antiquissimae,
1039 2500 1250 2558 melius
1286 2500 1397 2571 qui
1424 2494 1691 2576 UrsinuS,
1729 2495 1886 2574 quod
1918 2494 2315 2556 Schneiderus
2355 2499 2602 2575 recepit.

315 2609 417 2680 qui
479 2612 549 2666 ut
601 2608 811 2665 melius
867 2623 938 2664 ex
1004 2604 1207 2664 codice
1268 2602 1566 2665 Victorius
1634 2605 2006 2685 restituerat,
2072 2604 2227 2682 quod
2296 2604 2596 2666 Gesnerus

316 2715 478 2791 quasi
539 2712 881 2772 sollemnem
948 2711 1259 2772 formulam
1325 2705 1460 2790 ‘qui
1518 2712 1742 2772 faciunt
1804 2718 1869 2771 ut
1929 2718 2020 2771 est
2077 2707 2320 2772 melius'
2386 2731 2594 2791 parum

314 2831 440 2899 apte
488 2823 917 2898 interpretatus
965 2827 1071 2878 est.
1163 2820 1361 2897 itaque
1398 2822 1506 2897 qui
1550 2821 1618 2879 id
1663 2819 1871 2878 melius
1914 2819 2143 2898 scripsi,
2189 2818 2246 2877 h.
2287 2837 2336 2879 e.
2387 2822 2489 2897 qui
2533 2820 2593 2880 id

313 2927 520 2988 melius
570 2928 809 2987 faciunt.
901 2924 1057 2985 idern
1114 2928 1482 3005 pronominis
1539 2929 1607 2986 id
1659 2942 1804 2984 usus
1852 2931 1942 2984 est
2003 2927 2063 2985 in
2112 2925 2361 2985 formula
2410 2933 2467 2987 et
2513 2931 2593 3002 id,

312 3054 456 3113 quae
515 3052 633 3094 non
691 3032 887 3093 addito
947 3032 1129 3092 verbo
1187 3035 1431 3111 ponitur
1477 3032 1502 3091 Ι
1547 3029 1600 3112 1,
1642 3029 1683 3092 3
1739 3039 1799 3091 et
1854 3034 1921 3091 id
1973 3034 2151 3092 etiam
2210 3036 2593 3108 iqnotissimis

311 3160 544 3217 quoque
588 3141 944 3210 hominibus,
1002 3136 1098 3219 13,
1127 3135 1169 3200 5
1217 3148 1274 3200 et
1322 3142 1388 3199 id
1431 3142 1507 3201 ab
1549 3158 1723 3213 area,
1778 3135 1875 3218 16,
1905 3134 1946 3198 5
1983 3156 2177 3217 neque
2216 3141 2282 3199 id
2314 3142 2592 3200 erebrius

310 3266 486 3323 quam
533 3265 682 3323 opus
728 3254 839 3321 est,
889 3245 940 3305 11
983 3225 1050 3326 1,'
1068 3243 1154 3307 20
1200 3252 1260 3307 et
1305 3249 1372 3306 id
1414 3264 1530 3321 quo
1576 3253 1866 3322 tempore,
1926 3242 1986 3326 9,
2022 3243 2101 3306 16
2150 3253 2209 3306 et
2255 3248 2321 3306 id
2363 3264 2591 3308 marem

310 3362 366 3415 et
402 3354 720 3430 feminam,
782 3350 880 3432 10,
918 3353 961 3413 4
1010 3361 1068 3413 et
1114 3356 1180 3413 id
1231 3355 1339 3414 ubi
1381 3357 1672 3430 oportuit,
1729 3371 1864 3412 cum
1930 3351 2109 3411 verbo
2157 3351 2209 3410 11
2247 3350 2375 3434 8‚4
2423 3361 2481 3414 et
2527 3358 2594 3415 id

311 3469 447 3523 ante
494 3463 900 3521 admissuram
947 3467 1005 3521 et
1046 3463 1281 3534 larqius
1316 3463 1595 3535 facimus
1634 3494 1720 3502 —-
1763 3460 1974 3520 deinde
2014 3477 2203 3534 aqnos
2234 3462 2589 3535 pinquiores

312 3568 486 3629 scribi
538 3566 721 3627 voluit
770 3567 1017 3627 Ursinus
1066 3566 1291 3627 collatis
1334 3570 1668 3647 praeceptis
1718 3568 2180 3646 geoponicorum
2229 3564 2409 3625 XVIII
2449 3564 2506 3646 3,
2546 3564 2585 3627 9

310 3671 493 3757 μέχρι
543 3666 616 3735 δὲ
662 3670 894 3754 μηνῶν
952 3665 1076 3734 δύο
1126 3665 1252 3734 οὐκ
1314 3666 1672 3754 ἆμελκτεόν
1730 3670 1850 3735 τοῦ
1908 3665 2257 3753 γάλακτος·
2311 3665 2587 3735 κάλλιον

310 3776 378 3844 δὲ
425 3780 487 3842 εἰ
532 3775 877 3861 μηδέποτε,
926 3772 1439 3861 εὐτραφέστατοι
1485 3772 1611 3862 γὰρ
1661 3779 1924 3842 ἔσονται
1976 3777 2046 3841 οἰ
2088 3770 2304 3861 ἄρνες.

479 3889 576 3949 Ne
625 3888 794 3967 quid
851 3887 1130 3948 laboret
1186 3887 1605 3965 curandum]
1663 3889 1970 3949 Laborent
2025 3889 2085 3947 in
2142 3889 2408 3967 principe
2465 3888 2583 3947 edi-

308 3998 462 4057 tione
521 3995 847 4056 Politianus
914 4014 1029 4055 non
1098 3997 1380 4075 correxit,
1445 3998 1680 4056 laboret
1744 3994 1927 4055 codex
2001 3992 2403 4075 FlorentinuS,
2478 3995 2581 4055 sed

306 4107 538 4166 laboret
575 4103 798 4181 reliqua
837 4102 1189 4182 apographa.
1262 4105 1539 4164 laborent
1576 4110 1636 4163 et
1672 4102 1882 4162 deinde
1923 4105 2275 4162 desiderant
2314 4120 2383 4161 ex
2422 4103 2580 4181 prin-

305 4213 429 4290 cipe
479 4210 739 4271 editione
789 4218 1095 4289 receptum
1145 4218 1286 4269 erat.

482 4314 562 4380 18
630 4314 946 4393 Atticae]
1003 4311 1099 4375 ‘In
1149 4316 1584 4418 antiquioribus
1644 4318 1874 4377 cunctis
1919 4318 2160 4376 Atticae
2216 4316 2580 4375 invenimus:

306 4427 362 4484 in
427 4425 632 4505 nulliS,
701 4433 767 4483 ut
832 4433 999 4484 antea
1057 4425 1117 4482 in
1185 4426 1420 4484 excusis
1486 4423 1821 4506 legebatur,
1888 4415 2209 4482 Altinates'
2269 4419 2581 4483 VictoriuS.

306 4536 636 4593 antiatis-ae
682 4529 925 4612 Merula,
970 4533 1257 4592 altinates
1303 4531 1621 4592 IucunduS.
