3178 5185
642 418 725 481 86
1323 426 1704 482 COMMENT.
1744 428 1820 481 IN
1860 426 2234 481 VARRONIS

642 585 789 644 teris
854 582 1229 642 Burmannus
1294 584 1355 641 in
1425 579 1594 660 Verg.
1643 582 1785 642 Aen.
1822 581 1902 641 XI
1941 577 2088 644 543.
2180 584 2346 657 quod
2407 601 2482 644 ea
2548 581 2895 643 scribendum

645 708 776 751 esse
825 691 1001 750 etiam
1048 689 1350 750 Gesnerus
1397 689 1837 750 animadvertit:
1902 689 1927 749 1
1968 686 2077 770 29,
2115 686 2156 750 3
2222 692 2388 764 quod
2441 708 2516 750 ea
2570 708 2732 765 seqes
2776 689 2895 764 fru-

645 805 903 859 mentum
943 800 1224 873 porricit.
1299 815 1434 857 nam
1480 798 1702 856 inmitti
1750 797 2030 858 dicuntur
2078 816 2145 857 ea
2193 814 2343 876 quae
2390 814 2508 857 non
2558 797 2900 878 deciduntur,

642 903 744 964 sed
782 913 850 964 ut
887 912 1161 964 crescant
1198 903 1639 983 relinquuntur,
1677 903 1796 964 Cic.
1844 904 1915 964 de
1966 911 2190 965 senect.
2223 898 2323 985 15,
2362 899 2447 965 53
2487 911 2901 966 sarmentorum

643 1029 735 1086 ea,
781 1029 962 1087 quam
1019 1014 1178 1091 dixi,
1226 1014 1486 1072 aliorum
1542 1015 1903 1087 amputatio,
1961 1014 2220 1073 aliorum
2278 1014 2573 1086 inmissio‚
2619 1010 2760 1072 Plin.
2793 1010 2901 1070 XVI

651 1115 772 1180 141
841 1125 1104 1193 utraque
1168 1125 1367 1178 autem
1436 1110 1818 1201 (cupressus)
1885 1121 2208 1179 inmittitur
2274 1120 2337 1178 in
2395 1120 2694 1193 perticas,
2755 1116 2901 1197 Verg.

643 1243 841 1304 georg.
880 1223 933 1284 II
981 1221 1109 1286 363
1159 1229 1299 1285 dum
1356 1242 1422 1285 se
1485 1229 1680 1285 laetus
1745 1228 1831 1286 ad
1884 1243 2074 1286 auras
2122 1226 2360 1286 Palmes
2416 1228 2547 1300 aqit
2602 1228 2755 1286 laxis
2805 1244 2904 1303 per

638 1351 865 1409 purum
913 1334 1191 1393 inmissus
1237 1334 1506 1405 habenis.

818 1435 862 1499 4
926 1437 1021 1499 Ex
1070 1438 1297 1499 altera
1345 1447 1546 1517 parte
1596 1440 1787 1517 parit
1834 1438 2248 1518 capreolum
2304 1442 2363 1500 is
2422 1447 2531 1500 est
2579 1438 2906 1500 coliculus

643 1548 887 1607 uiteus
953 1547 1278 1606 intortus
1336 1553 1411 1605 ut
1467 1547 1853 1606 cincinnus
1909 1548 1970 1606 is
2027 1549 2211 1607 enim
2268 1548 2443 1607 uitis
2511 1545 2760 1627 quibus
2819 1555 2905 1606 te·

645 1660 806 1714 neat
864 1651 931 1712 id
990 1669 1123 1731 qua
1179 1654 1409 1731 serpit
1465 1651 1543 1713 ad
1611 1652 1841 1713 locum
1910 1653 2331 1733 capiendum
2391 1673 2528 1733 quo
2589 1653 2907 1733 capiendo

644 1757 1029 1838 capreolus
1086 1758 1350 1838 dictus]
1399 1761 1501 1820 Ex
1557 1764 1757 1821 altera
1797 1769 1982 1837 parte
2028 1779 2258 1837 caprea
2317 1764 2509 1835 dicta,
2567 1765 2725 1837 quod
2758 1764 2910 1838 parit

645 1870 1009 1944 capreolum.
1086 1870 1136 1927 is
1184 1873 1273 1927 est
1317 1870 1612 1928 coliculus
1660 1870 1849 1928 viteus
1888 1871 2148 1929 intortus
2185 1875 2254 1929 ut
2288 1870 2631 1929 cincinnus.
2693 1872 2740 1929 is
2773 1871 2911 1929 enim

643 1979 790 2037 vites
845 1975 1061 2050 quibus
1118 1980 1319 2035 teneat
1375 1982 1435 2035 et
1489 1992 1643 2049 quas
1699 1978 1924 2052 eripiat
1969 1982 2028 2036 et
2073 1978 2159 2035 ad
2213 1979 2409 2037 locum
2458 1979 2817 2053 capiundum
2856 1994 2913 2036 se

642 2086 846 2157 eripit.
940 2100 1020 2142 ex
1065 2083 1183 2155 quo
1230 2099 1269 2141 a
1326 2084 1624 2157 capiendo
1679 2086 1999 2158 capreolus
2055 2084 2253 2142 dietus
2299 2080 2552 2163 Merula,
2608 2102 2685 2145 ex
2738 2087 2912 2145 altera

645 2195 830 2267 parte
869 2206 1100 2265 caprea
1138 2189 1322 2262 dicta,
1362 2192 1526 2262 quod
1560 2191 1737 2265 parit
1768 2222 1866 2249 -.
1917 2191 1965 2248 is
2004 2190 2162 2249 enim
2207 2191 2355 2250 vites
2392 2196 2461 2250 ut
2497 2196 2714 2270 teneat,
2748 2192 2915 2266 serpit

652 2299 738 2357 ad
780 2300 976 2357 locum
1024 2298 1410 2372 capiundum.
1477 2313 1556 2356 ex
1603 2313 1721 2370 quo
1779 2305 1905 2375 sqq.
1963 2295 2281 2356 iucundus.
2374 2315 2455 2357 ex
2510 2302 2708 2359 altera
2755 2283 2924 2375 partex

638 2406 813 2481 parit
877 2421 946 2462 ex
995 2400 1198 2462 codice
1246 2400 1491 2461 Victorii
1540 2401 1940 2463 Schneiderus
1998 2404 2286 2485 restituit3
2342 2405 2403 2463 in
2458 2405 2705 2484 reliquis
2758 2408 2918 2466 inter·

646 2509 973 2590 polationes
1019 2507 1317 2570 editorum
1363 2508 1660 2592 probavit,
1717 2514 1767 2571 is
1823 2513 1980 2571 enim
2036 2513 2173 2572 uitis
2218 2529 2335 2586 quo
2389 2530 2455 2572 se
2510 2519 2714 2574 teneat
2758 2521 2919 2588 atque

645 2625 857 2694 serpat
903 2621 988 2677 ad
1031 2621 1227 2678 locum
1275 2621 1673 2694 capiundum,
1721 2625 1790 2680 ut
1833 2637 1898 2680 se
1943 2622 2171 2694 eriqat,
2218 2638 2298 2680 ex
2343 2638 2461 2695 quo
2510 2640 2641 2702 sqq.
2728 2619 2923 2702 plurali

648 2743 896 2784 numero
944 2723 1106 2784 Paul.
1155 2743 1278 2786 exc.
1327 2725 1484 2785 Fest.
1533 2742 1586 2802 p.
1628 2719 1731 2804 57,
1774 2721 1854 2785 16
1910 2725 2193 2801 Capreoli
2254 2729 2463 2786 vitium
2520 2731 2793 2790 cincinni
2842 2733 2919 2789 in-

650 2835 824 2911 torti,
881 2835 1026 2906 quia
1074 2836 1160 2893 ad
1203 2836 1399 2905 locum
1456 2834 1819 2908 capiendum
1876 2835 2155 2906 tendunt,
2213 2837 2518 2909 appellati.
2611 2835 2748 2896 hinc
2800 2837 2921 2896 olim

649 2938 1032 2999 scribendum
1082 2941 1311 2999 conieci
1358 2946 1426 2999 ut
1470 2942 1760 3013 cincinni,
1800 2941 1936 2999 vitis
1975 2941 2191 3014 quibus
2238 2947 2443 3001 teneat
2479 2944 2549 3003 id
2581 2961 2698 3018 quo
2734 2946 2921 3022 serpit.

653 3065 809 3108 nunc
856 3048 1053 3125 aptius
1101 3064 1233 3106 esse
1282 3048 1474 3107 visum
1513 3053 1605 3107 est
1652 3056 1721 3107 ut
1758 3050 2106 3108 cincinnus:
2152 3049 2219 3108 hi
2261 3054 2406 3108 sunt
2441 3052 2599 3109 enim
2636 3054 2773 3111 vitis
2808 3053 2921 3125 qui·

652 3157 761 3215 bus
808 3161 1011 3215 teneat
1057 3156 1124 3214 id
1167 3171 1284 3229 quo
1330 3156 1521 3230 serpit
1576 3157 1663 3214 ad
1714 3158 1910 3215 locum
1957 3157 2346 3231 capiendum,
2394 3174 2433 3215 a
2481 3173 2599 3230 quo
2646 3160 2924 3235 capiendo

651 3266 972 3338 capreolus
1012 3265 1228 3322 dietus.
1277 3264 1411 3320 nam
1451 3260 1812 3339 singularem
1851 3256 2168 3321 numerum
2206 3263 2265 3320 in
2306 3260 2648 3322 definitione
2689 3265 2923 3323 nominis

650 3370 907 3448 positum
966 3370 1245 3447 sequitur
1313 3365 1559 3445 pluralis
1616 3370 1684 3427 hi
1737 3376 1903 3442 sunt,
1962 3368 2236 3446 quoniam
2293 3369 2353 3427 in
2421 3369 2669 3448 singulis
2727 3370 2924 3431 vitibus

657 3475 861 3554 plures
909 3482 1050 3535 sunt
1097 3473 1372 3554 capreoli.
1466 3474 1716 3534 similem
1766 3492 2153 3535 numerorum
2201 3477 2588 3559 mutationem
2640 3480 2832 3538 notavi
2875 3479 2925 3536 in

657 3582 1136 3643 demonstrativis
1182 3580 1636 3659 pronominibus
1684 3580 1708 3639 1
1746 3578 1851 3662 49,
1892 3580 1924 3642 1
1978 3599 2114 3642 cum
2153 3585 2459 3659 peraruit,
2499 3586 2575 3644 de
2620 3586 2714 3645 his
2751 3586 2922 3644 mani-

646 3693 823 3766 pulos
853 3692 1014 3763 sieri,
1053 3684 1157 3769 50,
1199 3686 1232 3749 1
1280 3691 1654 3765 ‘manipulum
1690 3722 1776 3730 —
1826 3690 1932 3749 ubi
1968 3706 2068 3749 eos
2110 3689 2399 3764 fecerunt
2443 3694 2674 3771 multos,
2720 3690 2771 3751 Π
2807 3688 2861 3770 3,
2893 3689 2917 3750 1

652 3805 720 3856 ut
764 3813 898 3856 eam
938 3801 1125 3871 paret
1150 3827 1238 3836 —
1267 3802 1326 3855 et
1363 3797 1438 3855 de
1476 3798 1550 3855 iis
1589 3813 1723 3856 eam
1754 3799 1973 3872 potius,
2013 3792 2073 3875 3,
2105 3793 2140 3856 7
2182 3814 2378 3872 capra
2407 3829 2493 3839 —
2523 3799 2744 3858 harum
2781 3801 2923 3860 enim

656 3905 881 3981 dentes,
927 3900 1006 3960 111
1045 3898 1105 3982 9,
1144 3899 1184 3962 6
1233 3906 1293 3964 in
1342 3910 1606 3979 utraque
1654 3903 1930 3978 fenestra
1976 3907 2103 3963 lata
2151 3905 2486 3984 tripedalis,
2534 3913 2593 3964 et
2636 3923 2747 3966 eae
2779 3908 2925 3982 pede

655 4012 917 4083 altiores,
969 4004 1069 4088 10,
1109 4007 1150 4069 2
1197 4018 1287 4070 est
1331 4013 1488 4071 enim
1536 4014 1794 4071 alterum
1837 4029 2030 4084 qenus
2082 4043 2175 4090 —,
2221 4029 2333 4070 nec
2381 4028 2518 4071 cum
2567 4014 2640 4072 iis
2685 4015 2924 4073 libenter

655 4123 1148 4190 conareqantur;
1194 4118 1255 4176 in
1303 4117 1562 4178 relativis
1611 4116 2064 4195 pronominibus
2111 4115 2224 4198 12,
2260 4114 2335 4177 17
2385 4136 2462 4179 ne
2499 4137 2694 4195 capra
2732 4127 2923 4180 natum

647 4230 896 4299 pascat:
942 4241 1095 4298 quas
1143 4227 1323 4284 etiam
1370 4228 1704 4299 astrologia
1745 4228 1805 4284 in
1854 4228 2087 4286 caelum
2139 4228 2398 4301 recepit,
2444 4222 2586 4307 114,
2621 4222 2702 4287 15
2758 4244 2921 4303 pepe-

657 4331 744 4389 rit
774 4360 875 4410 —,
904 4331 1121 4404 quibus
1166 4332 1384 4391 hordei
1429 4334 1683 4392 circiter
1720 4332 1893 4391 binas
1930 4333 2120 4392 libras
2159 4350 2321 4406 aqua
2360 4333 2738 4408 madefactas
2783 4337 2922 4394 dare

657 4439 872 4509 solent,
937 4434 1018 4494 111
1062 4434 1159 4517 12,
1198 4434 1237 4496 6
1305 4440 1557 4497 alterius
1601 4441 1848 4512 qeneris
1894 4446 1982 4498 est
2027 4472 2130 4518 —,
2177 4442 2284 4514 qui
2335 4440 2449 4501 hoc
2499 4440 2637 4515 fere
2688 4448 2917 4501 mutant.

658 4549 863 4602 contra
922 4543 1300 4622 singulariter
1356 4544 1511 4604 dicta
1568 4547 1916 4623 pronomina
1971 4545 2364 4624 praecedente
2423 4546 2633 4626 plurali
2686 4565 2916 4608 numero
