3178 5185
780 394 1036 448 RERVM
1075 393 1554 449 RVSTICARVM
1591 395 1724 451 LIB.
1762 397 1788 449 I
1828 393 2087 451 51—54
2463 389 2591 454 113

322 546 581 629 trahitur,
630 550 711 609 ita
760 567 939 627 grana
987 568 1018 609 e
1067 552 1227 629 spica
1275 550 1535 611 discutit.
1610 554 1809 630 itaque
1858 552 2073 630 scripsi
2118 570 2275 627 quae
2320 571 2456 613 cum
2504 557 2592 614 in·

318 658 499 730 posito
546 659 778 731 auriqa
826 665 935 718 aut
968 660 1243 733 pondere
1284 661 1520 733 qrandz’
1563 661 1835 719 trahitur
1874 661 2151 719 iumentis
2189 662 2427 735 iunctiS,
2474 663 2591 721 dis-

320 765 461 822 cutit
495 781 528 823 e
565 766 740 840 spica
773 782 997 839 arana,
1037 766 1151 824 nisi
1190 766 1388 843 potius
1426 768 1589 840 quod
1634 783 1770 826 cum
1808 764 2188 826 scribendum
2228 774 2370 826 erat.
2436 766 2590 846 apud

314 866 559 929 Nonium
606 890 662 949 p.
704 866 851 953 228,
891 868 973 931 27
1024 873 1223 949 inepte
1261 870 1409 932 11360
1450 891 1585 932 cum
1627 871 2035 952 superioribus
2074 875 2389 933 coniuncta
2434 882 2591 954 sunt,

319 974 595 1037 Tribulae
638 1010 714 1019 —
759 985 976 1039 neutro
1029 978 1225 1040 Varro
1264 997 1471 1041 rerum
1509 984 1886 1041 rusticarum
1925 982 2021 1041 lib.
2055 981 2095 1040 I
2124 983 2287 1056 quod
2313 984 2388 1054 fit
2425 983 2594 1058 apud

314 1085 454 1143 alios
501 1087 784 1145 iumentis
830 1087 931 1146 hic
978 1088 1202 1147 tribulo
1243 1090 1331 1160 fit.

476 1186 516 1249 2
586 1189 786 1260 Quod
851 1190 1140 1269 ungulis
1197 1210 1228 1251 e
1296 1193 1494 1271 spica
1560 1200 1993 1253 exteruntur
2048 1192 2299 1273 grana]
2377 1196 2593 1267 Quoad

313 1294 711 1357 Schneiderus
779 1316 846 1357 ex
917 1299 1256 1359 coniectura
1324 1298 1725 1379 Schoettgeni.
1829 1318 2084 1375 quorum
2150 1303 2388 1380 scripsi:
2453 1320 2587 1361 nam

310 1403 535 1482 ungulis
589 1406 992 1465 iumentorum
1041 1424 1220 1484 grana
1262 1415 1631 1467 exteruntur.
1707 1410 1871 1482 quod
1908 1407 2172 1467 defendit
2209 1406 2587 1468 Heidrichius

305 1509 642 1572 Varronian.
681 1510 706 1569 Ι
744 1530 799 1590 p.
840 1510 921 1574 31
974 1521 1032 1573 et
1078 1515 1208 1573 eius
1259 1532 1401 1575 usus
1449 1513 1714 1594 exempla
1755 1514 2070 1595 adscripsit
2115 1512 2167 1574 11
2207 1512 2265 1596 2,
2300 1512 2381 1576 14
2428 1518 2592 1591 quod

307 1622 559 1694 alliqant
605 1626 665 1679 et
711 1617 790 1677 111
828 1615 887 1700 5,
915 1616 959 1679 4
1004 1623 1168 1696 quod
1204 1606 1358 1697 plus'
1383 1625 1573 1698 ponit.

469 1726 586 1787 Ita
636 1726 723 1787 fit
769 1736 845 1787 ut
902 1727 1086 1805 quod
1142 1728 1595 1790 leuissimum
1652 1737 1760 1790 est
1816 1731 1887 1790 in
1945 1748 2023 1790 eo
2080 1738 2290 1808 atque
2348 1730 2585 1810 appel-

302 1831 484 1893 latur
534 1853 707 1895 acus
755 1843 1212 1896 euannuatur
1269 1837 1461 1897 foras
1520 1845 1718 1896 extra
1776 1835 2045 1913 aream]
2104 1836 2426 1897 Evanatur
2480 1837 2586 1897 Be-

303 1939 549 2017 roalduS,
599 1950 944 2004 evannatur
989 1942 1307 2004 IucunduS.
1381 1943 1532 2005 Non.
1570 1963 1626 2023 p.
1670 1941 1777 2025 19,
1813 1940 1894 2005 16
1942 1944 2305 2004 Evannalur
2361 1947 2586 2004 dietum

309 2054 393 2107 est
435 2052 765 2109 ventiletur
810 2052 911 2110 vel
945 2057 1256 2111 moveatur
1304 2069 1343 2111 α
1390 2069 1613 2126 vunnu,
1667 2053 1727 2110 in
1777 2069 1899 2126 qua
1945 2053 2250 2126 lequmina
2297 2053 2583 2111 ventilan-

300 2160 409 2215 tur.
451 2187 536 2198 —
592 2156 792 2217 Varro
842 2160 917 2218 de
963 2177 1034 2218 re
1080 2161 1315 2218 rustica
1361 2165 1430 2218 ut
1474 2161 1640 2234 quod
1675 2161 2031 2218 levissimum
2069 2164 2158 2219 est
2196 2161 2258 2218 in
2297 2175 2365 2218 eo
2404 2165 2587 2232 atque

300 2266 642 2337 appellatur
690 2282 841 2324 aeus
887 2283 964 2325 ac
1005 2269 1189 2341 palea
1237 2275 1580 2327 evannatur
1623 2264 1800 2340 foras
1849 2272 2031 2326 extra
2079 2283 2316 2342 aream,
2375 2263 2475 2324 ubi
2523 2267 2582 2325 in

296 2366 566 2430 lemmate
606 2379 950 2431 euannetur
987 2370 1208 2432 habent
1235 2372 1375 2433 libri
1415 2391 1593 2433 manu
1632 2374 1858 2456 scripti,
1896 2379 2244 2433 evannatur
2282 2373 2582 2432 novissimi

299 2474 556 2537 editores
604 2480 1018 2561 restituerunt,
1069 2480 1225 2558 quod
1274 2479 1560 2559 exemplis
1608 2479 1915 2559 Pomponii
1963 2487 2023 2540 et
2060 2479 2274 2540 Lucilii
2321 2499 2351 2539 a
2392 2478 2581 2539 Nonio

295 2582 605 2664 adscriptis
656 2586 1055 2647 confirmatur.
1130 2585 1268 2647 inde
1317 2589 1531 2667 scripsi
1579 2606 1730 2648 aeus
1777 2606 1854 2648 ac
1893 2589 2078 2664 palea
2128 2594 2487 2649 evannatur.

468 2690 731 2752 Purum
780 2695 1038 2754 ueniat.
1114 2694 1209 2754 Ad
1260 2694 1546 2755 corbem
1604 2697 1818 2754 messi
1876 2694 2064 2756 facta
2126 2694 2580 2774 spicilegium

296 2800 542 2858 uenire
601 2799 922 2880 oportet]
971 2794 1066 2884 tha
1122 2800 1268 2861 haec
1325 2803 1386 2861 in
1442 2800 1612 2862 libris
1671 2821 1846 2862 manu
1896 2804 2134 2881 scriptis
2191 2810 2251 2863 et
2306 2805 2365 2862 in
2432 2805 2580 2863 anti-

294 2909 591 2984 quissimis
648 2907 1009 2968 editionibus
1074 2910 1293 2988 scripta
1361 2921 1517 2969 sunt.
1612 2910 1672 2969 in
1729 2908 2072 2970 Florentino
2139 2910 2342 2970 codice
2405 2918 2464 2969 et
2519 2912 2579 2969 in

293 3015 559 3092 principe
609 3013 867 3074 editione
927 3017 1101 3075 etiam
1160 3015 1368 3076 titulus
1425 3023 1559 3076 ante
1612 3018 1712 3076 Ad
1754 3018 1994 3077 corbem
2051 3016 2284 3076 additus
2343 3025 2433 3076 est
2488 3016 2580 3078 De

292 3123 528 3197 stipula.
604 3139 844 3200 pravam
893 3121 1211 3182 verborum
1263 3122 1706 3183 distinctionem
1754 3122 2056 3183 Iucundus
2105 3124 2379 3184 correxit.

464 3233 591 3287 LIV
629 3225 671 3289 2
735 3227 810 3288 In
860 3229 1217 3290 uindemia
1267 3229 1653 3308 diligentis
1690 3248 1826 3291 uua
1867 3248 2003 3289 non
2044 3228 2267 3289 solum
2309 3229 2576 3309 legitur

293 3335 367 3394 ad
414 3335 804 3396 bibendum
850 3336 1149 3416 eligitur
1197 3336 1277 3396 ad
1335 3336 1713 3415 edendum]
1776 3338 1850 3398 In
1905 3339 2266 3397 vindemiam
2324 3340 2574 3413 diliqen-

293 3445 406 3502 tius
451 3460 572 3503 uva
621 3460 740 3503 non
785 3447 973 3504 solum
1021 3447 1248 3519 leqitur
1295 3446 1381 3504 ad
1424 3445 1747 3504 bibendum
1803 3446 1914 3505 sed
1966 3447 2213 3519 eliqz’tur
2267 3447 2353 3505 ad
2396 3448 2569 3506 eden-

294 3551 427 3609 dum
488 3549 648 3609 edita
712 3547 848 3608 inde
917 3568 947 3608 3
1023 3551 1292 3628 principe
1358 3548 1617 3609 editione
1694 3548 2066 3628 exemplaria.
2169 3550 2574 3630 supplementa

294 3655 561 3732 praebuit
608 3655 836 3716 Nonius
892 3675 947 3735 p.
985 3653 1134 3737 444,
1167 3653 1280 3738 22,
1335 3654 1439 3715 ubi
1493 3656 1640 3717 haec
1687 3656 1864 3736 paulo
1921 3655 2214 3737 pleniora,
2272 3657 2372 3716 sed
2430 3659 2571 3718 item

294 3772 569 3843 corrupta
618 3764 678 3822 in
727 3762 895 3822 libris
943 3782 1115 3823 manu
1168 3765 1406 3843 scriptis
1455 3763 1751 3844 leguntur,
1798 3765 2033 3839 Leqere
2079 3772 2136 3824 et
2183 3767 2407 3839 eliqere
2451 3782 2570 3825 non

296 3873 399 3930 sub
445 3889 520 3933 ea
571 3863 635 3950 (l.
675 3863 914 3953 eadem)
960 3873 1405 3946 siqnificatione
1453 3874 1723 3946 intelleqz·
1767 3854 1912 3932 vult'
1950 3872 2147 3932 Varro
2194 3873 2270 3931 de
2314 3874 2572 3932 rustica-

294 3980 445 4038 tione
482 3980 583 4038 lib.
626 3977 666 4036 I
706 3971 936 4051 ‘africa
976 3981 1154 4054 prius
1203 3979 1378 4038 debet
1433 3980 1804 4038 descendere
1859 3981 2027 4038 uitae
2080 3979 2391 4037 uindemia
2438 3980 2565 4039 dili·

290 4088 479 4157 yentis
527 4102 655 4146 uua
711 4102 833 4145 non
883 4087 1071 4145 solum
1119 4068 1344 4160 leqz‘tnr
1398 4088 1511 4145 sed
1563 4089 1743 4146 etiam
1800 4087 2048 4160 eligitur
2104 4086 2190 4144 ad
2240 4086 2570 4146 uiuendum

295 4195 535 4266 eligitur
596 4194 684 4252 ad
737 4185 1084 4265 edendum'‚
1144 4198 1213 4250 ut
1264 4195 1343 4251 sit
1399 4195 1625 4267 leqz'tur
1682 4192 2015 4266 eolliqitur,
2075 4198 2144 4251 ut
2200 4194 2571 4270 plerumque,

293 4301 529 4372 eliqz‘tur
584 4302 798 4359 melior
849 4316 1125 4373 quaeque
1172 4301 1248 4358 de
1294 4301 1595 4374 plurimi&
1672 4316 1744 4356 ex
1799 4298 1893 4357 his
1948 4297 2243 4378 lacunam,
2302 4316 2451 4376 quae
2508 4302 2569 4361 iu

293 4404 600 4485 archetypo
650 4405 788 4486 fuit,
845 4406 906 4463 in
954 4403 1112 4463 hunc
1161 4404 1400 4464 modum
1460 4403 1757 4483 supplevi,
1814 4408 1876 4464 in
1937 4406 2241 4464 vindemia
2297 4406 2574 4480 diliqentz'

293 4529 402 4570 uva
446 4530 563 4573 non
611 4516 803 4573 solum
849 4513 1073 4586 leqz‘tur
1119 4514 1229 4571 sed
1273 4514 1453 4571 etiam
1502 4514 1777 4586 eliyitur,
1826 4514 2050 4587 leqitur
2097 4513 2183 4571 ad
2226 4512 2568 4590 bibendum,

392 4622 541 4666 VARn.
570 4633 678 4665 nnn.
706 4631 842 4662 Rvsr.
896 4621 960 4660 II.
2110 4615 2142 4663 8
