3178 5185
580 416 705 480 124
1124 454 1134 464 -
1258 424 1639 481 COMMENT.
1678 426 1760 479 IN
1797 426 2173 481 VARRONIS

576 583 800 641 orcites
838 584 1064 661 βοείας,
1112 599 1222 643 eae
1268 584 1485 658 optime
1522 584 1873 643 conduntur
1910 586 2007 643 vel
2048 584 2274 643 virides
2323 585 2384 642 in
2431 585 2634 642 muria
2674 573 2767 641 ve'l
2804 583 2861 639 in

572 691 820 749 lentisco
877 695 1190 764 contusae,
1247 693 1341 750 vel
1398 692 1649 764 orcites‘,
1698 690 1803 749 ubi
1857 690 2079 765 m'qrc'oe
2125 696 2307 749 erunt
2360 697 2418 750 et
2462 692 2696 763 siccae,
2742 692 2865 749 sale

573 792 878 869 confriato
927 797 1055 856 dies
1106 796 1166 872 V,
1204 803 1420 872 postea
1475 799 1662 857 salem
1710 799 2007 877 excutite,
2054 799 2117 857 in
2173 800 2296 857 sole
2342 799 2552 873 ponito
2601 798 2863 856 biduum.

572 901 726 980 apud
765 900 1088 962 Varronem
1136 911 1333 964 autem
1373 905 1448 964 de
1494 906 1762 964 olivitate
1808 904 1868 964 in
1918 902 2091 964 editis
2131 909 2267 964 ante
2306 901 2636 964 Victorium
2674 921 2862 962 exem-

568 1007 834 1087 plaribus
901 1012 1185 1070 omissum
1245 1017 1388 1071 erat.
1480 1028 1673 1089 neque
1744 1011 1860 1070 vim
1915 1011 2372 1091 praepositionis
2426 1017 2865 1091 perspexerunt

572 1115 830 1176 editores
844 1165 863 1198 ‚
929 1119 1030 1195 qui
1095 1116 1219 1178 hoc‘
1276 1116 1431 1178 tituli
1497 1115 1625 1178 loco
1683 1120 2118 1198 praescriptum
2180 1136 2311 1178 esse
2378 1116 2698 1197 putabant,
2765 1116 2862 1177 sed

570 1241 787 1301 genera
836 1221 1175 1285 indicantur
1232 1223 1521 1305 olearum,
1570 1243 1719 1304 quae
1769 1225 1842 1285 de
1904 1223 2192 1307 olivitate,
2239 1224 2352 1286 hoc
2401 1230 2493 1285 est
2540 1244 2614 1284 ex
2665 1225 2863 1284 fructi·

569 1329 681 1390 hus
731 1328 911 1412 oleae,
951 1339 1017 1391 ut
1056 1340 1145 1391 est
1183 1331 1339 1410 apud
1377 1330 1651 1415 Nonium,
1690 1332 1760 1392 ad
1802 1332 2098 1393 edendum
2137 1331 2492 1393 conduntur.
2569 1331 2677 1391 sed
2718 1350 2863 1411 quae

569 1438 641 1498 de
708 1439 1041 1516 praeceptis
1109 1436 1345 1498 Catonis
1415 1438 1787 1521 referuntur,
1853 1441 1915 1499 in
1981 1437 2287 1499 codicibus
2356 1447 2640 1519 corrupta
2710 1447 2863 1499 sunt.

569 1563 764 1624 neque
815 1548 970 1606 enim
1013 1543 1169 1605 oleas
1210 1547 1428 1606 orcites
1468 1555 1527 1605 et
1563 1564 1778 1625 puseas
1818 1545 2011 1606 aridas
2050 1544 2140 1605 vel
2179 1545 2399 1606 virides
2438 1546 2617 1606 condi
2656 1538 2865 1607 scribit

572 1651 732 1735 Cato,
771 1652 875 1713 sed
918 1652 1131 1713 virides
1169 1654 1229 1713 in
1270 1655 1459 1714 muria
1498 1652 1588 1713 vel
1627 1655 1865 1733 orcites‚
1905 1652 2005 1713 ubi
2044 1655 2246 1732 nigrae
2286 1660 2345 1713 et
2384 1655 2578 1714 siccae
2620 1654 2863 1733 fuerint,

575 1758 693 1819 sale
742 1760 1078 1820 confriataS.
1155 1778 1337 1840 quare
1386 1763 1618 1841 aridaS,
1657 1759 1814 1840 quod
1863 1762 1922 1820 iu
1972 1758 2226 1820 alienum
2267 1760 2463 1821 locum
2510 1761 2864 1822 translatum

568 1876 720 1948 erat,
776 1869 837 1928 in
904 1886 1077 1928 suum
1136 1866 1332 1928 locum
1389 1868 1653 1950 restitui,
1708 1871 1932 1929 orcites
1990 1875 2048 1929 et
2095 1886 2323 1944 puseus
2378 1872 2474 1929 vel
2523 1869 2760 1930 virides
2806 1871 2866 1929 in

565 1978 767 2036 muria
814 1979 909 2037 vel
966 1978 1027 2036 in
1084 1978 1332 2037 lentisco
1389 1982 1702 2036 contusas:
1767 1979 1991 2037 orcites
2048 1978 2262 2051 nigras
2319 1977 2533 2037 aridas
2542 2023 2561 2058 ‚
2620 1980 2755 2037 sale
2816 1978 2870 2036 εἰ

566 2086 688 2143 sint
731 2082 1080 2159 confrictae
1127 2100 1255 2162 sqq.
1305 2081 1654 2158 confrictae
1700 2081 2081 2144 scribendum
2129 2100 2260 2142 esse
2309 2084 2537 2143 monuit
2577 2082 2866 2143 Ursinus:
2916 2139 2920 2144 ,

579 2188 603 2248 Ι
633 2186 691 2270 9,
727 2187 762 2251 7
798 2189 1048 2265 frietur,
1097 2189 1121 2249 1
1153 2185 1256 2272 57,
1293 2189 1321 2250 1
1367 2190 1623 2267 adfriatg
1670 2188 1748 2249 111
1780 2187 1837 2269 6,
1870 2186 1951 2250 37
1995 2188 2392 2265 infriandum,
2431 2188 2533 2250 sed
2577 2188 2661 2250 III
2692 2187 2755 2272 9,-
2785 2187 2866 2251 12

566 2296 919 2374 perfricant
966 2306 1024 2357 et
1071 2296 1150 2357 Ill
1191 2294 1291 2377 16,
1331 2294 1412 2359 37
1456 2296 1887 2375 perfricanda.

740 2402 1056 2464 Condire
1105 2413 1307 2465 recte
1365 2423 1719 2465 amurcam
1769 2403 1923 2484 sqq.]
1973 2402 2158 2464 Pravo
2209 2403 2381 2464 modo
2429 2403 2576 2465 haec
2626 2404 2700 2466 ab
2751 2405 2866 2466 edi-

571 2510 801 2572 toribus
846 2511 1127 2584 distincta
1187 2519 1381 2592 erant,
1429 2514 1709 2572 condire:
1769 2515 1945 2573 *recte
2000 2529 2316 2573 amurcam
2364 2529 2490 2591 sqq.
2551 2516 2743 2574 condi
2796 2531 2865 2572 ex

565 2620 907 2681 coniectura
955 2618 1154 2679 Ursini
1196 2617 1598 2680 Schneiderus
1646 2619 1846 2680 edidit.
1923 2618 2183 2680 restabat
2230 2630 2296 2681 ut
2343 2621 2691 2681 coniunctio
2741 2639 2865 2680 ver-

571 2726 783 2787 borum
831 2728 1252 2808 corrigeretur,
1300 2728 1484 2787 condi
1526 2732 1723 2788 recte:
1771 2743 2089 2787 amurcam
2136 2745 2263 2806 sqq.

650 2914 653 2917 Δ
740 2840 864 2893 LXI
931 2832 1102 2894 Eius
1149 2833 1477 2896 conditio
1526 2852 1683 2894 cum
1732 2851 2073 2912 expressa
2123 2833 2420 2895 effluxit
2476 2835 2666 2913 quod
2729 2844 2865 2897 sta-

566 2945 688 3004 tim
754 2942 835 3002 de
902 2960 977 3002 ea
1053 2941 1560 3021 decoquuntur
1634 2941 1810 3001 duae
1885 2951 2127 3020 partes
2202 2949 2271 3002 et
2345 2942 2865 3022 refrigeratum

563 3049 908 3110 conditur
975 3051 1042 3108 in
1111 3047 1305 3126 uasa]
1365 3049 1516 3109 Eius
1571 3051 1865 3124 mnditia,
1927 3066 2063 3109 eum
2129 3067 2422 3125 expressa
2477 3053 2637 3130 olea,
2704 3054 2868 3127 quod

563 3160 765 3218 statim
813 3155 1128 3232 effluxerit
1167 3158 1242 3218 de
1289 3174 1381 3232 ea,
1420 3158 1843 3232 decoquuntur
1888 3153 2050 3217 duae
2088 3163 2302 3232 partes
2340 3156 2664 3238 IucunduS,
2708 3157 2860 3238 quod

571 3261 975 3324 Schneider-us
1051 3265 1304 3344 recepit,
1368 3270 1681 3343 postquam
1758 3264 2050 3341 scriptura
2126 3261 2431 3342 archetypi
2502 3282 2534 3323 a
2598 3263 2862 3325 Victorio

564 3371 840 3430 restituta
906 3380 1049 3431 erat.
1142 3369 1334 3431 deleto
1401 3373 1588 3446 quod,
1661 3388 1776 3449 quo
1844 3369 1988 3429 ordo
2063 3368 2380 3430 verborum
2452 3371 2859 3450 perturbatur,

570 3479 785 3557 scripsi
832 3481 962 3540 eius
1010 3480 1304 3543 conditio:
1352 3496 1487 3539 cum
1535 3495 1829 3554 expressa
1877 3475 2143 3554 effluxit,
2190 3481 2391 3539 statim
2439 3480 2514 3539 de
2560 3497 2636 3539 ea
2685 3482 2858 3541 deco-

566 3593 837 3662 quuntur
886 3586 1047 3646 duae
1076 3592 1289 3662 partes
1327 3603 1452 3664 sqq.
1538 3603 1674 3645 cum
1713 3586 1969 3663 primum
2008 3602 2247 3645 amurca
2295 3603 2571 3664 expressa
2621 3605 2693 3646 ex
2736 3585 2858 3646 olea

567 3692 810 3775 effluxit,
850 3692 999 3752 duae
1047 3700 1246 3771 partes
1294 3691 1366 3752 de
1415 3710 1480 3752 ea
1530 3692 1967 3773 decoquuntur,
2006 3690 2217 3752 deinde
2266 3691 2324 3752 id
2374 3690 2529 3771 quod
2579 3691 2853 3754 relictum

565 3807 656 3861 est
697 3800 1085 3877 refrigeratur
1126 3804 1185 3859 et
1222 3800 1280 3858 in
1322 3817 1453 3859 vasa
1485 3799 1778 3859 conditur.
1839 3806 2065 3858 temere
2097 3797 2495 3859 Schneiderus
2535 3797 2681 3860 haec
2721 3818 2852 3861 cum

569 3910 642 3969 iis
682 3925 830 3987 quae
865 3905 937 3966 de
977 3923 1217 3966 amurca
1259 3905 1475 3967 tuenda
1512 3907 1958 3986 praecipiuntur
1996 3924 2046 3966 c.
2067 3903 2154 3967 64
2192 3904 2600 3984 coniungenda
2642 3914 2701 3967 et
2740 3906 2855 3967 duo

530 4016 758 4095 'capita
805 4032 837 4074 a
884 4012 1142 4074 librariis
1189 4012 1415 4073 divulsa
1464 4015 1522 4074 in
1582 4031 1765 4074 unum
1832 4031 2049 4092 corpus
2116 4011 2436 4092 redigenda
2483 4014 2853 4094 existimavit,

565 4141 682 4183 non
739 4119 1039 4182 intellecto
1099 4122 1374 4180 nimirum
1424 4119 1631 4181 ordine
1699 4119 2143 4200 disputationis,
2204 4137 2381 4199 quem
2437 4118 2621 4180 Varro
2687 4122 2848 4181 insti-

569 4238 783 4311 tuerat,
823 4236 890 4289 ut
934 4229 1191 4306 primum
1240 4227 1312 4287 de
1360 4227 1702 4309 condendiS,
1740 4226 1952 4287 deinde
2000 4227 2071 4286 de
2120 4227 2461 4305 promendis
2510 4236 2570 4287 et
2619 4227 2850 4289 tuendis

566 4335 860 4397 fructibus
909 4343 1202 4414 ageretur.
1279 4337 1702 4410 decoquuntur
1750 4336 1909 4395 duae
1946 4341 2161 4410 partes
2210 4334 2350 4413 quid
2400 4335 2492 4415 sit,
2542 4334 2848 4415 explicavit

565 4442 965 4504 Schneiderus
1014 4444 1366 4521 comparatis
1414 4444 1569 4502 inter
1619 4460 1681 4501 se
1729 4443 1801 4501 iis
1849 4459 1998 4520 quae
2046 4441 2117 4501 de
2166 4459 2403 4502 amurca
2446 4443 2664 4521 scripta
2707 4448 2845 4502 sunt

565 4552 720 4629 apud
779 4547 1157 4610 Columellam
1210 4548 1312 4609 Vll
1350 4544 1408 4632 5,
1447 4546 1486 4611 9
1554 4552 1745 4611 eidem
1811 4551 2075 4610 remedio
2140 4556 2230 4610 est
2291 4567 2547 4611 amurca
2613 4551 2844 4610 duabus
