3178 5185
841 444 1102 498 RERVM
1148 443 1629 499 RVSTICARVM
1665 445 1798 498 LIB.
1839 445 1863 498 I
1907 443 1984 498 19
2471 436 2556 499 63

302 609 359 662 ut
395 603 673 676 quosdam
719 601 1045 659 subducas.
1138 600 1197 658 in
1248 617 1315 658 ea
1371 617 1436 659 re
1492 606 1690 658 autem
1737 597 1956 676 triplici
2013 598 2214 678 regula
2271 599 2557 659 utendum

303 717 401 786 est,
441 709 709 767 instituto
758 706 976 785 prioris
1024 703 1273 785 domini,
1319 707 1594 766 instituto
1641 707 1998 786 vicinorum,
2056 707 2423 783 experientia
2471 725 2557 786 ea,

303 814 363 874 de
404 833 506 893 qua
552 814 779 874 dictum
828 819 955 871 erat
1005 808 1105 886 18,
1136 808 1193 872 8.

457 918 494 982 3
560 922 813 981 Asinum
860 921 1301 979 molendarium
1356 921 1688 997 posteriore
1745 918 1874 980 loco
1929 922 1990 979 in
2048 919 2559 1004 archetyposscri-

306 1037 447 1106 plum
493 1027 616 1087 fuit.
690 1028 1104 1087 molendarias
1151 1032 1340 1086 metas
1393 1027 1454 1085 in
1503 1024 1808 1086 codicibus
1856 1025 2146 1087 Ammiani
2193 1026 2347 1086 XVII
2383 1023 2561 1108 4,15

302 1134 490 1214 legitur
562 1141 620 1193 et
695 1135 1049 1193 molendare
1123 1135 1394 1192 triticum
1468 1133 1624 1210 apud
1690 1131 2037 1211 Pompeium
2112 1136 2560 1212 grammaticum

307 1260 351 1319 p.
385 1238 519 1323 309,
550 1237 646 1302 12.
722 1242 962 1300 asinum
1000 1242 1320 1299 molarium
1358 1257 1430 1299 ex
1469 1237 1688 1299 Catone
1730 1258 1779 1300 c.
1823 1238 1900 1300 11
1941 1240 2238 1301 Victorius
2277 1242 2556 1301 restituit.

455 1347 525 1406 ln
572 1347 701 1406 hoc
750 1363 1012 1424 genere
1062 1345 1613 1405 semiuocalium
1661 1346 2114 1407 adiciendum
2164 1348 2245 1407 de
2301 1366 2559 1426 pecore

302 1473 367 1514 ea
408 1454 545 1515 sola
593 1470 771 1533 quae
810 1453 963 1531 agri
1011 1451 1297 1511 colendi
1335 1470 1545 1512 causa
1585 1461 1796 1514 erunt
1836 1461 1912 1514 ut
1957 1453 2194 1515 solent
2241 1472 2401 1514 esse
2439 1431 2557 1533 pe-

300 1560 574 1621 culiaria
612 1577 834 1639 pauca
875 1557 1193 1618 habenda
1234 1576 1369 1636 quo
1410 1558 1702 1619 facilius
1743 1562 2091 1639 mancipia
2121 1579 2295 1639 quae
2328 1560 2562 1620 solent

297 1685 357 1727 se
401 1668 584 1727 tueri
630 1675 699 1726 et
745 1663 1040 1725 adsidua
1087 1683 1244 1725 esse
1293 1664 1611 1743 possint]
1663 1667 1975 1727 Pecuaria
2005 1669 2556 1746 pauca‘lzabenda,

295 1791 396 1847 quo
434 1772 683 1848 facilius
729 1775 1039 1848 mancipia
1087 1790 1245 1846 quae
1289 1776 1482 1833 solent
1525 1792 1592 1833 se
1638 1777 1816 1855 tueri,
1864 1781 1922 1833 et
1967 1776 2220 1835 assidua
2266 1792 2395 1835 esse
2440 1791 2560 1833 non

291 1887 520 1954 possunt
574 1877 816 1940 Merula.
895 1882 957 1938 in
1022 1880 1138 1938 lzoc
1198 1896 1429 1952 qenere
1491 1882 1940 1940 semivocalium
2010 1882 2425 1940 adiiciendum
2491 1883 2565 1940 de

290 2004 506 2060 pecore,
552 1990 719 2061 quod
763 2004 838 2046 ea
882 1990 1029 2061 sola,
1076 2003 1237 2060 quae
1284 1988 1468 2062 dixit,
1523 1989 1670 2061 apri
1713 1988 1956 2046 colendi
1990 2004 2192 2046 causa
2239 1993 2444 2061 erunt,
2497 1994 2566 2046 ut

299 2097 464 2154 solent
517 2113 644 2155 esse
691 2097 1028 2173 pecuaria,
1083 2110 1241 2167 quae
1289 2110 1501 2168 pauca
1556 2094 1868 2167 habenda,
1932 2110 2049 2167 quo
2098 2091 2353 2167 facilius
2401 2096 2567 2152 tueri

293 2203 515 2280 possint,
570 2203 859 2275 quoniam
905 2202 1241 2275 mancipia,
1298 2217 1458 2274 quae
1510 2202 1704 2260 solent
1759 2216 1889 2261 esse
1936 2201 2211 2271 assidua,
2270 2217 2398 2259 esse
2443 2217 2564 2260 non

292 2289 520 2379 possunt
554 2305 875 2366 IucunduS.
949 2305 1255 2384 archetypi
1303 2307 1663 2385 scripturam
1707 2304 1989 2384 Angelius
2036 2315 2095 2364 et
2133 2304 2431 2376 Victorius
2470 2323 2561 2365 re·

299 2412 623 2492 stituerunt,
674 2412 777 2472 sed
825 2419 895 2472 ut
936 2416 1130 2473 solent
1174 2430 1302 2473 esse
1350 2415 1657 2489 pecuaria
1714 2430 1786 2472 ex
1844 2410 2146 2490 prioribus
2203 2411 2561 2473 editionibus

301 2519 679 2601 retinuerunt,
746 2537 896 2599 quae
954 2519 1168 2578 deinde
1227 2517 1629 2579 Schneiderus
1697 2527 1995 2597 tamquam
2060 2517 2246 2578 aliena
2302 2518 2561 2581 inclusit.

299 2643 434 2698 quae
476 2631 666 2688 solent
720 2645 850 2688 esse
893 2628 1245 2703 peculiaria
1292 2644 1502 2703 pauca
1558 2628 1842 2687 habenda
1890 2625 2160 2687 Ursinus,
2235 2644 2387 2705 quae
2444 2629 2563 2687 sint

300 2733 621 2814 peculiaria,
685 2732 891 2793 docuit
944 2733 1101 2794 idem
1160 2732 1476 2812 adscriptis
1531 2734 1605 2793 iis
1662 2752 1812 2812 quae
1870 2752 2048 2812 supra
2114 2734 2335 2811 scripta
2391 2744 2561 2794 erant

301 2835 392 2920 17,
429 2837 462 2899 7
510 2847 577 2900 ut
622 2843 946 2916 peculiare
1000 2842 1238 2914 aliquid
1286 2842 1349 2899 in
1389 2839 1586 2915 fundo
1627 2858 1891 2916 pascere
1945 2844 2131 2901 liceat
2186 2849 2246 2900 et
2302 2840 2375 2900 de
2423 2840 2560 2918 ling.

299 2943 382 3006 lat.
414 2945 459 3003 V
493 2942 579 3007 95
626 2949 979 3023 peculiares
1035 2964 1172 3008 oves
1229 2948 1471 3008 aliudve
1527 2949 1704 3021 quid:
1762 2965 1895 3006 nam
1960 2948 2050 3007 ita'
2107 2945 2189 3006 ihi
2243 2946 2562 3025 legendum

297 3053 526 3113 coniecit
570 3071 679 3130 pro
729 3070 800 3112 eo
849 3052 1004 3131 quod
1052 3054 1115 3112 in
1163 3051 1508 3112 Florentino
1567 3052 1772 3113 codice
1822 3055 2110 3131 scriptum
2170 3059 2261 3112 est
2309 3057 2560 3129 pecula-

295 3162 472 3219 toriae
525 3177 678 3219 oves.
765 3159 865 3220 sed
926 3159 1066 3239 quid
1124 3161 1199 3219 sit
1255 3163 1564 3236 mancipia
1620 3178 1779 3235 quae
1831 3163 2025 3221 solent
2091 3178 2157 3220 se
2220 3163 2386 3220 tueri
2442 3178 2560 3220 non

296 3264 443 3325 video
490 3285 520 3326 a
570 3284 867 3345 quoquam
916 3265 1271 3345 explicatum
1321 3284 1481 3347 esse3
1529 3266 1632 3327 sed
1681 3285 1841 3342 quae
1884 3270 2076 3327 solent
2121 3284 2189 3325 ex
2239 3268 2561 3346 superiori·

295 3369 407 3453 buS,
453 3372 553 3433 ubi
597 3380 668 3434 ut
710 3376 905 3434 solent
949 3391 1077 3434 esse
1122 3374 1182 3432 in
1233 3372 1536 3433 codicibus
1576 3376 1866 3453 scriptum
1906 3380 2014 3455 est,
2055 3376 2374 3451 repetitum
2414 3381 2557 3435 erat.

295 3476 389 3539 hoc
434 3482 622 3558 ,igitur
679 3480 899 3540 omisso
957 3481 1170 3558 scripsi
1225 3483 1287 3540 in
1344 3483 1459 3541 hoc
1509 3499 1740 3555 qenere
1794 3483 2241 3541 semivocalium
2290 3483 2559 3542 adicien-

295 3586 418 3646 dum
463 3589 536 3647 de
571 3604 805 3663 pecore
860 3605 934 3646 ea
989 3590 1119 3648 sola
1167 3604 1326 3661 quae
1372 3590 1521 3661 aori
1564 3590 1806 3648 colendi
1851 3605 2043 3647 causa
2091 3594 2273 3648 erunt
2308 3595 2367 3647 et
2402 3606 2561 3662 quae

293 3696 464 3753 solent
508 3711 636 3753 esse
674 3696 1026 3769 peculiaria
1057 3710 1268 3769 pauca
1315 3695 1617 3772 habenda,
1673 3711 1790 3767 quo
1839 3693 2095 3769 facilius
2144 3697 2450 3770 mancipia
2495 3712 2561 3755 se

297 3802 440 3859 tueri
482 3807 540 3860 el
584 3802 850 3861 adsidua
896 3818 1026 3860 esse
1064 3803 1312 3876 possint.
1391 3798 1460 3859 ad
1512 3817 1579 3859 ea
1628 3818 1776 3878 quae
1825 3799 1899 3859 de
1947 3800 2142 3860 bubus
2180 3808 2240 3859 et
2277 3801 2459 3860 asinis
2497 3802 2560 3859 in

297 3902 487 3965 oliveto
536 3915 594 3967 et
643 3908 705 3966 in
754 3906 923 3965 vinea
970 3904 1258 3966 habendis
1305 3905 1446 3966 Cato
1494 3914 1882 3985 praeceperat
1928 3905 2301 3966 adiciendum
2348 3914 2441 3966 est
2485 3905 2558 3966 de

298 4026 508 4093 pecore,
553 4012 667 4072 hoc
717 4020 811 4072 est
856 4012 928 4072 de
977 4010 1187 4073 ovibus
1235 4021 1295 4073 et
1340 4011 1546 4094 subuS,
1594 4031 1660 4072 ea
1709 4012 1833 4073 sola
1877 4012 2143 4072 habenda
2193 4030 2351 4094 esse,
2408 4029 2559 4090 quae

302 4116 377 4175 vel
418 4119 483 4178 ad
530 4137 741 4198 agrum
788 4117 1100 4178 colendum
1160 4117 1325 4178 utilia
1382 4125 1523 4180 sunt
1575 4117 1670 4178 vel
1723 4136 1833 4196 pro
1889 4117 2122 4197 peculio
2178 4120 2365 4177 servis
2421 4135 2558 4178 con-

307 4223 416 4283 cedi
457 4225 663 4307 solent,
712 4243 830 4304 quo
878 4224 1109 4285 facilius
1155 4223 1239 4284 illi
1286 4244 1349 4285 se
1397 4227 1554 4286 tueri
1611 4233 1673 4311 et
1727 4224 1798 4284 ad
1858 4223 2272 4284 adsiduitatem
2317 4225 2562 4296 ,incitari

303 4332 518 4403 possint.

459 4438 529 4499 ln
577 4458 654 4501 eo
704 4457 998 4500 numero
1047 4457 1181 4499 non
1231 4438 1429 4499 modo
1477 4441 1599 4518 qui
1644 4445 1845 4518 prata
1892 4435 2155 4496 habent
2200 4443 2275 4496 ut
2317 4438 2558 4514 potius

303 4559 449 4605 oues
495 4564 698 4625 quam
736 4564 902 4607 sues
941 4544 1248 4607 habeant
1284 4554 1541 4607 curant
1580 4545 1699 4607 sed
1741 4546 1950 4604 etiam
1992 4544 2109 4622 qui
2154 4560 2288 4602 non
2327 4542 2558 4603 solum

2369 4801 2398 4816 S
