3178 5185
538 422 670 488 230
797 458 803 463 ·
1520 421 1898 476 VARRONIS

540 610 607 651 ac
655 590 866 671 salem,
924 608 1072 669 quae
1123 598 1387 649 servaret
1433 608 1690 650 carnem.
1783 608 1815 649 e
1864 591 1998 668 quis
2046 590 2343 650 succidias
2391 588 2540 649 Galli
2587 592 2860 668 optimas

541 705 600 757 et
645 699 929 757 maximas
978 698 1171 757 facere
1219 704 1603 757 consuerunt.
1697 698 2055 775 optimarum
2106 700 2369 778 signum,
2427 696 2586 776 quod
2638 699 2857 756 etiam-

542 823 684 864 num
732 805 1050 882 quotannis
1098 822 1130 862 e
1178 803 1359 864 Gallia
1410 804 1801 883 adportantur
1847 804 2092 864 Romam
2146 823 2362 883 pernae
2412 806 2745 863 comatinae
2790 811 2858 863 et

448 917 523 972 11
550 930 795 972 cauarae
863 918 922 971 et
986 912 1339 989 petasioneS.
1440 911 1511 971 de
1577 912 1982 989 magnitudine
2039 911 2380 991 gallicarum
2440 910 2886 970 succidiarum·

541 1019 682 1079 Cato
733 1017 943 1078 scribit
990 1014 1083 1076 his
1131 1016 1345 1098 verbiS‚
1394 1014 1476 1078 ‘in
1525 1017 1689 1078 ltalia
1738 1021 1799 1078 in
1840 1018 2083 1079 scrobes
2122 1026 2289 1079 terna
2329 1026 2504 1097 atque
2556 1025 2860 1097 quaterna
2920 1042 2947 1081 5

542 1126 701 1186 milia
750 1125 902 1186 aulia
951 1124 1214 1184 succidia
1260 1143 1295 1181 *
1343 1143 1485 1184 uere
1535 1143 1637 1184 sus
1685 1143 1876 1203 usque
1925 1126 2070 1186 adeo
2113 1124 2528 1205 pinguitudine
2569 1143 2859 1185 crescere

544 1233 722 1311 solet,
779 1241 844 1293 ut
902 1251 965 1292 se
1024 1234 1148 1310 ipsa
1206 1239 1368 1291 stans
1425 1234 1723 1293 sustinere
1775 1251 1890 1292 non
1937 1234 2127 1311 possit
2174 1251 2366 1311 neque
2415 1232 2704 1311 progredi
2752 1250 2857 1292 us-

544 1358 736 1419 quam.
839 1341 1038 1417 itaque
1106 1357 1204 1398 eas
1269 1340 1456 1417 siquis
1523 1358 1641 1417 quo
1699 1341 1949 1400 traicere
2008 1339 2190 1420 volet,
2247 1341 2308 1399 in
2365 1339 2701 1419 plaustrum
2762 1341 2854 1399 in·

508 1442 750 1526 ponit.⁹
843 1448 904 1505 in
961 1444 1240 1523 Hispania
1297 1444 1582 1506 ulteriore
1650 1449 1711 1505 in
1761 1446 2062 1507 Lusitania
2124 1445 2487 1526 [ulteriore],
2546 1465 2651 1506 sus
2712 1465 2857 1507 cum

546 1562 705 1613 esset
751 1554 1015 1633 occisuS,
1074 1552 1284 1611 Atilius
1334 1551 1772 1634 HispaniensiS,
1829 1556 2068 1613 minime
2115 1554 2367 1613 mendax
2415 1561 2475 1613 et
2521 1553 2854 1614 multarum
2890 1574 2941 1613 ιο

546 1679 746 1720 rerum
804 1661 1032 1738 peritus
1079 1661 1139 1718 in
1190 1659 1484 1739 doctrina,
1543 1660 1779 1721 dicebat
1825 1661 1887 1721 L.
1941 1660 2247 1721 Volumnio
2297 1663 2559 1720 senatori
2605 1662 2856 1721 missam

546 1786 676 1827 esse
743 1766 978 1827 offulam
1035 1784 1173 1826 cum
1228 1765 1456 1826 duabus
1516 1769 1726 1849 costis,
1792 1787 1941 1847 qnae
2000 1768 2289 1847 penderet
2343 1776 2467 1827 tres
2523 1777 2583 1827 et
2642 1769 2860 1846 viginti

545 1875 770 1954 pondO,
824 1876 1073 1952 eiusque
1131 1875 1255 1933 suis
1314 1892 1347 1933 a
1404 1881 1540 1933 cute
1598 1874 1683 1933 ad,
1730 1893 1796 1933 os
1843 1875 2052 1953 pedem
2102 1883 2162 1934 et
2208 1882 2331 1935 tres
2380 1874 2594 1953 digitos
2642 1876 2856 1934 fuisse.

371 2026 375 2028 Α
456 1985 532 2041 12
564 1964 684 2041 Cui⁴
728 2000 861 2061 ego,
917 1980 1045 2039 Non
1101 1981 1297 2039 minus
1344 1998 1442 2040 res
1491 1980 1831 2041 admiranda
1880 2001 2016 2042 cum
2063 1983 2145 2041 mi
2192 1990 2349 2042 esset
2397 1982 2577 2063 dicta,
2635 1984 2699 2041 in
2747 1982 2858 2041 Ar-

402 2079 405 2082 *
549 2088 715 2148 cadia
763 2089 886 2147 scio
934 2106 1026 2147 me
1066 2089 1185 2147 isse
1225 2095 1554 2166 spectatum
1596 2106 1781 2169 suem,
1831 2107 1979 2167 quae
2017 2106 2158 2165 prae
2199 2088 2612 2166 pinguitudine
2653 2092 2858 2148 carnis
2891 2106 2939 2146 15

551 2214 667 2255 non
734 2194 908 2255 modo
976 2213 1222 2273 surgere
1293 2213 1412 2253 non
1479 2203 1710 2276 posset,
1777 2196 1880 2256 sed
1939 2197 2115 2255 etiam
2173 2203 2238 2254 ut
2294 2197 2355 2253 in
2414 2196 2541 2254 eius
2598 2213 2859 2274 corpore

551 2321 726 2362 sorex
777 2320 950 2362 exesa
999 2319 1177 2361 carne
1219 2301 1422 2361 nidum
1462 2302 1703 2363 fecisset
1741 2311 1800 2363 et
1836 2304 2170 2381 peperisset
2208 2319 2426 2361 mures,
2519 2300 2632 2361 hoc
2673 2304 2854 2362 etiam

552 2411 614 2469 in
663 2395 855 2469 vineta
904 2408 1123 2468 factum
1174 2410 1395 2485 accepi.

459 2520 538 2577 13
742 2515 856 2575 Sus
921 2515 989 2575 ad
1058 2515 1309 2575 feturam
1376 2533 1525 2594 quae
1593 2518 1670 2575 sit
1728 2516 2004 2597 secunda,
2070 2517 2544 2576 animadvertunt
2599 2517 2727 2576 fere
2786 2535 2857 2576 ex

558 2625 747 2702 primo
796 2630 996 2701 partu,
1046 2621 1201 2700 quod
1253 2640 1371 2681 non
1420 2623 1671 2683 multum
1718 2626 1778 2683 in
1827 2623 2075 2702 reliquis
2123 2631 2329 2685 mutat.
2421 2626 2486 2683 in'
2529 2625 2854 2705 nutricatu,
2885 2643 2935 2680 20

553 2748 730 2809 quam
778 2729 1244 2808 porculationem
1293 2728 1608 2812 appellant,
1656 2729 1812 2789 binis
1860 2730 2165 2790 mensibus
2212 2749 2426 2810 porcos
2474 2732 2677 2790 sinunt
2718 2748 2855 2790 cum

700 3052 726 3098 1
768 3046 1018 3099 seruaret
1066 3045 1177 3098 VB
1217 3050 1507 3098 seruarent
1539 3046 1597 3098 A
1741 3044 1985 3114 optimas
2024 3044 2268 3114 optimas
2299 3047 2309 3115 Ι
2342 3045 2401 3100 et
2437 3043 2729 3110 maximaS‚
2765 3047 2861 3100 sed

553 3135 849 3204 posteriore
877 3135 990 3189 loeo
1021 3133 1263 3203 optimas
1301 3135 1528 3188 deletum
1555 3134 1613 3208 A
1755 3139 1787 3187 2
1819 3136 2154 3188 consuerunt
2182 3134 2294 3187 PA
2325 3136 2733 3188 consueuerunt
2760 3133 2859 3187 Bv

699 3221 1009 3276 etiamnum
1055 3223 1202 3291 quod
1251 3222 1414 3275 annis
1457 3222 1575 3276 PA
1621 3222 1790 3275 etiam
1839 3240 1955 3276 nun
2001 3222 2151 3290 quod
2200 3222 2360 3276 annis
2395 3222 2451 3275 Β
2501 3220 2671 3275 etiam
2713 3238 2860 3275 nunc

557 3310 856 3380 quotannis
902 3328 934 3365 v
1116 3316 1148 3363 3
1209 3311 1579 3379 adportantur
1626 3311 1741 3363 PA
1795 3312 2165 3380 apportantur
2220 3310 2315 3364 Bv
2407 3371 2413 3377 ⁴
2500 3310 2761 3365 ‘Paruae
2786 3310 2859 3379 [l.

558 3401 796 3467 Pei-nae,
861 3401 1005 3468 quod
1059 3405 1134 3453 est
1187 3401 1250 3452 in
1305 3400 1538 3453 editione
1601 3399 1865 3470 Victorii]
1919 3398 2265 3467 tomacinae,
2323 3399 2382 3454 et
2435 3398 2685 3452 taniatae
2725 3441 2737 3452 .
2781 3399 2861 3450 In

557 3490 759 3558 optimo
832 3490 998 3555 libro,
1073 3487 1396 3541 Comatinae
1407 3528 1425 3554 ,
1498 3489 1556 3541 et
1631 3490 1862 3542 canatae
1902 3509 1919 3541 .·
1955 3490 2097 3543 nihil
2160 3493 2343 3543 tamen
2402 3487 2657 3543 uariaui'
2737 3487 2860 3542 Vic-

558 3579 734 3633 torius
879 3577 1193 3632 comatinae
1242 3579 1299 3630 et
1345 3592 1579 3631 cauarae
1623 3576 1738 3629 PB
1786 3578 2065 3631 comatine
2114 3579 2171 3631 et
2208 3593 2409 3631 cauare
2448 3577 2500 3629 A
2539 3574 2854 3630 tomacinae

561 3669 619 3722 et
663 3666 917 3722 taniacae
966 3684 997 3720 v
1144 3672 1174 3720 7
1232 3664 1507 3720 sustinere
1561 3664 1675 3720 VA
1722 3665 2035 3720 substinere
2073 3666 2128 3719 Β
2273 3671 2306 3720 8
2361 3665 2676 3735 plaustrum
2714 3663 2857 3720 A²m

561 3756 836 3825 plastrum
875 3754 1059 3809 PAB
1097 3755 1372 3823 plostrum
1407 3771 1442 3809 v
1623 3753 1844 3824 inponit
1879 3755 1933 3808 A
1973 3753 2215 3823 imponit
2249 3753 2306 3807 Β
2340 3753 2527 3823 iponit
2570 3753 2624 3807 V
2790 3760 2852 3808 11

561 3844 849 3900 uolumnio
879 3844 990 3898 Vm
1013 3842 1295 3897 ualumnio
1317 3843 1436 3896 AB
1514 3849 1580 3897 12
1602 3844 1771 3898 costis
1791 3860 1821 3897 v
1844 3843 2016 3898 coctis
2036 3844 2207 3898 PAB
2284 3849 2349 3897 13
2371 3859 2498 3897 sues
2520 3859 2658 3898 corr.
2679 3842 2854 3897 suisA

707 3939 775 3989 14
813 3950 939 3987 eum
978 3931 1056 3986 mi
1094 3933 1244 3987 esset
1268 3930 1387 3986 PB
1427 3950 1552 3986 cum
1588 3931 1667 3985 mi
1706 3949 1823 3986 esse
1852 3932 1909 3986 A
1946 3950 2072 3986 cum
2109 3930 2249 3985 mihi
2288 3933 2435 3985 esset
2461 3947 2493 3984 v
2642 3937 2708 3985 15
2746 3931 2855 3985 isse

574 4022 808 4077 Ursinus
846 4038 964 4076 esse
1006 4019 1183 4075 VAB
1294 4027 1360 4075 16
1400 4021 1499 4074 sed
1537 4019 1711 4075 etiam
1748 4024 1812 4075 ut
1848 4019 1909 4074 in
1947 4021 2064 4074 eius
2093 4021 2214 4075 AB
2243 4019 2342 4074 sed
2372 4018 2544 4075 etiam
2572 4019 2631 4074 in
2661 4021 2780 4075 eius
2808 4021 2865 4076 P

564 4111 663 4166 sed.
700 4109 758 4164 in
796 4109 913 4164 eius
941 4128 973 4165 v
1122 4115 1187 4164 18
1223 4109 1281 4163 in
1320 4109 1514 4164 uineta
1555 4110 1731 4163 VAB
1761 4110 1817 4163 in
1846 4110 2082 4164 iuuenca
2106 4126 2160 4163 m
2189 4109 2485 4164 Iucundus
2515 4109 2604 4162 ‘In
2633 4109 2856 4165 uineta.

569 4201 910 4256 Communem
954 4184 1497 4268 lectionem‘nouam‚
1543 4201 1849 4269 falsamque
1878 4201 2114 4268 putaui,
2159 4201 2387 4269 ideoque
2423 4204 2653 4254 ueterem
2689 4201 2859 4269 scrip-

565 4296 749 4344 turam
802 4293 1056 4359 reponere
1101 4291 1293 4344 malui.
1334 4320 1403 4328 —
1443 4289 1554 4343 Pro
1603 4287 1834 4355 Vineta,
1889 4290 2122 4355 fortasse
2169 4288 2411 4355 Veneta,
2471 4295 2571 4344 aut
2618 4288 2858 4344 Venetia.

564 4380 905 4436 scribendum
941 4379 1038 4434 est'
1093 4379 1368 4433 Victorius

785 4475 848 4522 19
905 4468 977 4522 ad
1032 4467 1275 4522 feturam
1323 4466 1470 4520 ΒΑ2
1525 4465 1599 4519 ad
1652 4464 1928 4518 secturam
1974 4467 2089 4520 Am
2148 4467 2220 4519 ad
2265 4466 2539 4521 foeturam
2598 4466 2652 4520 V

566 4558 843 4613 foecunda
890 4557 943 4610 V
1081 4562 1146 4609 21
1188 4554 1478 4626 appellant
1525 4555 1761 4610 Ursinus
1797 4555 2162 4623 appellabant
2207 4554 2384 4608 VAB
