3178 5185
681 1160 1348 1236 CAPITVLA
1427 1163 1788 1238 LIBRI
1861 1165 2078 1239 PRI
2101 1167 2237 1239 MI

269 1356 384 1425 Qui
435 1358 678 1417 Graeci
731 1358 801 1417 de
850 1361 975 1437 agri
1023 1360 1254 1420 cultura
1303 1364 1655 1440 scripserint

268 1462 436 1533 Quae
490 1463 875 1541 diiungenda
925 1469 1043 1527 sint
1090 1467 1162 1527 ab
1210 1471 1335 1546 agri
1382 1469 1614 1529 cultura

269 1574 479 1631 Artem
537 1590 689 1631 esse
740 1574 864 1650 agri
911 1572 1204 1632 culturam

217 1678 415 1756 ⁵Agri
466 1678 969 1757 culturae'quod
1018 1660 1096 1739 sit
1143 1683 1376 1741 initium
1426 1691 1485 1741 et
1534 1685 1668 1761 quis
1717 1683 1852 1741 finis

268 1783 428 1853 Quot
482 1793 711 1863 partes
758 1785 967 1846 habeat
1015 1787 1360 1867 disciplinae
1409 1786 1641 1848 cultura
1692 1791 1818 1866 agri

269 1892 349 1952 De
402 1892 540 1969 solo
601 1892 780 1952 fundi
826 1912 976 1971 quae
1025 1896 1144 1953 sint
1190 1895 1439 1955 videnda
1939 1890 1973 1929 ⁰

269 1998 385 2069 Qui
447 2002 534 2059 sit
601 2017 753 2076 ager
809 2009 1085 2078 optumus
1144 2009 1202 2061 et
1258 2005 1391 2081 quis
1448 2001 1521 2062 ab
1578 2022 1647 2062 eo
1706 2005 2012 2079 proximus
2061 2013 2120 2063 et
2168 2008 2271 2083 qui
2318 2004 2598 2083 deinceps

271 2107 350 2166 De
402 2109 620 2166 vineis

198 2221 243 2259 1⁰
271 2213 352 2273 De
400 2214 624 2273 modis
674 2231 950 2290 agrorum

269 2320 626 2381 Heredium
678 2328 739 2378 et
785 2322 1051 2381 centuria
1100 2332 1159 2381 et
1206 2322 1389 2383 saltus
1438 2342 1622 2401 quare
1672 2326 1791 2383 sint
1837 2324 1931 2383 his
1970 2323 2272 2383 vocabulis
2310 2324 2596 2402 appellata

270 2428 352 2488 De
401 2427 552 2488 villa

270 2535 351 2595 De
403 2554 574 2615 aqua
633 2532 804 2594 villae

270 2643 350 2702 De
400 2643 544 2704 loco
604 2650 671 2701 et
718 2644 778 2700 in
829 2660 1000 2720 quam
1049 2654 1277 2720 partem
1327 2645 1475 2704 caeli
1524 2645 1656 2705 villa
1703 2646 1973 2725 ponenda
2023 2649 2101 2706 sit

203 2754 246 2794 15
272 2749 352 2808 De
402 2749 597 2809 villae
653 2751 910 2808 rusticae
959 2748 1355 2829 descriptione

272 2856 352 2915 De
404 2857 654 2934 saeptis
706 2874 853 2932 quae
902 2855 1071 2915 fundi
1119 2857 1348 2916 tutandi
1396 2875 1571 2916 causa
1621 2858 1764 2918 fiant

273 2963 353 3022 De
403 2963 651 3022 finibus
700 2961 936 3021 tuendis

274 3070 355 3130 De
406 3073 501 3130 eis
557 3087 721 3147 quae
770 3077 933 3129 extra
982 3069 1229 3130 fundum
1278 3069 1582 3129 commoda
1634 3071 1776 3130 fiant.
1823 3082 1923 3131 aut
1968 3073 2339 3131 incommoda

276 3179 418 3255 Agri
470 3176 711 3256 quibus
759 3175 939 3236 rebus
987 3177 1258 3237 colantur

205 3283 358 3343 2⁰De
426 3302 701 3344 numero
770 3286 1157 3363 rusticorum,
1224 3293 1369 3362 quot
1434 3287 1635 3362 operis
1703 3287 1956 3364 quisque
2024 3288 2149 3363 agri
2215 3285 2425 3344 modus
2483 3286 2596 3345 coli

463 3392 670 3471 possit

427 3570 456 3615 1
492 3562 776 3616 Varronis
807 3545 1011 3615 Rerum
1031 3561 1389 3615 Raeticarum
1418 3563 1486 3616 de
1516 3562 1860 3632 agricultura
1885 3561 2030 3616 liber
2057 3562 2082 3614 I
2103 3562 2267 3631 (liber
2286 3564 2497 3632 primus
2518 3565 2595 3632 Β)

278 3653 491 3723 Incipit
550 3649 801 3705 feliciter
854 3651 1037 3704 PAB
1092 3651 1166 3705 M.
1215 3651 1277 3707 T.
1327 3652 1703 3706 VARRONIS
1758 3651 1884 3705 REI
1929 3651 2286 3706 RVSTICAE
2335 3649 2595 3704 CAPITA

281 3742 503 3795 LIBRI.
537 3742 580 3795 I.
614 3757 647 3793 v
794 3747 824 3793 2
866 3740 971 3805 Qui
1008 3741 1198 3808 graeci
1238 3740 1307 3794 de
1346 3740 1693 3809 agricultura.
1721 3743 1834 3806 PA
1865 3742 1972 3807 Qui
2009 3740 2199 3810 graeci
2238 3742 2297 3794 et,
2331 3738 2496 3794 latini
2525 3741 2594 3794 de

281 3831 648 3901 agricultura.
683 3829 740 3883 Β
779 3819 977 3883 Graeci
1022 3831 1080 3883 et
1123 3828 1285 3883 latini
1333 3829 1430 3897 qui
1475 3830 1544 3883 de
1592 3848 1650 3884 re
1694 3831 1905 3885 rustica
1939 3849 1971 3884 v
2115 3829 2439 3899 scripserint
2474 3830 2595 3882 AB

294 3920 589 3974 Victorius
630 3919 973 3987 scripserunt
1006 3918 1060 3971 V
1162 3926 1192 3972 6
1224 3918 1373 3983 Quot
1400 3921 1586 3988 partes
1615 3921 1713 3973 Bv
1744 3920 1904 3983 Quod
1933 3922 2121 3988 part-es
2154 3918 2271 3973 PA
2380 3925 2409 3971 7
2451 3935 2594 3987 quae

285 4010 399 4063 sint
436 4008 700 4062 uidenda.
728 4008 839 4060 PA
877 4023 1020 4075 quae
1049 4009 1106 4060 et
1135 4008 1272 4074 quot
1299 4006 1413 4059 sint:
1439 4006 1686 4062 uidenda
1711 4008 1766 4060 Β
1777 4025 1808 4060 υ
1942 4013 1972 4060 8
2013 4012 2272 4076 optumus
2306 4008 2420 4060 PB
2448 4007 2594 4076 opti-

284 4117 408 4153 mus
459 4100 565 4152 Av
719 4103 784 4150 14
832 4098 888 4150 et
924 4103 1051 4165 post
1090 4096 1214 4150 loco
1261 4113 1361 4151 om,
1409 4097 1463 4149 Β
1626 4097 1684 4150 in
1730 4097 1922 4167 quam]
1972 4097 2031 4150 in
2077 4113 2281 4165 aquam
2328 4097 2381 4149 A
2528 4103 2595 4151 16

285 4188 466 4257 septis
520 4186 579 4239 V
721 4186 859 4238 fiant:
907 4186 963 4238 P
1013 4186 1154 4239 fiunt
1199 4185 1319 4239 AB
1379 4185 1656 4239 Victorius
1708 4185 1826 4238 fieri
1883 4186 2125 4240 debeant
2173 4188 2230 4238 et
2274 4185 2517 4253 qualiter
2562 4204 2595 4239 v

433 4281 505 4330 18
557 4274 645 4329 De
703 4273 783 4328 eis
845 4275 956 4328 VB
1017 4275 1294 4329 Victorius
1339 4275 1421 4328 De
1477 4274 1564 4327 his
1609 4274 1666 4327 A
1810 4274 2045 4344 cornoda
2090 4272 2146 4326 A
2289 4275 2427 4327 fiant
2482 4275 2595 4328 VB

287 4366 428 4419 fiunt
468 4365 530 4419 A
584 4364 860 4418 Victorius
1001 4363 1298 4417 incomoda
1335 4363 1388 4415 A
1533 4370 1602 4416 20
1648 4362 1729 4418 De
1777 4379 2006 4417 numero
2045 4362 2376 4416 rusticorum
2410 4365 2417 4430 Ι
2452 4363 2595 4427 Quo-

287 4454 441 4524 tiens
484 4453 681 4523 operis
710 4453 763 4505 A
793 4453 874 4506 De
901 4470 1130 4516 numero
1159 4452 1495 4505 rusticorum
1527 4456 1584 4505 et:
1613 4455 1749 4519 quot
1777 4451 1958 4520 operis
1983 4451 2040 4505 Β
2065 4450 2145 4504 De
2173 4469 2404 4505 numero
2433 4451 2595 4504 rusti-

290 4561 484 4597 corum
529 4541 795 4610 quotiens
832 4542 1014 4610 operis
1047 4543 1101 4595 P
1127 4542 1209 4594 De
1246 4557 1476 4594 numero
1505 4541 1756 4595 familiae
1785 4540 2066 4594 rusticalia
2096 4542 2155 4594 et:
2182 4542 2322 4608 quot
2351 4539 2533 4609 operis
2561 4557 2593 4593 v

2093 4629 2168 4682 8*
