3178 5185
592 432 723 497 300
1276 440 1659 495 COMMENT.
1695 441 1775 495 IN
1812 440 2188 496 VARRONIS

585 603 693 677 est,
742 595 896 675 quod
946 594 1248 656 Gesnerus
1296 599 1490 656 amnis
1537 613 1608 655 ex
1647 593 1922 656 Politiaui
1968 596 2266 673 excerptis
2314 594 2630 656 adnotavit.
2692 600 2876 657 animi

580 702 766 763 codex
813 701 1119 762 Caesenas.
1212 709 1272 763 et
1317 705 1681 764 hiematione
1726 702 1910 763 codex
1959 701 2356 781 FlorentinuS,
2402 709 2471 762 ut
2516 721 2597 763 ex
2645 705 2865 764 hiema-

586 811 746 870 tione
792 808 1099 870 CaesenaS.
1191 813 1488 885 reliquum
1536 811 1891 870 hiemationi
1934 812 2340 884 relinquatur.
2412 811 2469 870 si
2511 827 2660 871 vero
2708 813 2875 871 alvus

585 933 703 976 non
735 919 810 989 fit
839 914 1066 991 fertilis
1101 918 1210 976 ubi
1243 919 1393 991 quid
1436 919 1764 990 eximatur,
1803 919 2100 992 exemptio
2138 934 2275 977 eum
2313 922 2402 976 est
2437 919 2638 977 maior
2666 915 2875 976 Iucun-

588 1022 699 1083 dus
747 1029 808 1083 et
853 1022 1064 1083 deinde
1112 1022 1328 1102 reliqui
1374 1022 1650 1083 editores,
1742 1026 1799 1083 si
1841 1040 1960 1084 non
2006 1026 2087 1083 sit
2136 1022 2390 1098 fertilis‘,
2436 1025 2504 1083 ni
2556 1026 2711 1097 quid
2754 1027 2873 1085 exi-

583 1136 803 1190 matur.
897 1133 1193 1206 exemptio
1267 1147 1404 1189 eum
1478 1136 1567 1190 est
1641 1148 1768 1209 sqq.
1846 1129 2115 1190 Ursinus
2207 1146 2420 1207 parum
2504 1129 2874 1191 considerate

586 1236 985 1297 Schneiderus
1047 1235 1224 1296 verba
1281 1236 1718 1315 transponenda
1777 1255 1908 1297 esse
1973 1238 2036 1296 in
2091 1236 2250 1296 hunc
2306 1235 2545 1296 modum
2606 1239 2873 1319 coniecit,

584 1347 883 1418 reliquum
929 1345 1284 1404 hiemationi
1333 1346 1749 1418 relinquatur,
1796 1362 1872 1404 ne
1928 1346 2220 1416 deficiant
2279 1345 2572 1423 animum,
2621 1348 2876 1406 exemtio

584 1468 721 1512 eum
768 1457 857 1511 est
900 1453 1114 1511 maior.
1206 1467 1401 1524 neque
1445 1453 1795 1511 universam
1860 1469 2056 1525 neque
2100 1453 2312 1526 palam
2361 1448 2582 1524 faeere
2629 1458 2876 1528 oportet.

582 1561 640 1618 si
683 1575 825 1619 vero
872 1561 1043 1618 alvus
1089 1575 1208 1617 non
1244 1560 1325 1617 sit
1365 1555 1609 1631 fertilis,
1648 1576 1724 1618 ne
1761 1560 1912 1632 quid
1957 1560 2283 1619 eximatur.
2358 1558 2714 1618 sententiam
2756 1577 2874 1618 ver-

579 1664 793 1725 borum
841 1682 1017 1743 prava
1066 1662 1479 1744 distinctione,
1527 1682 1677 1742 quae
1734 1663 1874 1724 olim
1932 1664 2071 1744 fuit,
2120 1670 2391 1723 correcta
2436 1661 2693 1725 Ursinus
2749 1683 2875 1744 ape-

579 1772 718 1831 ruit.
811 1770 971 1832 hunc
1019 1778 1262 1831 secutus
1323 1772 1539 1849 scripsi
1596 1774 1897 1845 reliquum
1944 1778 2011 1831 ut
2056 1759 2413 1832 hiemationi
2455 1774 2876 1846 relinquatur;

576 1882 672 1939 sin
721 1882 891 1938 alvus
937 1895 1057 1938 non
1113 1880 1191 1937 sit
1238 1875 1468 1951 fertilis
1478 1923 1496 1956 ,
1555 1880 1784 1952 nequid
1836 1880 2161 1938 eximatur.
2253 1880 2550 1953 exemptio
2599 1896 2737 1939 eum
2791 1887 2877 1940 est

580 1989 804 2065 maior,
852 2003 1047 2060 neque
1093 1987 1440 2045 universam
1502 2003 1699 2059 neque
1747 1988 1957 2061 palam
2006 1983 2226 2059 faeere
2280 1990 2542 2059 oportet,
2603 2005 2681 2047 ne
2737 1989 2871 2059 defi·

581 2096 751 2154 ciant
796 2096 1079 2153 animum.
1173 2092 1223 2151 si
1270 2090 1434 2151 alvus
1483 2091 1732 2152 secunda
1790 2097 1909 2172 est,
1957 2093 2019 2151 in
2076 2089 2403 2150 eximendis
2460 2090 2607 2151 savis
2669 2110 2872 2152 curan-

582 2199 723 2259 dum
773 2208 864 2259 est
913 2206 978 2258 ut
1033 2196 1403 2277 relinquatur
1456 2199 1624 2277 vquod
1680 2197 1891 2277 apibus
1947 2197 2019 2257 ad
2075 2196 2495 2258 hiemationem
2552 2217 2704 2277 opus
2760 2208 2873 2279 est3

581 2308 631 2365 si
679 2323 797 2366 non
845 2303 1059 2365 fertilis
1105 2312 1213 2384 est,
1251 2302 1399 2364 nihil
1447 2306 1689 2365 omnino
1728 2303 2122 2365 eximendum.
2198 2305 2257 2363 in
2305 2303 2553 2382 reliquis
2600 2306 2653 2365 si
2690 2307 2871 2365 maior

583 2413 878 2491 exemptio
939 2412 1028 2492 fit,
1093 2427 1286 2489 neque
1348 2410 1522 2471 simul
1586 2413 1784 2471 omnia
1844 2429 2040 2490 neque
2100 2409 2288 2490 palam
2350 2411 2659 2471 eximenda
2720 2420 2872 2473 sunt.

584 2522 877 2594 deficiant
922 2521 1189 2579 animum
1235 2516 1391 2577 idem
1441 2536 1593 2599 esse,
1632 2517 1787 2598 quod
1837 2516 1916 2578 111
1953 2513 2014 2598 5,
2044 2514 2083 2578 6
2124 2524 2184 2577 et
2226 2513 2326 2599 16,
2360 2513 2442 2578 15
2480 2517 2704 2579 dictum
2747 2526 2871 2580 erat

586 2629 997 2704 despondeant
1034 2629 1301 2686 animum
1339 2624 1592 2685 Ursinus
1630 2625 1947 2686 adnotavit.
2022 2624 2176 2703 apud
2218 2623 2565 2685 Ciceronem
2613 2645 2670 2705 p.
2701 2626 2866 2688 Rosc.

578 2735 772 2794 Amer.
794 2730 856 2814 4,
881 2729 963 2792 10
1001 2731 1217 2810 legitur
1256 2733 1458 2793 animo
1495 2750 1614 2793 non
1655 2735 1953 2806 deficiam.
2021 2730 2237 2792 deinde
2282 2735 2496 2806 siquae
2532 2752 2690 2810 pars
2726 2736 2863 2795 scri-

581 2840 842 2901 bendum
890 2857 1039 2919 esse,
1087 2837 1192 2898 ubi
1235 2842 1293 2899 si
1334 2856 1457 2913 qua
1496 2858 1652 2916 pars
1698 2841 1759 2900 in
1807 2839 2125 2919 archetypo
2174 2839 2303 2921 fuit,
2351 2839 2470 2899 dixi
2518 2839 2543 2899 Ι
2586 2836 2688 2921 12,
2725 2838 2781 2901 3.
2885 2924 2889 2927 .

759 2942 847 3008 35
911 2948 999 3007 Ne
1037 2947 1344 3018 firmiores
1391 2944 1528 3005 libri
1576 2964 1752 3006 manu
1802 2948 2038 3028 scripti,
2093 2965 2170 3007 ne
2217 2950 2585 3020 infirmiores
2631 2946 2866 3027 Merula,

585 3053 739 3132 quod
786 3052 1111 3132 Politianus
1157 3070 1276 3112 non
1322 3054 1602 3113 correxit.

569 3243 572 3244 ⁷
761 3161 892 3222 Non
938 3161 1113 3221 modo
1159 3178 1276 3220 non
1326 3161 1624 3220 desistunt
1665 3158 1920 3238 plurima
1968 3159 2302 3238 apographa
2351 3166 2413 3219 et
2472 3158 2654 3220 editio
2711 3161 2864 3238 prin-

581 3286 722 3347 ceps
769 3286 800 3327 a
847 3265 1135 3327 Politiano
1185 3282 1303 3326 non
1353 3273 1642 3346 correcta,
1689 3284 1809 3328 non
1859 3269 2032 3326 modo
2081 3268 2376 3327 desistunt
2420 3264 2738 3349 IucunduS.

763 3370 847 3436 36
920 3374 1149 3451 Prope
1225 3372 1722 3452 apponendum
1795 3372 1973 3433 bene
2058 3371 2407 3433 olentium
2489 3371 2865 3433 herbarum

586 3483 882 3542 maxime
930 3480 1355 3559 apiastrum]
1399 3482 1600 3558 Prope
1645 3483 2065 3557 apponendum
2114 3483 2351 3555 aliquid
2394 3482 2544 3541 bene
2588 3484 2866 3542 olentium

583 3591 913 3651 herbarum
977 3587 1308 3648 Pontedera
1373 3607 1428 3667 p.
1467 3584 1600 3648 460
1656 3597 1715 3648 et
1777 3586 2195 3647 SchneideruS.
2286 3589 2347 3647 in
2403 3588 2677 3665 genetivo
2733 3605 2868 3648 casu

585 3694 792 3755 similis
830 3693 1065 3755 dicendi
1104 3693 1345 3755 libertas
1383 3703 1473 3755 est
1511 3693 1589 3754 111
1627 3691 1723 3775 17,
1747 3691 1781 3753 7
1821 3697 2322 3754 salsamentorum
2360 3697 2423 3754 in
2460 3712 2566 3754 eas
2590 3698 2865 3770 piscinas

583 3809 841 3879 emptum
887 3802 1199 3863 coiciebat.

762 3907 845 3970 37
911 3907 1154 3968 Iacent
1217 3914 1638 3987 prostratae
1704 3915 1779 3967 ut
1844 3904 2195 3983 efflictae]
2254 3907 2335 3968 Et
2395 3904 2665 3981 efflietae
2730 3925 2867 3966 non-

583 4016 742 4078 nulla
789 4013 1149 4095 apographa,
1196 4021 1255 4076 et
1314 4013 1591 4089 afflictae
1646 4013 1831 4074 codex
1878 4012 2193 4091 CaesenaS,
2240 4011 2563 4074 Beroaldus
2622 4022 2685 4073 et
2738 4022 2869 4092 post

579 4124 736 4185 hunc
792 4121 1008 4200 reliqui
1062 4120 1339 4181 editores.
1433 4127 1542 4180 aut
1597 4119 1864 4195 efflictae
1924 4118 2062 4178 olim
2122 4119 2420 4180 dederam.
2513 4120 2616 4180 sed
2667 4138 2866 4181 verum

582 4238 673 4290 est
719 4237 787 4290 ut
831 4227 1116 4303 efflictae,
1156 4227 1312 4305 quod
1363 4228 1423 4286 in
1470 4225 1791 4305 archetypo
1830 4227 2122 4305 scriptum
2160 4234 2304 4306 erat,
2343 4225 2395 4286 h.
2435 4244 2488 4288 e.
2535 4229 2709 4305 quasi
2749 4229 2866 4287 ictu

583 4353 902 4416 percussae
950 4352 1089 4414 apes
1135 4340 1466 4412 prostratae
1513 4335 1726 4393 iacent.

764 4441 1258 4519 Colligendum
1305 4459 1423 4500 eas
1469 4443 1538 4500 in
1587 4458 1710 4500 uas
1767 4439 2059 4520 aliquod
2115 4448 2185 4501 et
2245 4439 2740 4518 reponendum
2799 4441 2864 4499 in

588 4555 780 4608 tecto
828 4547 984 4607 loco
1033 4566 1110 4607 ac
1168 4546 1413 4627 tepido
1470 4565 1789 4627 promum
1838 4565 1869 4607 e
1918 4546 2029 4607 die
2089 4564 2290 4626 quam
2346 4546 2640 4607 maxime
2700 4555 2864 4607 tem·
