3178 5185
574 430 613 493 2
620 429 704 493 62
1251 432 1630 488 ΟΟΜΜΕΝΤ.
1669 433 1750 488 IN
1786 430 2160 487 VARRONIS

571 589 745 670 tosi]
804 593 980 666 Quod
1023 590 1519 651 animadvertunt
1564 607 1635 648 ex
1684 583 1916 648 ‘vetere
1965 581 2199 648 codice'
2253 584 2528 664 UrsinuS,
2576 585 2687 658 qui
2729 585 2853 643 ani-

571 704 1036 762 madvertuntur
1082 698 1382 758 Gesnerus
1429 695 1625 756 verbis
1671 714 1880 776 parum
1929 703 2061 775 apte
2108 697 2170 754 in
2218 694 2377 754 hunc
2424 691 2671 752 modum
2718 709 2854 751 con-

572 809 820 888 iunctiS,
878 801 1091 886 ‘gallos
1157 804 1380 865 salaces
1446 802 1623 884 eligat
1686 810 1948 886 oportet,
2006 804 2110 883 qui
2164 801 2745 881 animadvertuntur,
2808 800 2859 858 si

573 923 715 977 sunt
766 908 1094 976 lacertosi'.
1185 916 1314 988 qui,
1372 912 1529 992 quod
1588 910 1727 972 olim
1786 910 2031 993 inclusi,
2079 911 2129 970 si
2186 927 2394 970 verum
2441 917 2559 990 est,
2606 925 2717 988 pro
2766 906 2859 967 ad-

578 1023 779 1084 verbio
826 1010 1164 1082 habendum
1211 1028 1320 1101 est,
1367 1029 1434 1080 ut
1480 1021 1556 1080 sit
1602 1015 1831 1098 ‘aliquo
1879 1014 2103 1079 modo'.

752 1128 792 1190 6
858 1125 1178 1205 Melicos]
1227 1128 1501 1189 Medicos
1556 1127 1713 1188 edita
1768 1125 1906 1186 inde
1963 1125 2034 1186 ab
2082 1124 2289 1185 Aldina
2345 1123 2605 1184 editione
2666 1140 2860 1183 exem-

573 1238 773 1318 plaria.
866 1235 1103 1297 Melicas
1170 1234 1413 1314 gallinas
1479 1233 1625 1294 falso
1692 1233 1975 1314 appellari
2039 1251 2188 1313 quae
2251 1231 2510 1292 Medicae
2577 1228 2863 1290 dicendae

576 1355 775 1406 essent
832 1344 1015 1404 Varro
1074 1343 1372 1404 adnotavit
1429 1342 1581 1402 infra
1640 1340 1680 1418 ἓ
1723 1338 1822 1402 19’.
1914 1359 2109 1420 neque
2168 1348 2366 1401 tamen
2422 1356 2640 1398 nomen
2698 1337 2870 1416 vulgo

578 1459 930 1532 usurpatum
984 1446 1235 1512 Melicos
1288 1450 1612 1510 mutavisse
1660 1448 1921 1531 videtur,
1971 1448 2126 1527 quod
2185 1448 2327 1508 fecit
2372 1444 2697 1507 Columella
2744 1444 2872 1505 VIII

577 1559 638 1643 2,
675 1559 740 1642 4,
786 1562 1125 1637 praecipue
1178 1558 1589 1632 Tanaqricum
1641 1575 1836 1632 qenus
1882 1563 1943 1618 et
1985 1557 2289 1617 Rhodium
2329 1555 2713 1634 probabant,
2761 1571 2873 1614 nec

580 1672 777 1729 minus
830 1669 1246 1728 Chalcidicum
1294 1672 1353 1725 et
1399 1664 1736 1744 Medicum,
1783 1665 1949 1739 quod
1992 1665 2068 1724 ab
2117 1666 2392 1740 imperito
2439 1664 2618 1736 vulyo
2667 1663 2873 1721 littera

580 1781 813 1835 mutata
861 1774 1146 1835 Melicum
1193 1775 1557 1849 appellatur.
1618 1771 1899 1831 Varronis
1947 1770 2277 1838 doctrinam
2324 1768 2570 1828 Verrius
2629 1776 2872 1829 secutus

580 1891 725 1963 erat,
763 1879 923 1941 Paul.
964 1898 1089 1940 exc.
1127 1879 1283 1940 Fest.
1324 1898 1379 1958 p.
1423 1875 1569 1961 124,
1611 1876 1997 1939 lO‘Melicae
2029 1880 2320 1953 qallinae,
2359 1879 2523 1951 quod
2559 1878 2620 1936 in
2662 1876 2873 1937 Media

581 1993 649 2051 id
704 2007 897 2066 ,aenas
963 1990 1161 2048 avium
1220 1989 1497 2063 corporis
1552 1988 1906 2062 amplissimi
1952 1989 2092 2061 fiat,
2141 1988 2165 2045 l
2217 1987 2423 2045 littera
2471 2001 2592 2060 pro
2643 1987 2688 2044 d
2739 1985 2871 2044 sub-

578 2101 807 2158 stituta.

768 2203 841 2262 Si
906 2201 1265 2264 ducentos
1333 2199 1523 2261 alere
1588 2199 1801 2278 uelis]
1861 2201 2174 2260 Ducentas
2220 2216 2290 2258 ex
2349 2197 2557 2258 Aldina
2614 2197 2876 2259 editione

582 2319 889 2389 receptum
939 2318 1082 2370 erat.

761 2416 948 2477 Duae
1006 2435 1269 2477 caueae
1323 2449 1397 2457 —
1450 2424 1802 2494 utraeque
1858 2416 1926 2474 in
1984 2412 2516 2493 longitudinem
2574 2414 2879 2474 circiter

586 2527 824 2587 decern
872 2525 1130 2606 pedum
1175 2523 1565 2585 latitudine
1624 2522 1919 2583 dimidio
1975 2524 2287 2582 minores
2336 2539 2538 2601 quam
2597 2523 2670 2581 in
2719 2521 2879 2582 alti·

589 2634 840 2694 tudine
889 2633 1098 2714 paulo
1145 2631 1573 2693 humiliores
1622 2641 1929 2711 utraque
1969 2631 2291 2691 fenestra
2338 2629 2478 2689 lata
2525 2627 2877 2709 tripedali

587 2750 655 2802 et
722 2760 797 2801 eo
866 2742 1042 2819 pede
1104 2740 1433 2818 altiores]
1493 2741 1848 2801 Latitudine
1899 2730 2154 2799 ⁴dimidio
2210 2741 2497 2811 minores,
2554 2741 2879 2799 altitudine

580 2852 769 2925 paulo
824 2850 1192 2910 humiliores.
1281 2851 1557 2923 utrisque
1607 2846 1920 2923 fenestrae
1975 2847 2296 2907 latitudine
2352 2847 2648 2921 tripedali
2701 2852 2761 2906 et
2815 2864 2879 2906 eo

585 2959 744 3033 pede
792 2959 1039 3018 altiores
1077 2955 1396 3017 Iucundus.
1471 2963 1735 3016 veterem
1772 2954 2088 3015 lectionem
2126 2951 2283 3013 haud
2323 2951 2500 3012 dubie
2539 2960 2881 3033 corruptam

589 3063 886 3124 Victorius
926 3063 1105 3124 dedit.
1178 3082 1358 3140 quam
1397 3067 1460 3125 in
1499 3066 1879 3124 altitudinem
1920 3060 2199 3141 Scaliger.
2273 3062 2595 3122 latitudine
2634 3063 2881 3122 dimidio

589 3175 870 3246 minoreS,
910 3175 972 3232 in
1021 3174 1342 3233 altitudine
1381 3175 1589 3248 paullo
1638 3173 2004 3232 humiliores,
2080 3171 2354 3243 utrisque
2392 3166 2712 3243 fenestrae
2750 3171 2880 3230 lati·

592 3281 804 3339 tudine
851 3280 1155 3353 tripedali,
1203 3296 1323 3338 uno
1363 3280 1523 3354 pede
1570 3281 1820 3339 altiores
1870 3276 2288 3362 SchneideruS.
2371 3277 2434 3335 in
2482 3274 2882 3355 descriptione

594 3386 843 3445 duarum
884 3402 1215 3465 cavearum,
1255 3403 1401 3463 quae
1450 3383 1680 3462 gallinis
1728 3382 2177 3445 constituendae
2227 3388 2383 3462 sunt,
2420 3383 2684 3462 primum
2726 3383 2884 3443 modi

593 3495 854 3572 ipsarum
904 3492 1204 3575 cellarum,
1247 3491 1459 3553 deinde
1488 3493 1908 3573 fenestrarum,
1949 3510 2097 3570 quae
2135 3492 2196 3551 in
2235 3492 2307 3551 iis
2347 3497 2503 3565 sunt,
2542 3490 2884 3551 indicantur

595 3603 655 3660 in
704 3600 863 3660 hunc
902 3600 1161 3681 modum,
1200 3607 1498 3675 utraeque
1537 3604 1599 3661 in
1638 3603 2071 3675 lonqitudinem
2110 3601 2364 3660 circiter
2403 3601 2610 3659 decem
2643 3602 2884 3676 pedum,

594 3711 918 3770 latitudine
964 3711 1211 3769 dimidio
1258 3711 1540 3782 minores,
1588 3710 1911 3768 altitudine
1949 3710 2138 3784 paulo
2183 3709 2565 3768 humiliores:
2613 3709 2677 3766 in
2716 3714 2883 3766 utra·

594 3835 710 3892 que
761 3814 1039 3891 fenestra
1093 3819 1220 3876 lata
1277 3817 1620 3891 tripedalis,
1681 3820 1740 3874 et
1782 3832 1903 3875 *eae
1950 3816 2110 3890 pede
2165 3817 2429 3874 altiores.
2520 3831 2659 3873 nam
2707 3832 2886 3889 quam

599 3927 659 3983 in
709 3925 1056 3996 altitudine,
1105 3921 1260 4000 quod
1312 3920 1422 3981 fuit
1468 3922 1529 3980 in
1576 3897 1912 4002 arch‘etypo,
1956 3918 2224 3998 intellegi
2273 3920 2480 3997 nequit
2529 3928 2588 3979 et
2645 3920 2719 3980 ab
2769 3920 2886 3980 edi·

594 4029 825 4091 toribus
872 4036 1210 4089 correctum
1267 4037 1375 4088 est.
1451 4028 1665 4088 deinde
1712 4028 1773 4087 in
1822 4034 2075 4106 utraque
2123 4045 2297 4088 cavea
2335 4035 2426 4087 est
2472 4027 2738 4089 fenestra
2776 4027 2886 4088 lata

596 4137 919 4219 tripedaliS,
958 4143 1018 4197 et
1056 4154 1157 4196 eae
1197 4135 1346 4196 duae
1396 4135 1690 4196 fenestrae
1738 4153 1856 4195 uno
1894 4134 2044 4214 pede
2084 4133 2324 4196 altiores
2363 4144 2519 4195 sunt.
2586 4142 2886 4211 utraeque

597 4254 797 4306 autem
840 4243 1059 4323 plurali
1112 4261 1361 4304 numero
1410 4242 1481 4303 de
1540 4241 1770 4303 duabus
1818 4244 2013 4302 caveis
2059 4243 2283 4303 dictum
2340 4249 2431 4302 est
2485 4250 2736 4321 propter
2791 4228 2884 4302 ad-

599 4352 755 4413 ditos
801 4352 1009 4413 eodem
1072 4369 1321 4412 numero
1378 4352 1807 4430 comparativos
1862 4354 2125 4411 minores
2180 4358 2239 4410 et
2292 4353 2665 4412 humiliores,
2757 4367 2884 4410 nam

599 4461 660 4519 in
709 4458 955 4537 reliquis
996 4458 1279 4537 exemplis
1326 4476 1657 4537 pronomen
1695 4465 1951 4533 uterque
1987 4457 2296 4537 pluraliter
2334 4456 2558 4517 dictum
2599 4457 2672 4517 ad
2713 4459 2884 4517 maio·

602 4583 729 4624 rem
780 4583 1093 4625 numerum
1143 4566 1428 4627 refertur:
1474 4565 1500 4624 I
1542 4561 1644 4646 16,
1674 4561 1730 4625 6.
1774 4562 1874 4647 17,
1905 4561 1962 4625 2.
2002 4562 2105 4646 32,
2134 4562 2192 4627 2.
2239 4564 2292 4624 ΙΙ
2330 4559 2388 4646 5,
2418 4560 2476 4624 9.
2516 4561 2575 4646 6,
2605 4561 2664 4626 2.
2713 4561 2883 4646 10,1.
