3178 5185
587 396 714 462 164
1266 404 1649 460 ΟΟΜΜΕΝΤ.
1686 404 1766 459 IN
1801 403 2175 459 VARRONIS

586 563 791 635 itaque
829 562 1247 637 porculatoris
1292 563 1557 621 maxime
1593 558 1863 636 officium
1911 566 2001 621 est
2044 566 2113 621 ut
2156 577 2340 620 unam
2387 576 2687 635 quamque
2732 577 2863 620 cum

582 685 698 728 sua
736 670 912 744 prole
958 669 1226 728 claudat.
1299 666 1371 727 ad
1418 667 1665 727 eandem
1712 668 2067 727 sententiam
2115 665 2517 727 Schneiderus
2564 673 2701 744 post
2740 684 2864 745 pra-

583 791 712 834 vam
753 772 1035 853 Scaligeri
1072 775 1475 834 coniecturam
1514 771 1795 834 Varronis
1832 781 2147 853 praecepta
2185 775 2498 834 revocavit.
2560 772 2665 832 sed
2704 789 2862 851 prae-

582 890 744 941 terea
812 881 1149 942 necessario
1211 880 1592 941 scribendum
1640 890 1767 941 erat
1814 884 1891 955 fit
1954 884 2239 942 deterior.
2332 899 2469 941 nam
2534 879 2756 960 scrofa,
2815 881 2865 938 si

583 986 804 1048 alienos
850 1006 1067 1066 porcos
1112 996 1351 1067 praeter
1397 1006 1538 1048 suos
1586 987 1706 1068 alit,
1754 988 2015 1049 deterior
2062 989 2153 1049 fit:
2200 987 2252 1047 11
2290 985 2351 1069 2,
2383 985 2467 1048 14
2513 1005 2712 1062 neque
2748 1004 2861 1046 non

582 1096 752 1171 ipsae
790 1097 953 1168 fiunt
997 1098 1357 1170 deteriores,
1407 1092 1465 1175 6,
1501 1091 1545 1155 4
1592 1097 1944 1156 remissione
1998 1098 2228 1157 laboris
2265 1098 2342 1170 flt
2386 1097 2683 1169 deterior,
2731 1091 2790 1174 8,
2825 1090 2863 1154 3

583 1219 742 1276 quae
805 1221 885 1263 ex
940 1220 1009 1264 eo
1067 1206 1499 1280 concipiuntur
1547 1205 1710 1276 fiunt
1765 1205 2093 1264 deteriora.
2184 1204 2384 1281 itaque
2442 1203 2657 1281 scripsi
2712 1203 2869 1275 quod
2906 1276 2913 1283 ,

584 1311 812 1370 alienos
857 1327 978 1371 non
1025 1317 1397 1387 aspernatur
1443 1316 1503 1372 et
1547 1313 1702 1391 ide0,
1747 1313 1804 1371 si
1846 1312 2201 1372 conturbati
2242 1317 2384 1371 sunt
2426 1312 2490 1370 in
2530 1307 2764 1385 fetura,
2797 1311 2867 1381 fit

586 1418 872 1478 deterior.
947 1435 1082 1477 nam
1126 1417 1415 1497 pluralem
1463 1436 1779 1479 numerum
1826 1425 2258 1496 aspernantur,
2297 1419 2400 1496 qui
2443 1418 2506 1477 in
2548 1415 2866 1495 archetypo

583 1531 737 1605 erat,
796 1532 933 1603 post
999 1525 1359 1604 singularem
1422 1523 1636 1601 scrofa
1702 1528 1832 1586 alat
1896 1532 2182 1603 sequente
2246 1525 2389 1584 item
2453 1522 2741 1602 singulari
2797 1525 2870 1596 fit

580 1633 851 1692 deterior
896 1650 928 1691 a
976 1631 1238 1693 Varrone
1295 1635 1584 1712 scriptum
1644 1650 1776 1693 esse
1832 1632 2195 1694 credendum
2251 1649 2372 1691 non
2428 1640 2545 1711 est,
2603 1631 2867 1709 quamvis

581 1736 761 1798 multa
811 1740 872 1798 in
918 1737 1031 1800 hoc
1077 1757 1296 1818 genere
1344 1739 1669 1820 admiserit,
1715 1739 1786 1800 de
1836 1758 1953 1818 quo
2001 1740 2226 1801 dictum
2272 1746 2365 1799 est
2408 1737 2433 1798 I
2471 1734 2576 1817 31,
2613 1733 2673 1799 4.

764 1842 850 1906 14
895 1845 1165 1907 Natura
1194 1846 1480 1908 diuisus
1511 1865 1755 1908 eorum
1787 1844 2038 1923 annus]
2081 1847 2322 1907 Natura
2353 1847 2580 1906 divisus
2618 1851 2709 1906 est
2743 1847 2871 1906 eius

582 1970 780 2014 annus
826 1951 1147 2015 IucunduS.
1222 1972 1436 2016 earum
1484 1973 1556 2015 ex
1605 1953 1849 2014 Victorii
1895 1953 2151 2014 editione
2198 1934 2506 2032 receptum
2553 1961 2662 2013 est.
2737 1970 2868 2013 nam

579 2059 652 2120 de
700 2061 909 2122 scrofis
956 2061 1100 2122 haec
1147 2061 1266 2122 dici
1311 2070 1574 2143 apparet,
1622 2080 1741 2123 non
1789 2061 1862 2121 de
1910 2063 2072 2121 omni
2118 2079 2336 2141 genere
2384 2079 2576 2121 suum.

758 2166 990 2247 Nequi
1050 2166 1447 2248 porcellus]
1496 2170 1698 2244 Nequi
1739 2167 1876 2229 libri
1922 2186 2101 2228 manu
2148 2168 2357 2246 scripti
2411 2174 2472 2227 et
2516 2166 2697 2227 editio
2742 2166 2865 2226 Vic-

581 2275 739 2356 torii,
786 2279 999 2351 nequis
1044 2277 1334 2355 impressa
1381 2284 1517 2337 ante
1554 2274 1885 2337 Victorium
1934 2273 2307 2356 exemplaria,
2350 2272 2506 2353 quod
2544 2271 2864 2334 Politianus

579 2399 698 2442 non
746 2385 1024 2444 correxit.

759 2488 991 2550 Altum
1038 2489 1544 2570 palmipedale]
1595 2491 1798 2552 Altum
1843 2490 2030 2552 deleri
2076 2488 2261 2551 voluit
2307 2486 2582 2569 UrsinuS,
2629 2488 2865 2549 inclusit

580 2597 898 2660 Gesnerus.
2220 2609 2226 2614 ’

761 2701 844 2767 15
908 2705 1211 2768 Totiens
1258 2706 1593 2768 harenam
1640 2708 1919 2769 inicere
1968 2713 2257 2787 oportet
2320 2711 2440 2765 aut
2486 2704 2654 2783 quid
2701 2705 2860 2764 item

581 2813 766 2892 quod
815 2822 1113 2892 exsugat
1167 2832 1481 2875 umorem
1537 2817 1609 2874 in
1656 2813 1983 2894 singulas
2039 2813 2250 2873 haras
2305 2813 2582 2872 inicere
2632 2809 2859 2889 dehet]

587 2919 780 2981 Toties
827 2923 890 2980 in
934 2923 1208 2996 sinqulas
1255 2939 1508 2983 arenam
1555 2924 1814 2984 iniicere
1860 2927 2095 2999 oportet
2131 2927 2241 2981 aut
2285 2922 2437 2995 quid
2479 2922 2670 2995 aliud,
2709 2921 2867 2996 quod

582 3033 815 3102 exuqat
877 3028 1186 3089 humorem
1260 3028 1592 3112 Iucundus,
1666 3028 1823 3109 quod
1893 3026 2296 3089 Schneiderus
2360 3030 2624 3109 recepit,
2699 3030 2865 3088 toties

583 3152 838 3197 arenam
893 3142 1000 3196 aut
1059 3137 1210 3211 quid
1273 3137 1437 3216 item,
1494 3138 1659 3211 quod
1710 3143 1942 3212 exuqat
1995 3139 2330 3210 humorem,
2388 3137 2645 3196 iniicere
2699 3136 2867 3195 debet

581 3241 862 3323 UrsinuS,
917 3245 1090 3304 toties
1156 3260 1411 3303 arenam
1475 3245 1733 3304 iniicere
1789 3250 2046 3323 oportet,
2104 3249 2213 3303 aut
2267 3244 2419 3317 quid
2480 3244 2654 3303 aliud
2711 3243 2869 3318 quod

583 3355 814 3425 exuqat
849 3351 1161 3410 humorem
1198 3352 1261 3409 in
1297 3352 1573 3424 sinqulas
1613 3352 1869 3410 iniicere
1906 3352 2080 3411 debet
2108 3348 2422 3427 Victorius,
2462 3348 2567 3410 ubi
2606 3356 2861 3409 extrema

582 3456 760 3517 verba
791 3459 854 3516 in
881 3458 1154 3530 sinqulas
1193 3458 1450 3516 iniicere
1480 3458 1657 3517 debet
1682 3454 2014 3516 Pontedera
2051 3475 2108 3535 p.
2136 3454 2267 3518 426
2307 3456 2539 3538 delevit,
2570 3456 2865 3517 Gesnerus

580 3564 839 3626 inclusit.
932 3566 1147 3624 totiens
1202 3566 1500 3625 harenam
1557 3570 1668 3624 aut
1711 3566 1863 3638 quid
1906 3566 2044 3624 item
2089 3567 2254 3639 quod
2297 3571 2561 3639 exsuqat
2602 3581 2865 3625 umorem

582 3675 644 3733 in
709 3673 983 3746 sinyulas
1047 3672 1238 3732 haras
1304 3674 1536 3733 inicere
1611 3673 1787 3733 debet
1857 3670 1995 3732 olim
2070 3672 2315 3732 conieci.
2405 3688 2612 3732 verum
2674 3679 2866 3732 tamen

581 3778 988 3858 neglegentior
1035 3776 1352 3838 verborum
1402 3780 1781 3860 compositio,
1828 3796 1978 3857 quae
2025 3779 2386 3857 interpretes
2433 3777 2706 3860 offendit,
2752 3795 2864 3838 non

581 3885 767 3946 aliena
815 3904 847 3945 a
895 3902 1170 3951 sermone
1218 3883 1498 3944 Varronis
1544 3885 1858 3946 iudicanda
1906 3891 2051 3946 erat.
2143 3883 2356 3945 deinde
2394 3887 2667 3961 peperit,
2715 3883 2864 3962 quod

579 3992 717 4053 libri
763 4010 942 4053 manu
990 3992 1199 4070 scripti
1244 3989 1489 4073 habent,
1534 3994 1598 4052 in
1645 3988 1964 4072 archetypo
2013 3994 2302 4072 scriptum
2349 3998 2501 4071 erat;
2558 3993 2870 4068 pepererit

579 4101 641 4159 in
688 4101 958 4179 principe
1007 4098 1266 4159 editione
1312 4097 1641 4159 Politianus
1690 4118 1808 4159 non
1855 4102 2131 4160 correxit.
2362 4095 2365 4100 ”

756 4205 833 4267 In
900 4205 1160 4285 quihus
1223 4205 1479 4266 hordei
1542 4208 1849 4266 circiter
1913 4205 2117 4266 binas
2181 4204 2405 4265 libras
2478 4223 2658 4284 aqua
2733 4224 2865 4267 ma-

580 4313 905 4374 defactas
951 4312 1121 4372 dare
1170 4310 1411 4372 solent
1458 4312 1790 4391 quodque
1841 4330 1991 4373 cum
2040 4310 2531 4390 depublicant]
2583 4314 2869 4389 Quodque

582 4417 1021 4498 conduplicant
1056 4418 1301 4501 Merula,
1349 4427 1408 4481 et
1451 4422 1566 4480 lzoc
1614 4437 1850 4495 quoque
1896 4421 2330 4495 conduplicant
2366 4417 2688 4481 Iucundus.
2760 4437 2864 4499 pro

579 4527 692 4587 hoc
739 4530 904 4602 quod
947 4530 1195 4601 quidam
1243 4529 1560 4603 duplicant
1605 4528 1834 4606 scripsi.
1910 4534 2217 4606 praeterea
2262 4523 2766 4606 praepositionem
2804 4530 2863 4587 in
