3178 5185
651 424 777 488 144
1320 431 1632 487 OOMMEN
1636 433 1699 488 T.
1738 433 1819 487 IN
1865 431 2242 487 VARRONIS

648 588 922 649 editionis
978 591 1109 648 sine
1164 590 1375 649 labore
1433 590 1708 648 correxit.
1784 591 1891 663 qui
1943 591 2068 649 sive
2115 607 2193 649 ex
2243 595 2414 649 aestu
2461 590 2584 648 sive
2639 606 2672 648 e
2716 588 2908 647 labore

641 694 875 770 febrem
921 698 1160 769 babent,
1208 698 1568 771 adapertum
1616 714 1682 756 os
1727 698 1972 756 humido
2018 699 2238 771 spiritu
2298 715 2369 767 ex
2417 694 2621 755 Aldina
2670 693 2907 753 editione

649 802 947 881 vulgatum
993 812 1134 862 erat.
1212 804 1459 862 remotis
1505 800 1758 862 Iucundi
1805 802 2361 881 interpolationibus
2406 805 2462 862 si
2507 800 2719 879 delevi,
2774 803 2907 860 ada-

641 918 882 986 pertum
929 927 994 970 os
1039 911 1257 990 recepi,
1308 916 1378 970 ut
1422 926 1630 970 eorum
1669 912 1779 983 qui
1821 928 1854 969 e
1891 911 2102 970 labore
2131 909 2367 985 febrem
2405 910 2630 969 babent
2666 910 2909 983 adaper-

648 1022 771 1076 tum
818 1034 883 1076 os
929 1018 1130 1076 umido
1176 1019 1414 1091 spiritu.

823 1119 910 1183 23
975 1121 1060 1183 Et
1115 1124 1282 1182 item
1340 1122 1499 1182 cibo
1565 1121 2010 1199 sustinetur]
2086 1124 2228 1183 Cibo
2285 1125 2623 1184 abstinetur
2677 1120 2912 1181 Ursinus

649 1232 902 1290 coniecit
940 1228 1165 1290 collatis
1203 1231 1276 1290 iis
1306 1249 1453 1309 quae
1496 1231 1650 1309 apud
1683 1229 2059 1291 Columellam
2092 1229 2164 1288 vl
2205 1229 2266 1310 7,
2294 1228 2335 1290 2
2369 1230 2440 1289 de
2472 1229 2676 1289 dolore
2709 1231 2912 1288 ventris

649 1339 868 1416 scripta
916 1345 1080 1417 sunt,
1140 1355 1299 1411 quae
1344 1355 1481 1397 cum
1527 1340 1836 1412 accident,
1886 1340 2306 1414 prohibendus
2362 1340 2481 1398 erit
2534 1339 2637 1398 bos
2686 1339 2915 1412 potione

641 1462 761 1520 per
804 1446 1050 1504 biduum
1091 1447 1410 1520 primoque
1447 1431 1547 1505 die
1583 1446 1720 1505 cibo
1758 1446 2170 1506 abstinendus.
2247 1445 2430 1522 magis
2468 1443 2586 1503 huc
2628 1445 2915 1522 pertinent

650 1568 800 1629 quae
864 1552 923 1609 in
971 1552 1314 1629 geoponicis
1351 1549 1480 1609 XVI
1519 1547 1579 1631 4,
1644 1552 2095 1631 praecipiuntur
2161 1551 2230 1611 de
2300 1552 2469 1630 equis
2536 1553 2637 1627 qui
2703 1549 2913 1609 febrem

646 1634 890 1737 hahent,
946 1654 1268 1737 χειμῶνος
1335 1650 1408 1718 δὲ
1467 1651 1837 1737 θαλπτέον,
1896 1647 1986 1730 ὥς
2040 1649 2128 1737 μὴ
2188 1651 2430 1739 ῥιγώῃ,
2496 1651 2606 1718 καὶ
2670 1647 2917 1735 τροφὴν

649 1754 990 1844 ὀλιγίστην
1040 1755 1303 1845 ὀρόβων
1350 1753 1390 1844 ἢ
1438 1761 1673 1846 πυρῶν
1722 1755 2014 1846 ἀλεύρου
2061 1760 2298 1845 δοτέον
2334 1758 2444 1825 καὶ
2489 1756 2701 1825 ποτὸν
2745 1755 2916 1839 ὕδωρ

645 1862 924 1952 χλιαρὸν
968 1868 1513 1952 προσκομιστέον,
1562 1874 1726 1955 οἴνῳ
1773 1892 1840 1933 τε
1890 1865 2026 1951 ἅμα
2073 1867 2269 1956 ἐλαίῳ
2316 1866 2706 1952 χλιανθέντι
2764 1859 2915 1931 ἀλει-

645 1973 846 2040 πτέον
892 1975 1025 2039 πᾶν
1071 1970 1145 2039 τὸ
1195 1984 1384 2060 σῶμα
1430 1972 1539 2040 καὶ
1588 1970 1702 2040 διὰ
1750 1977 2004 2051 κοιλίας
2052 1973 2459 2056 καθαρτέον,
2521 1966 2683 2058 αἷμά
2741 1996 2808 2037 τε
2853 1972 2915 2036 ἐκ
3012 2004 3019 2014 ·

652 2082 774 2145 τοῦ
821 2081 1151 2166 τραχήλου
1206 2075 1246 2164 ἢ
1295 2089 1430 2146 τῶν
1487 2079 1636 2167 περὶ
1684 2079 1998 2166 φάρυγγα
2046 2074 2085 2164 ἢ
2133 2077 2207 2147 τὸ
2268 2082 2519 2164 στῆθος
2572 2083 2839 2165 φλεβῶν
2881 2070 2916 2161 ἢ

650 2195 770 2252 τοῦ
827 2182 1039 2263 ποδὸς
1094 2180 1513 2273 ἀφαιρετέον.
1598 2200 1656 2254 et
1702 2211 1907 2270 pauco
1964 2195 2099 2254 eibo
2153 2196 2487 2253 sustinetur
2534 2191 2918 2253 Schneiderus

646 2300 916 2359 coniecit.

822 2404 1243 2467 Demittitur
1292 2409 1586 2485 sanguis
1643 2408 1940 2467 maxime
1988 2426 2020 2466 e
2083 2407 2353 2486 capite]
2414 2409 2690 2468 Demitur
2747 2403 2914 2465 codex

646 2510 954 2595 CaesenaS,
1001 2520 1061 2573 et
1107 2515 1189 2573 ita
1238 2513 1421 2573 edidit
1469 2512 1889 2574 Schneiderus.
1965 2534 1998 2575 e
2044 2506 2244 2590 eapite
2281 2514 2532 2594 plurima
2580 2512 2914 2592 apographa,

649 2638 767 2679 non
815 2638 853 2680 a
902 2622 1118 2696 capite,
1167 2620 1323 2699 quod
1373 2623 1432 2680 in
1483 2623 1752 2700 principe
1801 2623 2060 2682 editione
2111 2621 2433 2682 Politianus
2482 2641 2598 2681 non
2653 2622 2914 2681 correxit.

821 2723 911 2787 24
975 2726 1172 2797 Quod
1220 2726 1473 2808 epulae
1531 2730 1680 2788 sint
1736 2727 2194 2806 alienandae]
2261 2730 2417 2802 Quot
2471 2732 2767 2790 reiieulae
2810 2727 2914 2786 Me·

647 2833 802 2894 rula:
847 2832 900 2892 H
937 2829 1001 2915 5,
1035 2830 1112 2894 17
1161 2837 1436 2895 reiculae
1481 2838 1863 2910 reiciundae‚
1911 2835 2058 2895 Non.
2098 2854 2153 2914 p.
2197 2832 2341 2917 168,
2372 2831 2412 2894 2
2461 2836 2746 2896 Reiculas
2796 2850 2917 2895 oves

647 2947 756 3001 aut
800 2947 1002 3002 aetate
1057 2947 1165 3001 aut
1217 2943 1423 3002 morbo
1475 2960 1732 3017 praves,
1795 2942 1992 3002 Varro
2048 2943 2192 3002 Cato
2249 2945 2345 3002 vel
2396 2944 2471 3002 de
2526 2945 2727 3003 liberis
2787 2943 2913 3002 edu·

646 3050 862 3108 caudis
909 3041 1003 3108 ‘et
1048 3055 1115 3108 ut
1162 3051 1223 3108 in
1256 3065 1450 3122 qreqe
1496 3051 1679 3124 opilio
1718 3067 1855 3109 oves
1893 3052 2091 3109 minus
2137 3051 2386 3109 idoneas
2423 3066 2729 3109 removere
2760 3052 2915 3127 solet,

646 3172 798 3229 quas
846 3158 1114 3215 reiculas
1161 3158 1487 3230 appellant.
1559 3173 1742 3232 saepe
1798 3159 1955 3216 enim
2008 3174 2164 3216 unus
2213 3174 2375 3232 puer
2423 3159 2705 3231 petulans
2747 3163 2916 3229 atque

644 3264 900 3337 inpurus
965 3264 1244 3335 inquinat
1283 3279 1533 3336 qreqem
1600 3280 1937 3338 puerorum
1953 3257 1989 3323 '.
2076 3280 2318 3341 operam
2377 3261 2759 3341 perdiderunt
2824 3261 2912 3339 qui

645 3375 780 3445 post
811 3375 1032 3426 certam
1055 3365 1317 3426 Merulae
1347 3367 1818 3428 emendationem
1846 3369 1986 3429 alias
2017 3370 2366 3430 emendandi
2398 3370 2656 3428 rationes
2683 3374 2911 3445 tempta-

646 3481 885 3535 verunt:
926 3476 1151 3549 petitae
1198 3475 1457 3534 coniecit
1506 3473 1786 3554 Scaliger.

823 3577 909 3642 25
973 3579 1067 3640 Ne
1116 3587 1182 3641 te
1230 3580 1473 3659 fallat]
1523 3584 1613 3643 Ne
1664 3590 1720 3644 te
1764 3600 2050 3644 numerus
2091 3582 2275 3658 fallat
2319 3581 2638 3645 IucunduS.

824 3684 928 3749 26.
973 3685 1059 3746 Et
1124 3686 1191 3746 id
1248 3689 1626 3765 pertinere
1683 3697 1938 3768 putant
1995 3707 2129 3766 quo
2189 3688 2476 3749 facilius
2531 3690 2612 3749 ad
2671 3703 2911 3767 greges

645 3804 975 3874 pastores
1023 3796 1389 3854 retineant
1436 3803 1505 3855 et
1551 3797 1945 3874 puerperio
1994 3795 2342 3856 familiam
2392 3796 2669 3856 faciunt
2714 3796 2909 3862 maio,-

643 3901 822 3979 rem]
870 3904 1137 3962 Faciant
1182 3900 1337 3960 edita
1384 3901 1519 3962 inde
1559 3920 1591 3962 a
1630 3904 1898 3982 principe
1939 3902 2197 3964 editione
2238 3902 2612 3982 exemplaria.
2687 3898 2906 3962 restitui

643 4009 949 4089 archetypi
995 4007 1310 4068 lectionem
1351 4007 1614 4083 faciunt.

824 4115 896 4174 Si
951 4116 1236 4193 inquam
1295 4132 1636 4174 numerus
1694 4132 1828 4174 non
1887 4124 1996 4175 est
2055 4125 2127 4176 ut
2184 4117 2277 4175 sit
2333 4115 2411 4175 ad
2469 4118 2905 4177 amussim—-

645 4241 864 4302 quare
912 4222 1110 4282 deme
1158 4222 1218 4281 si
1265 4222 1373 4281 uis
1413 4220 1587 4281 duas
1635 4221 1787 4300 res]
1852 4224 2066 4283 Demes
2112 4221 2354 4284 Merula.
2428 4225 2485 4282 si
2530 4225 2773 4298 inquam
2814 4236 2904 4280 nu·

643 4347 845 4390 merus
891 4347 1011 4389 non
1058 4335 1147 4389 est
1192 4329 1278 4387 ad
1321 4330 1621 4403 amussim,
1670 4361 1743 4378 -—
1789 4332 1960 4391 deme
2013 4332 2069 4389 si
2111 4332 2199 4389 vis
2256 4332 2410 4390 duas
2464 4348 2567 4390 res
2612 4326 2907 4390 iucundus

638 4441 728 4497 sie
776 4438 1023 4509 inquam
1069 4452 1358 4495 numerus
1404 4433 1713 4495 etdeinde
1762 4455 1959 4511 quare
2006 4438 2210 4496 demas
2256 4438 2313 4495 si
2355 4439 2443 4495 vis
2492 4434 2758 4496 Ursinus,
2824 4433 2904 4492 sic

644 4562 714 4602 ex
754 4543 1093 4601 coniectura
1134 4539 1332 4600 Ursini
1373 4542 1569 4618 recepi
1610 4549 1670 4601 et
1706 4560 1917 4617 quare,
1957 4541 2115 4621 quod
2156 4541 2228 4602 ab
2268 4540 2599 4602 editoribus
2644 4543 2906 4604 omissum
