3178 5185
585 365 712 430 192
1565 368 1943 423 VARRONIS

579 532 925 593 demittatur
971 551 1079 612 per
1128 535 1314 593 serias
1362 534 1433 593 ad
1482 553 1617 594 vasa
1666 536 1880 595 olearia
1930 555 1997 596 ac
2035 544 2315 614 trapetaS,
2364 556 2514 616 quae
2553 556 2654 596 res
2696 536 2912 597 molae

528 640 837 701 6oleariae
885 660 956 701 ex
1004 640 1154 700 duro
1202 652 1261 701 et
1307 660 1516 720 aspero
1565 641 1774 721 lapide.
1868 642 1993 703 olea
2041 643 2190 704 lecta
2239 645 2290 703 si
2335 646 2582 705 nimium
2624 645 2738 705 diu
2785 645 2912 704 fuit

577 750 638 807 in
706 750 959 827 acerviS,
1025 747 1260 808 caldore
1324 748 1602 809 fracescit
1667 757 1726 809 et
1792 749 1988 810 oleum
2045 751 2331 812 foetidum
2385 752 2466 812 fit.
2568 755 2786 831 itaque
2851 754 2913 811 si

577 873 837 933 nequeas
884 862 1114 915 mature
1162 855 1475 935 conficere,
1524 856 1614 933 [in
1662 856 1914 934 acervis]
1971 857 2240 917 iactando
2296 858 2578 918 ventilare
2625 866 2907 937 oportet.

528 969 562 1024 7
588 981 657 1022 ex
706 961 832 1022 olea
881 963 1112 1022 fructus
1160 961 1403 1042 duplex,
1451 962 1664 1044 oleum,
1713 964 1870 1044 quod
1920 963 2196 1024 omnibus
2243 972 2466 1046 notum,
2514 975 2573 1027 et
2619 985 2905 1041 amurca,
2936 979 2963 1017 5

433 1693 555 1753 LVI

377 2245 525 2306 LVII

577 1071 748 1129 cuius
806 1068 1119 1130 utilitatem
1179 1070 1335 1148 quod
1392 1072 1669 1158 ignorant
1723 1071 2021 1151 plerique,
2079 1071 2219 1131 licet
2279 1071 2478 1131 videre
2539 1091 2571 1133 e
2627 1073 2903 1133 torculis

576 1175 811 1247 oleariis
877 1175 1063 1237 fluere
1129 1178 1191 1236 in
1258 1195 1430 1254 agros
1495 1196 1562 1237 ac
1628 1196 1747 1237 non
1814 1177 2004 1238 solum
2072 1178 2382 1256 denigrare
2437 1188 2696 1261 terram,
2784 1180 2900 1240 sed

575 1283 956 1344 multitudine
1004 1283 1197 1368 facere
1248 1284 1538 1365 sterilem3
1587 1304 1722 1345 cum
1762 1286 1814 1345 is
1854 1302 2025 1344 umor
2065 1285 2333 1345 modicus
2372 1304 2508 1345 cum
2546 1286 2619 1346 ad
2660 1286 2899 1346 multas

576 1409 674 1450 res
741 1398 865 1450 tum
931 1391 1002 1450 ad
1069 1392 1195 1468 agri
1255 1389 1549 1450 culturam
1606 1394 1901 1471 pertineat
1958 1391 2363 1473 vehementer,
2431 1392 2587 1471 quod
2646 1394 2896 1453 circum

577 1496 856 1556 arborum
913 1497 1144 1557 radices
1192 1497 1426 1557 infundi
1475 1498 1653 1580 solet,
1712 1499 1961 1558 maxime
2008 1498 2079 1558 ad
2129 1497 2342 1579 oleam,
2401 1506 2459 1559 et
2506 1499 2888 1579 ubicumque
2923 1516 2975 1554 10

574 1606 635 1663 in
684 1621 823 1681 agro
870 1603 1056 1664 herba
1103 1612 1294 1664 nocet.

753 1710 990 1789 AgriuS,
1038 1709 1405 1792 Iamdudum,
1454 1713 1665 1791 inquit,
1711 1713 1771 1771 in
1822 1711 1952 1771 villa
1997 1712 2211 1772 sedens
2259 1721 2507 1791 expecto
2550 1733 2688 1774 cum
2729 1713 2890 1775 clavi

570 1825 649 1896 te,
698 1815 888 1899 Stolo,
945 1818 1086 1878 dum
1143 1794 1377 1878 fructus
1431 1821 1491 1878 in
1541 1818 2024 1879 villam‘referaS.
2110 1818 2238 1899 Ille,
2296 1818 2402 1879 Em
2455 1822 2595 1899 quin
2645 1820 2887 1902 adsum,

570 1925 769 2003 venio,
835 1925 1056 2004 inquit,
1122 1925 1192 1984 ad
1251 1925 1458 2004 limen,
1517 1926 1675 1986 fores
1740 1928 1922 2004 aperi.
2024 1928 2280 2005 primum
2340 1928 2677 1987 faenisiciae
2736 1947 2885 1988 con-

573 2030 795 2089 duntur
842 2029 1055 2091 melius
1103 2030 1214 2092 sub
1264 2040 1420 2092 tecto
1471 2051 1645 2110 quam
1694 2034 1754 2092 in
1804 2034 2057 2112 acerviS,
2106 2033 2262 2112 quod
2310 2035 2389 2094 ita
2438 2035 2503 2092 fit
2547 2034 2881 2094 iucundius
2916 2052 2966 2090 15

573 2135 873 2215 pabulum.
967 2156 1037 2197 ex
1087 2157 1156 2198 eo
1204 2137 1589 2219 intellegitur,
1640 2140 1793 2217 quod
1836 2157 2021 2216 pecus
2059 2147 2315 2218 utroque
2354 2141 2548 2217 posito
2588 2138 2881 2201 libentius

573 2251 678 2304 est.
775 2243 888 2321 [et]
938 2246 1204 2305 triticum
1253 2245 1427 2305 condi
1475 2253 1711 2324 oportet
1758 2248 1820 2305 in
1867 2248 2134 2324 granaria
2185 2246 2484 2326 sublimia,
2538 2265 2690 2325 quae
2739 2266 2877 2326 per-

570 2350 790 2411 ssentur
840 2358 1011 2411 vento
1060 2350 1132 2411 ab
1181 2359 1392 2412 exortu
1440 2370 1507 2412 ac
1555 2354 2051 2431 septemtrionum
2100 2356 2358 2434 regione,
2407 2353 2476 2413 ad
2517 2372 2669 2432 quae
2711 2354 2876 2414 nulla

716 2672 780 2720 17
818 2665 1068 2720 triticum
1107 2667 1274 2720 condi
1311 2668 1462 2723 Plin.
1501 2673 1596 2735 18,
1635 2671 1742 2722 301
1778 2685 1888 2737 sqq.
1926 2685 2149 2738 yeopon.
2187 2668 2269 2722 II
2304 2672 2375 2723 17

680 2976 706 3023 1
758 2968 1088 3025 demittatur
1125 2971 1241 3024 PB
1271 2969 1594 3024 dimittatur
1639 2986 1774 3025 corr.
1820 2970 2149 3025 demittatur
2178 2971 2233 3024 A
2263 2970 2566 3026 dimittitur
2591 2988 2624 3026 v
2741 2974 2868 3027 ‘Per

571 3059 771 3126 serias,
829 3076 896 3112 ac
951 3075 1090 3113 uasa
1135 3058 1396 3113 olearia:
1442 3060 1557 3114 Hic
1603 3060 1751 3114 locus
1795 3061 1860 3113 in
1902 3077 2074 3114 manu
2116 3061 2338 3128 scriptis
2382 3061 2661 3115 codicibus
2705 3062 2868 3116 ualde

568 3149 924 3216 perturbatus
960 3154 1063 3201 est:
1108 3147 1385 3215 Optimum
1422 3137 1698 3216 exmplar
1726 3149 1807 3202 ita
1844 3148 2017 3216 habet,
2056 3149 2163 3202 Per
2200 3165 2335 3203 sena
2371 3149 2442 3202 ad
2480 3166 2621 3203 uasa
2659 3150 2868 3204 olearia

570 3253 637 3290 ac
682 3238 936 3306 trapetas
985 3253 1128 3304 quae
1176 3253 1266 3291 res
1314 3237 1499 3304 molae
1538 3238 1645 3292 etc.
1682 3239 1746 3292 i‘n
1781 3238 2087 3291 semiuetere
2124 3239 2262 3303 alio,
2307 3239 2405 3306 qui
2441 3238 2596 3292 Galli
2632 3239 2866 3293 hominis

567 3342 739 3380 manu
784 3331 1046 3380 exaratus
1095 3331 1198 3393 est,
1248 3325 1433 3380 Seria.-
1478 3327 1693 3395 reliqua
1728 3327 1913 3380 omnia
1950 3331 2014 3379 ut
2049 3327 2112 3379 in
2148 3326 2534 3380 uetustissimo’
2589 3327 2865 3382 Victorius

675 3429 776 3482 per
803 3412 976 3466 serias
1004 3431 1036 3468 v
1063 3431 1165 3482 per
1192 3415 1340 3469 seria
1367 3431 1419 3467 m
1456 3431 1557 3483 per
1596 3431 1731 3468 sena
1761 3414 1945 3468 PAB
2054 3421 2084 3467 2
2124 3431 2192 3468 ex
2229 3413 2368 3470 duro
2402 3415 2518 3469 PB
2557 3418 2616 3470 et
2642 3418 2782 3472 duro
2809 3418 2862 3470 A

569 3503 707 3557 duro
735 3519 767 3556 v
876 3503 1028 3556 lacta
1064 3519 1201 3558 corr.
1240 3503 1390 3557 lecta
1416 3504 1473 3557 A
1578 3509 1611 3556 3
1651 3519 1883 3557 aceruus
1911 3519 2047 3557 corr.
2080 3504 2294 3557 aceruis
2314 3505 2368 3557 A
2480 3504 2704 3560 caldore
2755 3507 2863 3560 VB

568 3591 839 3659 calidiore,
886 3593 978 3646 sed
1012 3591 1033 3645 i
1069 3592 1300 3646 deletum
1335 3591 1392 3646 A
1533 3591 1810 3646 foetidum
1859 3591 1912 3645 V
1949 3590 2190 3645 fetidum
2227 3594 2284 3646 A
2319 3593 2591 3647 faetidum
2628 3595 2684 3648 Β
2828 3601 2861 3648 4

568 3697 799 3735 aceruus
835 3697 974 3736 corr.
1014 3681 1229 3735 aceruis
1256 3681 1313 3735 A
1421 3686 1452 3735 5
1492 3683 1550 3735 et
1587 3681 1713 3735 olea
1749 3698 1886 3736 corr.
1926 3697 1992 3734 ex
2031 3680 2157 3735 olea
2182 3680 2239 3735 A
2349 3689 2380 3737 6
2418 3683 2568 3751 quod
2598 3683 2757 3752 (quid
2784 3685 2858 3752 A)

566 3770 832 3840 ignorant
876 3770 1130 3839 plerique
1168 3771 1289 3826 AB
1336 3771 1485 3840 quod
1532 3769 1801 3839 ignorant
1846 3788 1881 3825 a
1926 3769 2182 3839 plerique
2220 3771 2277 3824 P
2312 3771 2461 3840 quod
2499 3771 2793 3841 ignoratur
2826 3791 2861 3828 a

567 3858 848 3928 plerisque
882 3877 914 3913 v
1062 3865 1093 3912 8
1133 3877 1258 3914 cum
1296 3859 1344 3913 is
1381 3862 1582 3914 humor
1620 3860 1735 3914 VB
1773 3877 1901 3913 cum
1937 3857 2025 3913 his
2059 3875 2218 3912 umor
2245 3860 2302 3912 A
2446 3867 2477 3914 9
2516 3863 2639 3915 tum
2676 3878 2775 3916 om.
2805 3863 2858 3915 A

681 3954 744 4001 12
774 3948 1005 4020 Agrius]
1029 3949 1110 4003 De
1130 3948 1433 4004 condendis
1453 3949 1725 4003 fructibus
1744 3951 1808 4003 in
1825 3949 2072 4018 maryine
2089 3949 2316 4003 rubrica
2334 3948 2390 4003 A
2497 3949 2684 4018 inquit
2700 3952 2757 4005 Β
2775 3951 2859 4005 in-

568 4037 706 4107 quid
743 4038 815 4106 A,
853 4055 954 4093 om.
1005 4038 1058 4092 V
1170 4041 1401 4108 expecto
1440 4039 1605 4093 ABv
1645 4040 1907 4108 exspecto
1949 4040 2005 4091 P
2122 4045 2186 4093 13
2224 4039 2322 4094 ille
2360 4056 2449 4094 em
2488 4030 2645 4108 (corr.
2687 4057 2759 4094 en
2783 4041 2859 4109 A)

567 4127 703 4196 quin
741 4128 936 4182 adsum
973 4127 1030 4182 A
1073 4127 1349 4182 Victorius
1393 4127 1491 4181 ille
1539 4145 1607 4182 en
1658 4127 1792 4196 quin
1832 4128 2029 4182 adsum
2068 4129 2123 4182 B
2160 4127 2258 4182 ille
2297 4127 2445 4183 enim
2482 4127 2726 4197 quuin
2765 4128 2859 4183 ad-

568 4234 692 4270 sum
723 4217 779 4269 P
803 4216 901 4271 ille
939 4217 1089 4270 enim
1119 4215 1320 4284 ecquid
1359 4215 1559 4270 adsum
1597 4234 1630 4271 v
1660 4258 1672 4271 .
1708 4216 2029 4284 ‘Emhquin
2066 4217 2265 4271 absum
2294 4258 2307 4271 .
2339 4218 2419 4271 In
2446 4219 2661 4271 excusis
2697 4223 2860 4272 antea

566 4305 683 4373 En,
704 4306 925 4374 antiqui
942 4305 1108 4359 Libri
1124 4304 1252 4357 Em’
1281 4304 1556 4360 Victorius
1653 4311 1719 4359 14
1738 4305 1926 4375 inquit
1953 4306 2063 4360 VB
2083 4304 2355 4375 inquidA
2454 4305 2780 4361 foenisieiae
2814 4306 2863 4359 V

670 4400 735 4448 16
763 4391 1113 4464 intellegitur
1143 4395 1199 4447 P
1224 4392 1564 4463 intelligitur
1579 4394 1743 4448 ABv
1848 4403 1912 4450 17
1944 4396 2016 4449 Et
2042 4394 2294 4450 triticum
2318 4395 2502 4449 PBm
2532 4393 2781 4449 triticum
2802 4395 2856 4448 A

566 4486 627 4538 at
654 4483 904 4538 triticum
941 4500 974 4536 v
1122 4487 1187 4535 18
1225 4483 1398 4538 uenta
1435 4500 1573 4538 corr.
1611 4486 1785 4538 uento
1822 4484 1879 4538 A
