3178 5185
759 427 1018 482 RERVM
1056 427 1532 484 RVSTICARVM
1568 428 1702 484 LIB.
1740 429 1766 483 Ι
1807 423 2047 483 64-69
2438 430 2564 495 199

447 594 674 656 Nucem
737 595 1071 674 iuglandem
1137 604 1197 657 et
1260 596 1574 676 palmulam
1640 605 1701 658 et
1764 599 1943 659 licum
2000 596 2274 658 Sabinam
2336 605 2557 676 quanto
2595 595 2799 658 LXVII

276 701 451 762 citius
499 720 751 785 promaS,
796 705 1147 766 iucundiore
1195 712 1382 787 utare,
1435 705 1595 785 quod
1642 711 1933 766 vetustate
1980 705 2128 765 ficus
2175 705 2242 764 fit
2278 705 2567 788 pallidior,

275 808 529 886 palmula
573 812 886 893 cariosior,
933 830 1054 873 nux
1102 812 1343 874 aridior.
1443 849 1452 857 ·

449 918 733 999 Pensilia,
780 927 848 980 ut
893 937 1058 1001 uvae,
1105 919 1256 980 mala
1302 927 1362 981 et
1409 919 1602 1002 sorba,
1648 923 1775 1000 ipsa
1822 919 2163 1001 ostendunt,
2211 919 2444 998 quando
2493 920 2562 980 ad
2602 916 2835 980 LXVIII

228 1045 251 1085 5
277 1042 451 1084 usum
500 1032 769 1104 oporteat
814 1029 1025 1108 promi,
1065 1027 1223 1106 quod
1270 1028 1468 1088 colore
1516 1035 1743 1089 mutato
1791 1034 1851 1088 et
1896 1034 2206 1088 contractu
2246 1028 2568 1108 acinorum,

276 1134 325 1190 si
378 1150 501 1192 non
555 1133 884 1212 dempseris
940 1134 1013 1194 ad
1067 1135 1391 1216 edendum,
1455 1135 1527 1195 ad
1584 1135 1962 1196 abiciendum
2019 1135 2447 1195 descensurum
2504 1153 2568 1194 se

276 1241 640 1301 minitantur.
716 1240 959 1303 sorhum
996 1250 1293 1303 maturum
1333 1245 1475 1304 mite
1515 1244 1820 1304 conditum
1859 1244 2036 1304 citius
2073 1243 2268 1321 promi
2304 1248 2567 1320 oportet:

278 1347 554 1408 acerbum
609 1350 768 1409 enim
824 1367 1182 1428 suspensum
1237 1349 1457 1410 lentius
1511 1358 1629 1431 est,
1686 1351 1843 1429 quod
1898 1352 2066 1429 prius
2123 1349 2283 1409 domi
2327 1350 2568 1409 maturi-

278 1461 461 1515 tatem
505 1455 750 1534 adsequi
795 1455 945 1538 vult,
995 1475 1170 1536 quam
1217 1459 1427 1536 nequit
1473 1459 1531 1517 in
1581 1456 1822 1538 arbore,
1870 1476 2044 1536 quam
2094 1459 2385 1518 mitescat.

209 1580 256 1620 ιο
460 1563 714 1624 Messum
780 1564 869 1624 far
934 1565 1326 1643 promendum
1389 1566 1583 1626 hieme
1649 1568 1710 1626 in
1766 1565 2019 1645 pistrino
2075 1564 2145 1624 ad
2203 1563 2571 1645 torrendum,
2607 1559 2792 1621 LXIX

283 1669 441 1748 quod
494 1670 564 1730 ad
619 1670 882 1731 cibatum
939 1673 1279 1750 expeditum
1336 1691 1468 1734 esse
1514 1674 1689 1754 velis3
1748 1672 1905 1751 quod
1953 1672 2022 1732 ad
2074 1673 2386 1752 sationem,
2441 1678 2569 1731 tum

281 1778 693 1859 promendum,
761 1797 897 1839 cum
958 1788 1189 1858 segetes
1246 1788 1511 1841 maturae
1571 1787 1711 1841 sunt
1768 1779 1840 1839 ad
1896 1779 2324 1858 accipiendum.
2425 1763 2568 1839 item

285 1903 432 1963 quae
468 1887 765 1964 pertinent
804 1885 876 1945 ad
915 1889 1220 1969 sationem,
1258 1907 1365 1949 suo
1405 1905 1642 1967 quoque
1681 1894 1948 1965 tempore
1986 1885 2327 1966 promenda.
2420 1904 2569 1965 quae
2656 1954 2669 1966 ,

284 1991 579 2052 vendenda
632 1992 980 2075 videndum,
1037 2013 1188 2074 quae
1246 2013 1482 2074 quoque
1539 2003 1808 2074 tempore
1865 2001 2134 2072 oporteat
2184 1996 2404 2075 promi3
2460 1993 2570 2053 alia

215 2116 261 2157 15
289 2102 463 2180 enim,
527 2118 677 2179 quae
744 2117 982 2161 manere
1037 2120 1158 2162 non
1222 2109 1501 2183 possunt,
1567 2110 1879 2180 antequam
1946 2118 2009 2160 se
2065 2107 2439 2181 conmutent,
2504 2108 2572 2161 ut

288 2207 552 2268 celeriter
605 2225 844 2286 promas
901 2226 968 2268 ac
1022 2209 1268 2290 vendas3
1324 2208 1461 2290 alia,
1518 2227 1669 2288 quae
1727 2210 1952 2269 servari
1996 2216 2274 2289 possunt,
2331 2215 2397 2267 ut
2442 2215 2571 2267 tum

289 2313 520 2395 vendaS,
575 2333 715 2375 cum
772 2317 987 2375 caritas
1044 2324 1150 2377 est.
1244 2335 1419 2395 saepe
1476 2318 1635 2376 enim
1683 2316 1907 2376 diutius
1954 2322 2184 2375 servata
2229 2332 2348 2374 non
2394 2313 2569 2374 modo

292 2437 520 2480 usuram
567 2420 850 2503 adiciunt,
897 2422 1002 2483 sed
1041 2425 1215 2488 etiam
1255 2425 1515 2485 fructum
1555 2423 1874 2503 duplicant,
1922 2425 1975 2482 si
2010 2430 2278 2501 tempore
2316 2439 2570 2500 promaS.

456 2527 600 2589 Cum
657 2528 804 2589 haec
860 2530 1110 2608 diceret,
1166 2534 1327 2594 venit
1382 2530 1634 2592 libertus
1690 2530 1974 2592 aeditumi
2029 2530 2100 2590 ad
2152 2548 2261 2590 nos
2307 2528 2457 2589 flens
2504 2528 2622 2590 et2

222 2645 445 2714 norogat
505 2645 572 2698 ut
636 2639 1043 2722 ignoscamuS,
1110 2640 1267 2720 quod
1333 2642 1520 2701 simus
1584 2642 1830 2720 retenti,
1897 2646 1957 2699 et
2021 2647 2088 2699 ut
2151 2640 2208 2697 ei
2272 2639 2333 2697 in
2390 2637 2572 2699 funus

285 2882 583 2950 posuimus,
637 2883 739 2938 hoc
788 2888 1001 2938 tantum
1046 2889 1317 2940 mutatum
1362 2884 1589 2940 inuenio
1597 2925 1617 2952 ,
1661 2886 1807 2954 quod
1843 2883 2136 2952 Conderis,
2183 2884 2247 2938 in
2282 2883 2424 2950 illis,
2462 2898 2571 2951 pro

294 2969 623 3040 CondideriS,
662 2973 861 3042 leyitwr
889 2994 903 3026 τ
932 2974 1097 3028 uerbo
1133 2975 1464 3044 myliyentia
1504 2975 1728 3029 librarii
1764 2973 2066 3028 imminuta
2105 2974 2250 3042 quod
2285 2974 2336 3027 si
2362 2977 2570 3041 postre—

292 3075 423 3113 mam
466 3061 683 3115 literam
730 3062 984 3116 adue‘rbii
1032 3062 1151 3132 Sic,
1197 3065 1511 3131 sustuleris,
1557 3080 1624 3118 ae
1671 3063 1756 3132 Si,
1801 3064 2018 3131 feceri-3,
2050 3067 2188 3131 puto
2225 3063 2400 3116 locum
2435 3063 2574 3116 satis

290 3155 574 3219 purgatum
629 3149 760 3204 esse’
832 3150 1110 3207 Victorius
1297 3171 1434 3222 quas
1490 3152 1807 3208 condideris
1857 3169 1890 3207 v
1947 3169 2086 3221 quas
2142 3151 2398 3206 conderis
2455 3151 2574 3205 PB

292 3254 419 3305 quas
456 3239 753 3294 conderius
780 3256 918 3297 corr.
957 3257 1098 3309 quas
1134 3242 1330 3297 cond'e
1367 3241 1453 3296 uis
1480 3241 1537 3296 A
1574 3259 1715 3311 quas
1754 3242 1992 3298 condere
2030 3240 2117 3296 uis
2154 3258 2208 3295 m
2316 3240 2395 3294 sic
2428 3241 2572 3294 cele-

290 3326 415 3382 riter
457 3328 639 3383 VAB

420 3423 452 3472 2
490 3416 819 3473 iocundiore
855 3419 911 3473 Β
1053 3419 1298 3491 palidior
1332 3418 1389 3474 A

420 3548 454 3596 4
506 3509 732 3612 pensllt}
775 3544 833 3598 Β
1011 3545 1075 3599 ut
1122 3562 1267 3600 uuae
1320 3561 1416 3599 mv
1471 3546 1571 3609 aut
1625 3561 1768 3600 uuae
1823 3544 1880 3600 A
1932 3546 2030 3599 aut
2085 3562 2228 3601 uuae
2279 3545 2396 3599 PB

292 3632 444 3686 sorba.
469 3650 501 3687 v
537 3649 705 3688 sorua
735 3632 919 3687 PAB
1064 3640 1096 3688 ὅ
1135 3634 1320 3689 colore
1356 3651 1450 3689 mv
1489 3635 1672 3690 colere
1711 3650 1848 3689 corr.
1887 3635 2070 3690 colore
2098 3635 2155 3690 A
2188 3635 2429 3691 colerem
2456 3634 2572 3689 PB

388 3727 418 3774 6
456 3721 847 3776 descensurum
885 3724 1068 3778 PAB
1105 3724 1440 3779 descensura
1475 3741 1507 3778 v
1619 3730 1650 3778 7
1688 3724 1973 3778 minantur
1998 3725 2117 3778 Am
2225 3726 2451 3779 sorbum
2486 3742 2572 3780 mv

292 3825 444 3864 sorno
485 3810 671 3866 PAB
718 3827 857 3866 corr.
896 3829 1123 3867 soruum
1158 3813 1242 3867 A²
1353 3819 1417 3890 ν8
1465 3812 1728 3868 acerbum
1772 3813 1973 3868 VA²m
2011 3830 2273 3869 aceruum
2308 3815 2430 3869 AB

292 3904 321 3952 9
378 3916 542 3967 quam
598 3900 797 3970 nequit
849 3901 909 3955 in
964 3902 1186 3971 arbore,
1251 3904 1314 3957 ut
1367 3903 1498 3958 inde
1550 3905 1837 3972 promatur
1890 3903 1964 3955 ad
2020 3918 2207 3959 escam
2262 3904 2570 3959 Iucwmzus.

294 3987 479 4044 ‘Vetus
525 3990 681 4044 lectio
691 4031 711 4057 ,
762 3989 942 4055 Quam
986 3992 1183 4061 nequit
1230 3992 1286 4047 in
1336 3993 1536 4048 arbore
1581 4009 1752 4061 quam
1798 3992 2082 4046 mitescat'
2152 3984 2431 4047 Victorius

292 4094 448 4145 quam
483 4078 684 4148 nequit
719 4079 780 4133 in
816 4080 1013 4136 arbore
1055 4080 1112 4134 P
1145 4098 1315 4149 quam
1350 4082 1559 4150 nequid
1597 4081 1657 4136 in
1693 4080 1891 4135 arbore
1929 4083 2053 4138 AB
2090 4082 2240 4150 quod
2279 4082 2338 4136 in
2375 4083 2572 4137 arbore

292 4166 477 4236 nequit
520 4185 553 4223 v

423 4262 489 4313 10
530 4257 829 4313 torendum
867 4258 921 4312 A
967 4275 1105 4316 corr.
1141 4261 1465 4315 torrendum
1501 4260 1586 4315 Α,2
1697 4267 1758 4315 11
1801 4260 2084 4316 aoibatum
2121 4261 2177 4315 A
2213 4278 2351 4317 corr.
2388 4261 2461 4316 ad
2497 4261 2574 4316 ci-

290 4380 472 4436 batum
510 4381 597 4438 A²
783 4349 1093 4440 &sationem
1131 4384 1322 4454 priore
1368 4386 1480 4440 loco
1517 4385 1573 4439 A
1756 4389 1821 4439 15
1869 4403 2011 4455 quae
2057 4403 2283 4441 manere
2319 4403 2413 4441 mv
2460 4404 2572 4455 quo

292 4488 502 4529 manere
541 4471 729 4527 PAB
873 4476 1161 4528 obmutent
1186 4473 1308 4529 AB
1345 4477 1694 4531 commutent
1728 4476 1780 4530 V
1922 4481 1989 4529 16
2027 4474 2240 4530 seruari
2273 4475 2494 4546 possint
2518 4475 2576 4531 A

423 4566 488 4617 17
527 4578 659 4617 cum
696 4566 827 4618 ante
861 4562 1064 4618 caritas
1100 4579 1201 4618 om.
1238 4562 1319 4632 A,
1357 4564 1484 4620 add.
1523 4563 1608 4618 A²
1751 4562 1968 4619 diucius
2005 4565 2060 4619 A
