3178 5185
833 428 1094 483 RERVM
1130 427 1612 483 RVSTICARVM
1648 428 1783 482 LIB.
1822 429 1902 482 III
1942 426 2115 483 3—5.
2492 419 2620 484 237

322 590 461 659 post
499 586 819 659 principia
865 601 1075 662 parum
1123 589 1255 662 apte
1310 585 1737 660 interpretatus
1785 592 1875 643 est
1924 582 2139 661 Popma
2189 578 2357 665 ‘ego‚
2413 585 2623 665 inquit,

328 688 457 749 volo
508 699 567 750 te
619 708 750 750 esse
796 698 933 769 post
978 691 1264 768 principia
1312 692 1373 750 in
1422 692 1660 769 castriS,
1717 689 1777 750 id
1826 697 1917 749 est
1969 688 2041 749 ab
2089 689 2181 749 his
2228 691 2428 768 potius
2477 701 2622 750 tem-

326 796 576 875 poribus
641 815 816 875 quam
872 795 1174 876 prioribus
1229 790 1530 874 incipere’
1588 795 1718 858 coll.
1766 795 2008 856 Terent.
2058 795 2327 858 Eunuch.
2370 794 2493 859 781
2556 804 2620 857 tu

332 906 517 964 hosce
564 906 814 980 instrue,
863 921 974 978 eqo
1021 920 1126 963 ero
1166 909 1304 978 post
1347 905 1682 979 principia.
1757 902 2012 963 debebat
2056 905 2255 982 potius
2304 905 2407 983 sic,
2456 899 2619 963 ‘volo

331 1019 385 1070 te
436 1013 703 1089 incipere
741 1018 877 1089 post
913 1003 1253 1089 principia',
1302 1028 1658 1089 quamquam
1699 1028 1773 1070 ne
1821 1009 1933 1069 hoc
1974 1009 2213 1088 quidem
2260 1010 2330 1070 ad
2371 1010 2617 1069 sormam

329 1119 625 1176 sermonis
683 1125 885 1194 aptum
944 1134 1074 1176 esse
1132 1125 1393 1194 apparet.
1469 1116 1572 1176 sed
1631 1135 1835 1176 verum
1895 1134 2025 1177 esse
2084 1135 2122 1177 a
2162 1120 2622 1194 postprincipiis

330 1227 564 1285 monuit
611 1223 1031 1285 Schneiderus.
1108 1241 1242 1283 narn
1288 1225 1716 1302 postprincipia
1765 1226 1891 1302 ipse
1931 1223 2112 1284 Varro
2161 1223 2306 1283 dixit
2353 1241 2420 1282 ea
2468 1241 2618 1301 quae

333 1339 471 1410 post
518 1332 807 1410 principia
866 1332 952 1390 rei
1009 1333 1160 1389 liunt
1214 1329 1307 1388 vel
1355 1338 1495 1390 sunt
1554 1329 1711 1408 apud
1759 1330 2009 1391 Gellium
2047 1329 2175 1389 XVI
2212 1327 2271 1412 9,
2309 1325 2352 1390 5
2406 1333 2625 1405 quodsi

327 1454 447 1496 non
495 1438 714 1497 horum
761 1440 1022 1497 omnium
1068 1439 1289 1497 similia
1350 1443 1552 1497 essent
1588 1440 1904 1514 principia
1951 1455 2029 1498 ac
2068 1440 2514 1514 postprincipia
2560 1444 2622 1496 et

327 1541 404 1602 ib.
452 1539 550 1622 18,
580 1539 620 1602 6
668 1546 943 1619 voluptas
979 1550 1197 1617 autem,
1245 1546 1458 1617 inquit,
1505 1547 1602 1603 vel
1634 1522 1868 1604 utilitas
1908 1547 2120 1604 talium
2159 1546 2621 1620 disciplinarum

328 1652 390 1709 in
443 1652 905 1726 postprincipiis
965 1652 1198 1723 existit,
1264 1666 1403 1710 cum
1458 1647 1779 1724 perfectae
1835 1649 2267 1724 absolutaeque
2325 1656 2494 1723 sunt,
2559 1652 2621 1709 in

321 1759 655 1832 principiis
718 1774 862 1816 vero
928 1759 1073 1831 ipsis
1142 1759 1384 1832 ineptae
1455 1763 1514 1816 et
1580 1758 1861 1816 insuaves
1925 1758 2208 1816 videntur
2217 1777 2242 1826 ;
2315 1763 2620 1834 praeterea

329 1861 578 1922 Plautus
617 1861 779 1924 Pers.
808 1860 940 1923 452
979 1866 1070 1923 sic
1108 1866 1168 1923 ei
1195 1865 1537 1940 procedunt
1572 1865 2024 1939 postprincipia
2062 1871 2121 1923 et
2157 1863 2436 1923 Afranius
2467 1863 2621 1941 apud

335 1967 681 2029 Ciceronem
711 1988 768 2048 p.
795 1968 947 2030 Sest.
966 1965 1072 2049 55,
1098 1965 1223 2030 118
1248 1971 1693 2046 postprincipia
1723 1976 1905 2044 atque
1933 1972 2134 2030 exitus
2166 1972 2418 2030 vitiosae
2446 1973 2622 2030 vitae.

334 2077 657 2136 castrensis
712 2063 938 2136 autem'
968 2074 1237 2136 vocabuli
1294 2076 1460 2154 origo
1517 2076 1814 2135 indicatur
1869 2077 1942 2135 iis
1999 2093 2149 2154 quae
2209 2075 2406 2135 addita
2464 2083 2622 2156 sunt,

335 2189 404 2242 ut
451 2185 626 2242 aiunt
674 2185 735 2243 in
783 2185 1033 2243 castris:
1081 2200 1214 2241 nam
1262 2183 1341 2242 ita
1389 2181 1534 2241 haec
1581 2180 1893 2241 scribenda
1941 2190 2107 2261 sunt,
2155 2199 2266 2257 eqo
2312 2198 2476 2264 vera,
2532 2185 2622 2242 in-

331 2291 477 2364 quit,
525 2307 565 2349 a
605 2291 1081 2366 postprincipiis,
1118 2294 1189 2348 ut
1223 2291 1400 2349 aiunt
1445 2291 1506 2348 in
1554 2291 1794 2362 castris,
1843 2290 1912 2348 id
1954 2294 2044 2349 est
2088 2291 2164 2349 ab
2209 2291 2305 2350 his
2343 2292 2620 2366 tempori-

332 2395 443 2454 bus
491 2413 672 2470 quam
716 2397 1154 2471 superioribus,

512 2501 895 2580 Sexaginta
943 2504 1127 2561 enim
1166 2501 1360 2562 milia
1400 2501 1722 2563 sircilina
1763 2501 2076 2562 excande
2114 2520 2217 2562 me
2256 2500 2620 2580 fecerunt]

335 2611 670 2671 Fircellina
718 2608 874 2669 edita
912 2609 1049 2670 inde
1098 2609 1170 2670 ab
1209 2610 1417 2670 Aldina
1456 2610 1715 2671 editione
1758 2610 2136 2691 exemplaria,
2183 2629 2289 2689 pro
2327 2629 2446 2690 quo
2484 2613 2622 2671 Fir·

331 2718 533 2776 celina
589 2717 820 2795 scripsi.
914 2718 1215 2795 sexaginta
1261 2696 1441 2778 'milia
1499 2720 1842 2778 sestertium
1901 2736 1971 2777 ex
2033 2717 2349 2779 ornithone
2408 2726 2623 2777 mater-

332 2832 494 2883 terae
540 2821 822 2882 Varronis
878 2824 1129 2883 rediisse
1186 2824 1409 2884 dictum
1469 2833 1598 2884 erat
1643 2822 1830 2904 1112,
1875 2820 1974 2885 15.
2060 2824 2209 2885 hanc
2266 2827 2448 2902 igitur
2498 2824 2624 2884 Fir·

338 2928 568 2989 celliam
616 2929 799 2989 fuisse
848 2928 1148 2990 Gesnerus
1196 2930 1510 2991 adnotavit.

508 3034 551 3096 2
619 3037 864 3096 Merula
930 3040 1050 3098 duo
1100 3056 1336 3113 genera
1390 3045 1531 3098 sunt
1588 3041 1786 3114 inquit
1839 3040 2190 3098 ornithones
2250 3037 2386 3098 libri
2443 3056 2620 3099 manu

334 3144 561 3223 scripti,
593 3143 839 3204 Merula
870 3146 1080 3218 inquit,
1131 3146 1250 3205 auo
1296 3151 1439 3206 sunt
1464 3141 1804 3209 ornithonis
1828 3163 2063 3219 qenera
2105 3145 2284 3205 editio
2325 3147 2624 3225 princeps,

337 3248 438 3309 ubi
493 3248 821 3310 Politianus
876 3251 1145 3311 ordinem
1202 3249 1520 3311 verborum
1584 3254 1872 3331 correxit,
1930 3250 2032 3311 sed
2099 3253 2439 3311 ornithonis
2504 3269 2623 3310 non

303 3403 306 3404 ν
338 3358 601 3416 mutavit.
2226 3439 2233 3445 ⁸

508 3468 559 3523 V
603 3461 637 3525 1
707 3463 943 3524 Dicam
1011 3465 1093 3525 de
1157 3466 1291 3526 hoc
1352 3466 1740 3527 ornithone
1804 3465 1987 3545 quod
2057 3467 2342 3526 fructus
2407 3483 2623 3525 causa

335 3551 649 3646 faciunt]
700 3572 919 3631 Dicam
957 3575 1158 3648 primo
1216 3575 1291 3633 de
1336 3575 1658 3634 ornithone
1714 3572 1894 3632 editio
1941 3573 2246 3653 princeps,
2306 3571 2412 3632 ubi
2468 3571 2621 3631 Poli-

335 3677 532 3736 tianus
573 3694 641 3736 ex
693 3676 1013 3756 archetypo
1053 3682 1254 3755 primo
1301 3678 1516 3739 delevit
1564 3688 1624 3739 et
1669 3682 1784 3740 hoc
1828 3686 1965 3757 post
2012 3682 2087 3739 a⁷e
2133 3677 2374 3758 addidit,
2422 3681 2624 3739 dicam

335 3784 410 3842 de
455 3786 573 3843 hoc
620 3786 946 3844 arinthone
994 3803 1075 3858 m,
1136 3788 1337 3847 dicam
1376 3789 1576 3862 primo
1625 3788 1701 3846 de
1755 3788 1870 3847 hoc
1915 3788 2235 3846 ornithone
2290 3782 2623 3863 apographa

334 3886 636 3949 Italorum.
710 3890 1014 3970 archetypi
1064 3891 1377 3953 lectionem
1427 3896 1631 3953 dicam
1678 3895 1753 3953 de
1799 3895 1915 3953 hoc
1961 3894 2281 3953 ornithone
2319 3890 2622 3951 Iucundus

335 3992 517 4054 dedit.
610 3994 822 4055 deinde
878 3999 1043 4071 quod
1094 4016 1202 4076 pro
1261 4016 1433 4073 quem
1488 4000 1779 4079 positum,
1835 4000 2005 4078 quasi
2061 3998 2341 4057 aviarium
2399 3996 2622 4056 dictum

336 4110 516 4183 esset,
562 4119 682 4161 non
731 4102 1037 4182 ornithon,
1094 4103 1394 4164 Gesnerus
1451 4113 1510 4165 et
1558 4104 1961 4165 Schneiderus
2008 4102 2350 4164 defendunt.
2443 4103 2622 4162 immo

342 4216 556 4268 neutro
604 4226 823 4287 genere
872 4208 1093 4283 dictum
1144 4218 1234 4269 est
1281 4213 1357 4271 de
1392 4214 1524 4291 hoc,
1572 4211 1626 4270 h.
1667 4229 1716 4270 e.
1756 4189 1828 4269 &a
1868 4210 1980 4269 hoc
2019 4228 2236 4288 genere
2275 4208 2627 4282 ornithoni8‚

338 4316 540 4375 dicam
588 4317 665 4375 de
709 4317 851 4391 hoc,
898 4319 1063 4391 quoa’
1099 4314 1347 4390 fructus
1393 4335 1584 4377 causa
1636 4315 1899 4392 faciunt.
1983 4332 2116 4374 nam
2174 4317 2250 4375 de
2305 4318 2626 4376 ornithone

340 4421 411 4481 ad
461 4431 877 4500 argumentum
918 4421 1295 4483 indicandum
1344 4424 1404 4482 in
1447 4425 1708 4502 margine
1746 4421 1981 4482 videtur
2019 4422 2383 4499 adscriptum
2425 4421 2624 4484 fuisse.

517 4527 712 4588 Unde
761 4546 894 4588 non
936 4528 1054 4588 ubi
1096 4537 1479 4590 sumuntur
1518 4532 1821 4608 pingues
1862 4527 2091 4606 turdi]
2146 4530 2315 4590 Unde
2351 4533 2628 4590 nonnulli
