3178 5185
806 417 1068 472 RERVM
1103 415 1583 472 RVSTICARVM
1621 416 1754 473 LIB.
1793 417 1819 469 I
1860 419 2005 474 17--
2029 418 2108 472 18
2447 415 2575 479 155

291 587 403 662 agri
468 592 529 644 et
596 602 792 662 genus
858 586 1129 663 sationiS,
1194 583 1464 644 scribens
1529 584 1604 644 de
1670 584 1902 645 olivetis
1950 592 2010 644 et
2064 584 2254 644 vineis
2308 593 2376 644 ut
2429 583 2576 643 duas

283 690 583 752 formulas:
631 710 832 772 unam,
878 694 941 752 in
990 710 1105 770 qua
1156 693 1462 770 praecipit,
1511 710 1628 770 quo
1667 691 1842 751 modo
1880 690 2160 751 olivetum
2202 692 2328 768 agri
2365 692 2572 770 iugera

287 811 451 859 CCXL
509 800 817 859 instruere
867 804 1152 876 oporteat.
1245 797 1390 857 dicit
1437 798 1597 856 enim
1643 799 1706 856 in
1756 815 1825 857 eo
1875 797 2046 857 modo
2093 795 2238 857 haec
2285 799 2576 876 mancipia

281 919 403 965 xm
431 903 727 985 habenda,
757 904 1014 985 vilicum,
1043 903 1294 983 vilicam‚
1323 906 1629 982 operarios
1657 919 1721 984 v,
1751 903 2042 964 bubulcos
2063 918 2164 984 111,
2192 906 2515 964 asinarium
2534 918 2574 984 1,

232 1029 257 1067 5
284 1010 592 1072 subulcum
649 1026 690 1090 Ι,
738 1011 1062 1090 opilionem
1111 1026 1154 1070 1.
1246 1010 1488 1070 alteram
1537 1009 1852 1070 formulam
1900 1010 2109 1071 scribit
2155 1012 2227 1072 de
2273 1013 2580 1071 vinearum

282 1118 583 1197 iugeribus
632 1132 691 1199 c,
740 1126 808 1178 ut
854 1118 1012 1178 dicat
1056 1115 1267 1177 haberi
1312 1123 1592 1194 oportere
1639 1115 1785 1176 haec
1831 1106 1927 1178 XV
1963 1119 2273 1199 mancipia,
2321 1118 2576 1198 vilicum,

283 1225 532 1306 vilicam,
590 1226 900 1303 operarios
947 1239 1019 1302 x,
1077 1223 1428 1305 bubulcum,
1484 1211 1833 1304 asinarium,
1890 1222 2221 1285 subulcum.
2314 1224 2565 1285 Saserna
2590 1229 2626 1285 2

283 1331 480 1393 scribit
530 1333 678 1391 satis
728 1349 860 1391 esse
907 1330 978 1390 ad
1024 1332 1231 1408 iugera
1278 1343 1410 1390 vm
1455 1329 1757 1389 hominem
1806 1347 2017 1390 unum:
2065 1348 2132 1389 ea
2179 1329 2399 1390 debere
2438 1349 2575 1392 eum

282 1439 597 1500 confodere
666 1436 879 1498 diebus
933 1450 1106 1517 XLV,
1170 1439 1408 1497 tametsi
1464 1439 1771 1516 quaternis
1828 1440 2027 1516 operis
2085 1437 2315 1515 singula
2373 1439 2577 1514 iugera

208 1549 490 1627 10,possit;
567 1545 675 1605 sed
752 1543 1092 1622 relinquere
1168 1562 1231 1604 se
1308 1562 1521 1622 operas
1595 1558 1724 1604 xm
1798 1543 2148 1624 valetudini,
2222 1545 2580 1623 tempestati,

283 1655 555 1734 inertiae,
614 1651 1018 1729 indiligentiae
1071 1649 1189 1727 [LJ.
1282 1651 1494 1710 horum
1544 1657 1759 1710 neuter
1807 1652 1950 1710 satis
1997 1648 2256 1710 dilucide
2304 1650 2577 1711 modulos

282 1760 562 1839 relinquit
602 1757 794 1838 nobiS‚
835 1757 994 1837 quod
1033 1756 1193 1838 Cato,
1234 1759 1286 1817 si
1322 1756 1508 1817 voluit
1544 1765 1612 1818 ut
1651 1753 1884 1836 [debuit
1922 1755 2026 1834 sit]
2057 1775 2167 1835 pro
2196 1760 2468 1836 portione
2499 1757 2570 1817 ad
2592 1764 2630 1820 3

285 1869 565 1927 maiorem
614 1866 867 1926 fundum
914 1872 975 1924 et
1009 1866 1302 1924 minorem
1340 1864 1696 1925 adderemus
1734 1872 1792 1925 et
1829 1864 2223 1946 demeremuS,
2271 1872 2577 1943 praeterea

284 1981 443 2033 extra
502 1971 784 2033 familiam
838 1969 1046 2032 debuit
1091 1970 1292 2031 dicere
1340 1971 1580 2031 vilicum
1629 1978 1690 2030 et
1735 1970 1983 2031 vilicam.
2075 1990 2272 2050 neque
2321 1974 2479 2031 enim
2527 1973 2578 2031 si

211 2089 259 2133 ¹⁵
282 2083 475 2140 minus
543 2092 725 2140 CCXL
781 2080 990 2156 iugera
1046 2076 1246 2138 oliveti
1301 2078 1486 2158 colas,
1549 2096 1669 2137 non
1727 2080 1922 2156 possis
1977 2079 2174 2138 minus
2234 2096 2350 2137 uno
2405 2076 2578 2137 vilico

282 2185 525 2266 habere,
582 2204 695 2247 nec
754 2188 805 2246 si
862 2185 954 2245 bis
1011 2194 1174 2245 tanto
1233 2185 1577 2264 ampliorem
1637 2185 1884 2245 fundum
1943 2191 2044 2245 aut
2100 2203 2169 2244 eo
2220 2184 2355 2263 plus
2402 2184 2578 2265 colaS,

282 2294 412 2353 ideo
468 2293 585 2354 duo
634 2292 795 2353 vilici
841 2300 946 2353 aut
991 2299 1115 2352 tres
1159 2290 1416 2352 habendi
1461 2292 1604 2351 fere.
1696 2293 1951 2369 operarii
1998 2291 2172 2351 modo
2219 2301 2280 2352 et
2325 2290 2630 2352 bubulci4

285 2418 389 2477 pro
447 2401 722 2478 portione
780 2399 1035 2460 addendi
1094 2398 1194 2476 [ad
1249 2398 1526 2475 minoris]
1576 2398 1650 2458 ad
1697 2400 1938 2458 maioris
1985 2399 2192 2458 modos
2239 2399 2577 2459 fundorum.

284 2509 323 2566 ii
378 2525 644 2586 quoque,
702 2509 753 2566 si
812 2506 1021 2567 similis
1083 2515 1174 2566 est
1230 2525 1384 2585 ager.
1481 2507 1574 2565 sin
1632 2515 1725 2565 est
1781 2507 1859 2566 ita
1922 2505 2257 2586 dissimiliS‚
2310 2513 2378 2566 ut
2423 2508 2579 2567 arari

218 2626 264 2666 20
287 2632 402 2674 non
447 2616 633 2694 posit,
682 2613 841 2692 quod
889 2616 967 2674 sit
1013 2614 1399 2691 confragosus
1444 2619 1623 2691 atque
1671 2612 1872 2673 arduis
1920 2612 2115 2692 cliviS,
2165 2614 2360 2672 minus
2408 2613 2580 2674 multi

427 2799 459 2847 6
494 2795 785 2864 iugeribus
825 2792 1042 2849 Charis.
1072 2810 1132 2866 p.
1172 2797 1299 2861 134,
1337 2796 1409 2848 10

425 2972 458 3018 2
516 2965 727 3035 iugera
778 2962 965 3019 CCXL
1016 2962 1200 3019 PAB
1255 2962 1510 3031 iugerum
1557 2962 1922 3016 ducentorum
1968 2961 2343 3032 quadraginta
2369 2979 2402 3017 v
2546 2971 2578 3018 3

290 3054 344 3108 in
388 3071 454 3109 eo
502 3054 936 3124 superscriptum
982 3055 1047 3107 in
1088 3052 1147 3106 Β
1290 3057 1321 3106 5
1368 3051 1638 3106 formulas
1686 3068 1824 3106 corr.
1865 3082 1931 3090 —-
1972 3068 2062 3104 am
2099 3050 2156 3105 A
2298 3059 2330 3106 6
2377 3052 2581 3122 iugeri·

290 3144 389 3197 bus
418 3187 432 3199 .
462 3143 523 3200 C.
562 3141 686 3198 AB
731 3142 1010 3197 Victorius
1060 3140 1348 3211 iugeribus
1407 3143 1631 3195 centum
1685 3139 1740 3193 V
1872 3140 2151 3209 mancipie
2196 3139 2251 3194 A
2315 3157 2454 3198 corr.
2512 3174 2577 3181 —

292 3231 345 3284 ia.
388 3231 470 3287 A*
617 3238 649 3285 7
706 3231 991 3300 operarios
1038 3230 1087 3283 X
1133 3230 1250 3283 ΡΒ
1307 3230 1589 3299 operarios
1646 3229 1838 3283 decem
1885 3228 1983 3283 Av
2109 3229 2413 3284 bubulcum
2470 3231 2580 3285 asi-

297 3321 507 3375 narium
555 3320 850 3375 subulcum
902 3319 1083 3373 PAB
1139 3319 1441 3373 bubulcum
1496 3337 1670 3372 unum
1717 3318 2018 3374 asinarium
2070 3336 2242 3372 unum
2289 3320 2580 3375 subulcum

292 3426 454 3463 unum
491 3427 524 3466 v
566 3408 875 3463 bubulcum
916 3408 942 3460 I
987 3407 1291 3464 asinarium
1327 3408 1353 3460 Ι
1400 3407 1746 3463 salictarium
1782 3406 1808 3458 I
1856 3407 2149 3463 subulcum
2185 3409 2210 3463 1
2250 3409 2387 3464 Cato
2424 3427 2469 3464 e.
2510 3415 2581 3463 11

311 3548 318 3553 .
429 3505 497 3553 10
534 3496 852 3553 ualetudini
881 3498 996 3551 PB
1022 3495 1325 3552 ualitudini
1353 3497 1449 3551 Av
1562 3502 1626 3550 11
1663 3495 2051 3565 indiligentiae
2080 3540 2093 3553 .
2125 3498 2168 3551 L
2201 3540 2213 3551 .
2243 3498 2442 3553 horum
2470 3497 2583 3551 VB

296 3586 645 3657 indiligentie
678 3629 689 3641 .
718 3588 741 3640 1
772 3628 783 3639 .
812 3587 1110 3655 honorum,
1157 3586 1251 3641 sed
1295 3586 1480 3640 deletis
1516 3604 1588 3641 no
1628 3587 1824 3641 litteris
1860 3587 1916 3640 A
2059 3588 2255 3641 neuter
2291 3587 2426 3641 satis
2471 3586 2584 3639 VB

300 3677 427 3730 satis
464 3678 663 3731 neuter
701 3676 820 3731 Am
967 3681 1031 3728 12
1069 3675 1338 3743 relinquit
1374 3675 1490 3729 PB
1526 3674 1804 3745 relinquid
1831 3675 1904 3744 A,
1941 3676 2034 3730 sed
2069 3694 2106 3729 n
2143 3680 2473 3744 expunctum
2501 3675 2584 3728 A²

300 3765 517 3833 reliquit
562 3782 659 3820 mv
806 3763 881 3817 sit
925 3763 1283 3833 proportione
1343 3762 1527 3816 PAB
1582 3763 1662 3818 sic
1717 3763 2083 3833 proporcione
2128 3782 2181 3818 m
2236 3767 2301 3819 ut
2353 3781 2583 3834 propor-

300 3852 498 3908 tionem
525 3872 559 3908 υ
712 3860 774 3907 13
811 3855 1104 3922 praeterea
1131 3854 1323 3907 delevit
1351 3853 1647 3907 Iucundus
1794 3858 1857 3907 15
1895 3870 2005 3907 non
2034 3854 2227 3908 delevit
2257 3853 2585 3923 Madviyius

305 3943 495 3997 advers.
543 3960 594 3997 v.
642 3942 724 3995 ΙΙ
751 3959 813 4013 p.
856 3946 965 3996 180
1104 3939 1259 4011 posis
1305 3941 1360 3996 A
1504 3942 1685 3995 minus
1731 3943 2156 4011 superscriptum
2204 3942 2269 3995 in
2313 3941 2368 3994 B
2517 3946 2582 3993 18

304 4048 396 4098 pro
430 4032 688 4102 portione
718 4029 973 4085 'addendi
1011 4030 1083 4088 ad
1120 4030 1352 4085 minoris
1389 4031 1461 4084 ad.
1499 4030 1728 4086 maioris
1766 4034 1962 4086 modos
1989 4031 2169 4085 PAB
2195 4047 2296 4099 pro
2326 4028 2584 4099 portione

307 4119 534 4175 addendi
591 4121 663 4174 ad
712 4118 955 4174 minores
1007 4119 1321 4174 maioresue
1375 4121 1570 4176 modos
1621 4139 1654 4174 v
1708 4139 1811 4190 pro
1864 4121 2123 4189 portione
2179 4118 2437 4173 demendi
2491 4119 2585 4173 uel

307 4203 535 4263 addendi
571 4210 643 4263 ad
683 4207 928 4263 minores
957 4209 1265 4264 maioresue
1293 4207 1489 4263 modos
1517 4209 1809 4264 Iracundus
1920 4216 1984 4263 19
2024 4253 2036 4263 .
2059 4209 2132 4262 ii.
2163 4224 2385 4276 quoque
2406 4207 2584 4263 PAB

307 4294 361 4347 hi
405 4315 622 4366 quoque
658 4315 692 4353 v
841 4296 926 4352 sin
974 4299 1060 4352 est
1096 4298 1210 4352 ΡΒ
1258 4293 1345 4352 sifi
1390 4300 1478 4353 est
1520 4299 1574 4352 A
1615 4298 1663 4352 si
1697 4315 1811 4354 non
1849 4301 1936 4353 est
1970 4316 2023 4352 m
2061 4298 2146 4351 sin
2184 4298 2373 4351 autem
2410 4315 2442 4351 v

307 4386 365 4438 ut
408 4388 452 4440 si
497 4387 574 4441 sit
617 4385 986 4457 confragosus
1032 4388 1202 4454 atque
1249 4387 1455 4441 arduus
1505 4387 1666 4442 cliuis
1715 4388 2022 4442 Iucwndus.
2110 4385 2388 4456 ‘Antiqua
2432 4389 2586 4443 lectio

310 4473 534 4542 diuersa,
571 4475 730 4541 Quod
771 4476 818 4529 si
852 4476 1230 4546 confragosus,
1269 4479 1438 4545 atque
1467 4476 1656 4531 arduis
1685 4476 1867 4530 cliuis’
1944 4475 2218 4531 Victorius
2326 4482 2397 4532 20
2435 4478 2585 4545 quod

314 4561 381 4616 sit
413 4565 768 4634 confragosus
796 4565 1044 4634 Scaliyer
1071 4565 1219 4633 quod
1247 4565 1322 4634 sit
1350 4567 1710 4635 confragosus
1731 4566 1786 4619 B
1816 4565 1965 4633 quod
1995 4564 2043 4619 si
2073 4566 2433 4634 confragosus
2473 4566 2588 4620 VA
