3178 5185
756 430 1014 483 RERVM
1055 422 1527 484 RVSTICARVM
1564 428 1699 483 LIB.
1740 428 1815 481 III
1860 422 1936 478 16
2386 425 2518 488 315

272 600 483 678 eximaS,
537 599 656 658 fore
712 606 780 658 ut
835 597 1159 657 discedant.
1253 596 1351 656 alii
1405 596 1516 658 hoc
1574 595 1708 674 plus
1765 595 2088 675 relincunt,
2144 611 2320 672 quam
2378 593 2517 652 dixi.

271 712 325 765 ut
371 707 424 764 in
478 707 646 765 aratis
704 707 808 784 qui
856 705 1080 764 faciunt
1126 702 1427 763 restibiles
1474 710 1734 783 segeteS,
1789 703 1923 779 plus
1972 700 2186 761 tollunt
2234 701 2517 760 frumenti

271 831 327 870 ex
360 812 678 894 intervalliS,
718 814 803 872 sic
842 814 904 871 in
943 811 1103 889 alvis,
1143 813 1194 871 si
1233 829 1350 870 non
1391 812 1709 889 quotannis
1748 811 1968 868 eximas
2014 818 2117 868 aut
2163 826 2281 868 non
2328 824 2515 884 aeque

271 918 512 998 multum,
563 928 620 979 et
675 921 863 997 magis
911 918 1006 978 his
1051 918 1329 978 adsiduas
1376 917 1593 977 habeas
1640 935 1779 996 apes
1827 925 1887 977 et
1932 917 2118 993 magis
2165 916 2518 974 fructuosas

229 1025 670 1085 5eximendorum
739 1027 1004 1085 favorum
1070 1027 1331 1104 primum
1386 1033 1598 1103 putant
1652 1042 1783 1084 esse
1839 1034 2075 1100 tempus
2133 1021 2508 1101 vergiliarum
2533 1023 2614 1080 34

270 1141 466 1210 exortu,
509 1132 832 1194 secundum
874 1134 1097 1193 aestate
1135 1140 1281 1210 acta,
1329 1140 1645 1209 antequam
1684 1138 1845 1190 totus
1884 1131 2185 1190 exoriatur
2224 1137 2517 1208 arcturuS,

270 1238 479 1298 tertium
528 1249 661 1317 post
719 1239 1099 1318 vergiliarum
1156 1256 1458 1318 occasum,
1516 1246 1576 1298 et
1632 1240 1742 1318 ita,
1799 1240 1848 1296 si
1907 1237 2154 1298 fecunda
2214 1238 2291 1297 sit
2336 1236 2519 1316 alvuS,

270 1353 322 1404 ut
369 1364 436 1404 ue
486 1346 612 1423 plus
672 1349 846 1407 tertia
895 1365 1032 1425 pars
1080 1348 1372 1406 eximatur
1420 1345 1639 1426 mellis,
1695 1345 1993 1423 reliquum
2042 1363 2111 1404 ex
2159 1344 2518 1404 hiematione

268 1450 611 1530 relinquatur.
735 1455 826 1513 sin
909 1452 1074 1513 alvus
1149 1471 1266 1512 non
1343 1454 1420 1512 sit
1490 1451 1730 1533 fertiliS,
1816 1450 2131 1531 [niJsiquid
2210 1453 2520 1530 eximatur,

210 1574 247 1613 ιο
269 1561 523 1637 exemptio
578 1579 714 1621 cum
773 1567 867 1620 est
926 1563 1138 1640 maior,
1196 1578 1391 1637 neque
1450 1561 1787 1619 universam
1845 1578 2039 1639 neque
2087 1558 2276 1637 palam
2327 1559 2519 1617 facere

270 1676 494 1746 oportet,
548 1686 620 1727 ne
677 1667 955 1728 deficiant
1010 1669 1288 1727 animum.
1392 1667 1507 1726 favi
1564 1669 1667 1745 qui
1724 1669 2091 1747 eximuntur,
2158 1668 2325 1746 siqua
2384 1683 2521 1745 pars

270 1771 392 1831 nibil
434 1773 600 1834 habet
647 1783 751 1837 aut
797 1774 976 1834 habet
1020 1776 1393 1854 mennatum,
1441 1773 1682 1833 cultello
1729 1776 2114 1851 praesicatur.
2205 1773 2618 1853 provideu·35

271 1877 387 1937 dum
423 1898 490 1940 ne
526 1881 885 1941 infirmiores
923 1899 953 1939 a
994 1880 1419 1940 valentioribus
1459 1882 1897 1959 opprimantur:
1936 1898 2006 1940 eo
2046 1882 2204 1939 enim
2235 1860 2524 1940 minuitur

270 1984 486 2046 fructus,
545 1989 747 2066 itaque
788 1985 1187 2047 inbecilliores
1226 1995 1487 2048 secretas
1527 1987 1832 2047 subiciunt
1869 1986 1981 2046 sub
2020 1986 2272 2046 alterum
2304 2005 2522 2065 regem.

213 2104 250 2143 15
273 2110 396 2168 quae
431 2095 691 2155 crebrius
730 2097 888 2155 inter
925 2111 989 2154 se
1028 2093 1394 2173 pugnabunt,
1441 2096 1676 2172 aspargi
1714 2112 1814 2154 eas
1851 2101 2087 2171 oportet
2124 2111 2272 2171 aqua
2314 2092 2523 2153 mulsa.

272 2216 367 2275 quo
418 2200 560 2261 facto
615 2220 734 2261 non
796 2202 970 2262 modo
1027 2201 1323 2262 desistunt
1381 2220 1602 2281 pugna,
1663 2202 1766 2262 sed
1815 2203 1991 2261 etiam
2040 2201 2412 2260 conferciunt
2460 2217 2523 2258 se

271 2303 540 2388 lingentes,
592 2327 662 2368 eo
712 2310 914 2390 magiS,
963 2310 1012 2368 si
1060 2309 1251 2369 mulso
1301 2318 1441 2370 sunt
1486 2322 1778 2390 asparsae,
1826 2327 1942 2387 quo
1990 2315 2235 2388 propter
2282 2307 2525 2367 odorem

424 2521 447 2568 1
499 2517 615 2570 fore
672 2518 737 2571 ul:
782 2515 1077 2570 discedant
1133 2516 1242 2570 Vm
1287 2516 1430 2586 forte
1479 2517 1542 2571 ul:
1587 2517 1917 2585 discendant
1953 2518 2010 2572 A
2053 2517 2198 2573 forte
2244 2517 2309 2570 ut
2353 2515 2527 2569 disee-

272 2599 386 2657 dant
416 2604 467 2658 B
624 2605 724 2661 alii
767 2606 875 2660 hoc
914 2605 1040 2675 plus
1092 2606 1143 2659 V
1175 2606 1273 2661 alii
1309 2608 1416 2661 hoc
1455 2608 1571 2660 eius
1614 2608 1732 2662 AB
1893 2608 2172 2663 relincunt
2212 2606 2327 2660 PA
2366 2605 2528 2658 relin-

274 2694 423 2757 quunt
455 2695 545 2749 Bv
691 2697 743 2749 3⁷
772 2712 839 2750 ex
882 2695 949 2749 in
984 2712 1186 2750 rasura
1225 2695 1306 2749 Α2
1449 2698 1750 2765 quotannis
1788 2697 1886 2752 Bv
1932 2697 2245 2766 quodannis
2285 2697 2341 2750 P
2381 2696 2529 2765 quod

275 2779 405 2846 (corr.
447 2787 579 2852 quot
613 2783 717 2853 A2)
768 2784 828 2837 in
884 2783 1043 2839 annis
1079 2784 1135 2838 A
1183 2785 1328 2853 quod
1386 2785 1567 2840 inanis
1617 2804 1670 2839 m
1850 2787 2051 2857 aeque]
2109 2802 2362 2854 quaeque
2414 2785 2530 2839 PB

275 2883 457 2938 quaque
508 2873 565 2927 A
621 2890 846 2942 quoque
900 2891 931 2927 v
1132 2879 1166 2926 4
1212 2874 1299 2928 his
1348 2874 1601 2929 assiduas
1657 2876 1850 2930 VAB.
1908 2876 1996 2929 his
2052 2876 2242 2930 delevit
2300 2875 2530 2929 Ursinus

391 2968 419 3015 6
453 2964 643 3018 exortu
678 2963 969 3018 Iucundus
1007 2971 1261 3018 exortum
1312 2964 1489 3019 VAB
1636 2972 1665 3019 7
1704 2965 1939 3019 tercium
1979 2965 2034 3019 A
2178 2965 2422 3019 secunda
2458 2964 2533 3017 sit-

276 3045 406 3102 aluos
446 3052 623 3107 PAB
679 3053 924 3106 secunda
979 3053 1053 3106 sit
1106 3052 1267 3107 aluus
1314 3070 1345 3107 υ
1400 3054 1679 3108 foecunda
1728 3055 1802 3108 sit
1851 3055 2011 3109 aluus
2060 3055 2354 3108 Iucundus
2499 3060 2531 3107 8

275 3135 419 3191 tercia
451 3142 501 3193 A
644 3158 709 3195 ex
748 3141 1088 3196 hiematione
1118 3142 1236 3194 AB
1274 3158 1341 3196 ex
1378 3142 1734 3212 hyematione
1766 3144 1822 3197 P
1853 3148 1912 3198 et
1947 3141 2291 3212 hyemationi
2331 3160 2358 3196 υ
2397 3144 2531 3211 hye-

275 3226 475 3282 mationi
511 3230 805 3285 Iucundus
951 3236 983 3282 9
1023 3230 1141 3284 sine
1179 3230 1337 3284 aluus
1376 3249 1486 3286 non
1522 3234 1586 3285 fit
1623 3231 1827 3286 fertilis
1865 3232 2048 3287 PAB
2084 3233 2201 3286 siue
2241 3232 2383 3286 aluis
2423 3249 2534 3286 non

277 3310 328 3365 fit
355 3315 537 3373 fertilis
573 3336 605 3373 v
765 3319 1072 3374 exsimatur
1106 3319 1162 3373 A
1322 3328 1385 3375 10
1425 3321 1704 3391 exemptio
1755 3322 1806 3375 V
1839 3322 2097 3390 exempto
2134 3321 2255 3376 AB
2413 3320 2533 3374 uni-

277 3416 466 3459 uersum
510 3426 645 3463 corr.
687 3440 752 3449 —-
794 3426 884 3462 am
924 3409 978 3461 B
1116 3414 1178 3463 11
1220 3410 1475 3464 defitiant
1512 3413 1563 3463 A
1705 3410 1869 3465 ‘Faui
1910 3409 2006 3480 qui
2044 3411 2385 3478 eximuntur,
2425 3412 2531 3465 etc.

279 3488 326 3541 Ε
346 3498 594 3552 ueteribus
630 3498 790 3551 libris
819 3498 901 3551 ita
926 3499 1139 3567 scripsi.
1199 3500 1742 3553 Animaduertendus
1768 3501 1958 3554 modus
1988 3501 2242 3569 loquendi
2270 3523 2282 3554 ε
2312 3517 2443 3553 ‘nam
2471 3502 2535 3553 in

279 3586 455 3639 excusis
489 3592 678 3654 antea,
729 3585 1022 3641 Fauorum
1068 3589 1166 3657 qui
1210 3589 1550 3654 exinzuntwr,
1597 3594 1692 3642 etc.
1771 3588 1889 3658 Quo
1940 3595 2119 3642 autem
2154 3590 2300 3643 ratio
2337 3591 2535 3643 ueteris

279 3671 544 3739 scripturae
587 3676 958 3744 intelliyatur,
1005 3680 1175 3731 totum
1220 3677 1418 3744 locum,
1468 3682 1531 3729 ut
1575 3678 1638 3729 in
1684 3677 1886 3745 optimo
1933 3678 2234 3746 exemplari
2268 3679 2535 3746 scriptum

280 3755 462 3827 inueni,
508 3764 596 3817 hic
650 3765 954 3833 adponam,
1012 3765 1153 3819 Fani
1199 3765 1296 3834 qui
1343 3765 1675 3819 eximuntur.
1762 3765 1936 3832 Siqua.
1982 3783 2108 3835 pars
2156 3765 2296 3819 nihil
2345 3767 2533 3834 habet,

282 3847 547 3906 anthabet
581 3852 925 3918 incaustum,
965 3853 1197 3908 cultello
1233 3854 1601 3923 praesicatur’
1645 3854 1920 3908 Victorius
1966 3855 1971 3859 ’
2005 3915 2008 3918 ,
2068 3861 2133 3908 12
2170 3856 2356 3910 nechil
2396 3873 2532 3910 corr.

281 3932 425 3991 nichil
466 3942 516 3993 A
661 3945 763 3997 aut
816 3942 992 3997 habet
1044 3944 1471 4012 superscriptum
1525 3945 1589 3997 in
1634 3945 1689 3996 A
1843 3943 2166 4021 inclinatum
2216 3945 2396 3998 PAB
2452 3947 2534 3999 in-

282 4023 529 4088 quinatum
567 4048 598 4085 v
729 4031 984 4086 culltello
1023 4034 1076 4085 A
1204 4031 1549 4102 praesicatur
1591 4032 1771 4086 PAB
1809 4035 2166 4103 praesecatur
2201 4051 2233 4087 v
2363 4040 2426 4087 13
2465 4052 2535 4088 ne

282 4107 569 4173 infirmiores
614 4119 669 4173 V
698 4139 769 4175 ne
805 4120 1078 4175 firmiores
1116 4122 1238 4175 AB
1372 4128 1438 4175 14
1474 4120 1854 4177 inbecilliores
1892 4123 1946 4175 A
1986 4120 2379 4176 imbecilliores
2425 4123 2536 4176 VB

366 4206 652 4262 subiiciunt
691 4208 746 4262 V
845 4226 1075 4279 gregem
1113 4227 1250 4265 corr.
1290 4226 1478 4279 regem
1506 4210 1562 4264 B
1675 4217 1741 4264 15
1778 4211 2005 4281 aspargi
2038 4212 2215 4265 PAB
2253 4212 2477 4281 aspergi
2503 4230 2535 4266 v

370 4300 426 4348 16
449 4313 554 4351 non
574 4296 745 4352 modo
776 4297 1054 4352 desistunt
1072 4298 1128 4351 B
1155 4315 1263 4352 non
1294 4298 1459 4353 modo
1488 4298 1607 4353 desi
1635 4299 1929 4364 desistunt,
1957 4300 2050 4353 sed
2077 4298 2198 4352 desi
2226 4301 2453 4355 deletum
2483 4302 2535 4353 A

284 4393 372 4433 non
417 4387 574 4441 modo
629 4404 743 4441 non
800 4386 1079 4454 desistunt
1137 4388 1188 4441 V
1334 4389 1677 4442 confertiunt
1722 4389 1777 4443 A
1928 4404 1986 4442 se
2046 4388 2324 4457 lingentes
2378 4406 2412 4443 v
2458 4407 2538 4444 se-

284 4462 485 4536 ligentes
518 4476 702 4530 PAB
739 4492 875 4531 corr.
917 4476 1218 4545 seligentes
1254 4477 1336 4532 A²
1372 4478 1713 4546 solingentes
1750 4495 1803 4531 m
1875 4558 1880 4563 ι
1949 4483 2014 4532 17
2053 4494 2317 4546 aspersae
2353 4479 2539 4533 PAB

285 4568 502 4625 aspersae
536 4582 569 4619 v
