<?xml version="1.0" encoding="UTF-8"?>
<!DOCTYPE html PUBLIC "-//W3C//DTD XHTML 1.0 Transitional//EN"
    "http://www.w3.org/TR/xhtml1/DTD/xhtml1-transitional.dtd">
<html xmlns="http://www.w3.org/1999/xhtml" xml:lang="en" lang="en">
 <head>
  <title>
</title>
<meta http-equiv="Content-Type" content="text/html;charset=utf-8" />
  <meta name='ocr-system' content='tesseract 3.04.00' />
  <meta name='ocr-capabilities' content='ocr_page ocr_carea ocr_par ocr_line ocrx_word'/>
</head>
<body>
  <div class='ocr_page' id='page_1' title='image "./mporcicatonisde01catogoog_0452.png"; bbox 0 0 3178 5185; ppageno 0'>
   <div class='ocr_carea' id='block_1_1' title="bbox 572 409 2159 474">
    <p class='ocr_par' dir='ltr' id='par_1_1' title="bbox 572 409 2159 474">
     <span class='ocr_line' id='line_1_1' title="bbox 572 409 2159 474; baseline -0.004 0"><span class='ocrx_word' id='word_1_1' title='bbox 572 409 697 474; x_wconf 84' lang='lat'><strong>198</strong></span> <span class='ocrx_word' id='word_1_2' title='bbox 1252 415 1632 471; x_wconf 83' lang='lat' dir='ltr'><strong>COMMENT.</strong></span> <span class='ocrx_word' id='word_1_3' title='bbox 1671 415 1750 470; x_wconf 83' lang='lat' dir='ltr'><strong>IN</strong></span> <span class='ocrx_word' id='word_1_4' title='bbox 1785 413 2159 470; x_wconf 76' lang='lat' dir='ltr'><strong>VARRONIS</strong></span> 
     </span>
    </p>
   </div>
   <div class='ocr_carea' id='block_1_2' title="bbox 568 569 2870 4077">
    <p class='ocr_par' dir='ltr' id='par_1_2' title="bbox 569 569 2836 761">
     <span class='ocr_line' id='line_1_2' title="bbox 569 569 2836 649; baseline -0.001 -16"><span class='ocrx_word' id='word_1_5' title='bbox 569 575 745 633; x_wconf 91' lang='lat' dir='ltr'><strong>etiam</strong></span> <span class='ocrx_word' id='word_1_6' title='bbox 820 575 1019 633; x_wconf 90' lang='lat' dir='ltr'><strong>asinus</strong></span> <span class='ocrx_word' id='word_1_7' title='bbox 1075 572 1388 632; x_wconf 85' lang='lat' dir='ltr'>adducitur</span> <span class='ocrx_word' id='word_1_8' title='bbox 1451 570 1780 649; x_wconf 88' lang='lat' dir='ltr'><strong>eodemque</strong></span> <span class='ocrx_word' id='word_1_9' title='bbox 1837 569 2010 630; x_wconf 90' lang='lat' dir='ltr'><strong>modo</strong></span> <span class='ocrx_word' id='word_1_10' title='bbox 2067 589 2175 649; x_wconf 90' lang='lat' dir='ltr'><strong>per</strong></span> <span class='ocrx_word' id='word_1_11' title='bbox 2230 571 2425 649; x_wconf 86' lang='lat' dir='ltr'><strong>origas</strong></span> <span class='ocrx_word' id='word_1_12' title='bbox 2481 579 2724 629; x_wconf 85' lang='lat' dir='ltr'><strong>curatur</strong></span> <span class='ocrx_word' id='word_1_13' title='bbox 2779 579 2836 630; x_wconf 82' lang='lat' dir='ltr'><strong>ut</strong></span> 
     </span>
     <span class='ocr_line' id='line_1_3' title="bbox 570 681 972 761; baseline -0.005 -20"><span class='ocrx_word' id='word_1_14' title='bbox 570 699 750 761; x_wconf 90' lang='lat' dir='ltr'><strong>equas</strong></span> <span class='ocrx_word' id='word_1_15' title='bbox 794 681 972 740; x_wconf 87' lang='lat' dir='ltr'><strong>ineat.</strong></span> 
     </span>
    </p>

    <p class='ocr_par' dir='ltr' id='par_1_3' title="bbox 570 783 2844 975">
     <span class='ocr_line' id='line_1_4' title="bbox 749 783 2843 864; baseline -0.002 -16"><span class='ocrx_word' id='word_1_16' title='bbox 749 786 913 848; x_wconf 90' lang='lat' dir='ltr'><strong>Cum</strong></span> <span class='ocrx_word' id='word_1_17' title='bbox 960 787 1337 864; x_wconf 78' lang='lat' dir='ltr'><strong>pepererit</strong></span> <span class='ocrx_word' id='word_1_18' title='bbox 1393 783 1607 864; x_wconf 91' lang='lat' dir='ltr'><strong>equa]</strong></span> <span class='ocrx_word' id='word_1_19' title='bbox 1673 785 1816 845; x_wconf 86' lang='lat' dir='ltr'><strong>Cum</strong></span> <span class='ocrx_word' id='word_1_20' title='bbox 1851 787 2100 862; x_wconf 79' lang='lat' dir='ltr'><strong>peperit</strong></span> <span class='ocrx_word' id='word_1_21' title='bbox 2157 803 2226 843; x_wconf 86' lang='lat' dir='ltr'><strong>ex</strong></span> <span class='ocrx_word' id='word_1_22' title='bbox 2272 786 2542 864; x_wconf 85' lang='lat' dir='ltr'><strong>principe</strong></span> <span class='ocrx_word' id='word_1_23' title='bbox 2591 783 2843 844; x_wconf 82' lang='lat' dir='ltr'><strong>editione</strong></span> 
     </span>
     <span class='ocr_line' id='line_1_5' title="bbox 570 888 2844 975; baseline -0.001 -21"><span class='ocrx_word' id='word_1_24' title='bbox 570 895 796 972; x_wconf 85' lang='lat' dir='ltr'><strong>recepi:</strong></span> <span class='ocrx_word' id='word_1_25' title='bbox 835 893 885 952; x_wconf 91' lang='lat'><strong>11</strong></span> <span class='ocrx_word' id='word_1_26' title='bbox 916 891 975 975; x_wconf 80' lang='lat'><strong>2,</strong></span> <span class='ocrx_word' id='word_1_27' title='bbox 1008 888 1089 955; x_wconf 88' lang='lat'><strong>15</strong></span> <span class='ocrx_word' id='word_1_28' title='bbox 1129 901 1189 953; x_wconf 90' lang='lat' dir='ltr'><strong>et</strong></span> <span class='ocrx_word' id='word_1_29' title='bbox 1215 889 1276 973; x_wconf 84' lang='lat'><strong>5,</strong></span> <span class='ocrx_word' id='word_1_30' title='bbox 1311 888 1393 953; x_wconf 87' lang='lat'><strong>15</strong></span> <span class='ocrx_word' id='word_1_31' title='bbox 1422 910 1558 953; x_wconf 85' lang='lat' dir='ltr'><strong>oum</strong></span> <span class='ocrx_word' id='word_1_32' title='bbox 1579 911 1813 970; x_wconf 88' lang='lat' dir='ltr'><strong>parere</strong></span> <span class='ocrx_word' id='word_1_33' title='bbox 1842 898 2189 970; x_wconf 82' lang='lat' dir='ltr'><strong>coeperunt,</strong></span> <span class='ocrx_word' id='word_1_34' title='bbox 2229 889 2288 973; x_wconf 88' lang='lat'><strong>4,</strong></span> <span class='ocrx_word' id='word_1_35' title='bbox 2322 889 2404 953; x_wconf 87' lang='lat'><strong>15</strong></span> <span class='ocrx_word' id='word_1_36' title='bbox 2433 910 2572 954; x_wconf 85' lang='lat' dir='ltr'><strong>eum</strong></span> <span class='ocrx_word' id='word_1_37' title='bbox 2595 895 2844 968; x_wconf 87' lang='lat' dir='ltr'><strong>peperit.</strong></span> 
     </span>
    </p>

    <p class='ocr_par' dir='ltr' id='par_1_4' title="bbox 568 996 2853 1610">
     <span class='ocr_line' id='line_1_6' title="bbox 748 996 2844 1078; baseline -0.002 -17"><span class='ocrx_word' id='word_1_38' title='bbox 748 996 790 1061; x_wconf 84' lang='lat'>5</span> <span class='ocrx_word' id='word_1_39' title='bbox 863 999 1179 1061; x_wconf 85' lang='lat' dir='ltr'><strong>Alterum</strong></span> <span class='ocrx_word' id='word_1_40' title='bbox 1245 1008 1321 1059; x_wconf 91' lang='lat' dir='ltr'><strong>ut</strong></span> <span class='ocrx_word' id='word_1_41' title='bbox 1387 1001 1714 1059; x_wconf 91' lang='lat' dir='ltr'><strong>uecturis</strong></span> <span class='ocrx_word' id='word_1_42' title='bbox 1787 999 2107 1059; x_wconf 85' lang='lat' dir='ltr'><strong>sufferre</strong></span> <span class='ocrx_word' id='word_1_43' title='bbox 2172 997 2463 1059; x_wconf 90' lang='lat' dir='ltr'><strong>labores</strong></span> <span class='ocrx_word' id='word_1_44' title='bbox 2527 997 2844 1078; x_wconf 81' lang='lat' dir='ltr'><strong>possint]</strong></span> 
     </span>
     <span class='ocr_line' id='line_1_7' title="bbox 573 1108 2849 1185; baseline -0.002 -17"><span class='ocrx_word' id='word_1_45' title='bbox 573 1111 845 1170; x_wconf 86' lang='lat' dir='ltr'><strong>Alterum</strong></span> <span class='ocrx_word' id='word_1_46' title='bbox 894 1111 954 1167; x_wconf 88' lang='lat' dir='ltr'><strong>in</strong></span> <span class='ocrx_word' id='word_1_47' title='bbox 1009 1110 1282 1168; x_wconf 84' lang='lat' dir='ltr'><strong>uecturis</strong></span> <span class='ocrx_word' id='word_1_48' title='bbox 1338 1124 1395 1165; x_wconf 91' lang='lat' dir='ltr'><strong>m</strong></span> <span class='ocrx_word' id='word_1_49' title='bbox 1435 1153 1447 1165; x_wconf 99' lang='lat'><strong>.</strong></span> <span class='ocrx_word' id='word_1_50' title='bbox 1488 1110 1747 1167; x_wconf 85' lang='lat' dir='ltr'><strong>alterum</strong></span> <span class='ocrx_word' id='word_1_51' title='bbox 1804 1114 1872 1167; x_wconf 90' lang='lat' dir='ltr'><strong>ut</strong></span> <span class='ocrx_word' id='word_1_52' title='bbox 1925 1110 1988 1166; x_wconf 85' lang='lat' dir='ltr'><strong>in</strong></span> <span class='ocrx_word' id='word_1_53' title='bbox 2033 1109 2301 1167; x_wconf 84' lang='lat' dir='ltr'><strong>vecturis</strong></span> <span class='ocrx_word' id='word_1_54' title='bbox 2355 1108 2586 1185; x_wconf 85' lang='lat' dir='ltr'><strong>scripsi.</strong></span> <span class='ocrx_word' id='word_1_55' title='bbox 2662 1123 2849 1184; x_wconf 88' lang='lat' dir='ltr'><strong>neque</strong></span> 
     </span>
     <span class='ocr_line' id='line_1_8' title="bbox 574 1208 2848 1292; baseline -0.001 -17"><span class='ocrx_word' id='word_1_56' title='bbox 574 1218 730 1275; x_wconf 89' lang='lat' dir='ltr'><strong>enim</strong></span> <span class='ocrx_word' id='word_1_57' title='bbox 779 1210 1045 1274; x_wconf 75' lang='lat' dir='ltr'><strong>‘labores</strong></span> <span class='ocrx_word' id='word_1_58' title='bbox 1092 1215 1341 1274; x_wconf 86' lang='lat' dir='ltr'><strong>sufferre</strong></span> <span class='ocrx_word' id='word_1_59' title='bbox 1390 1208 1682 1273; x_wconf 85' lang='lat' dir='ltr'><strong>vecturis&#39;</strong></span> <span class='ocrx_word' id='word_1_60' title='bbox 1733 1213 1851 1273; x_wconf 85' lang='lat' dir='ltr'><strong>dici</strong></span> <span class='ocrx_word' id='word_1_61' title='bbox 1897 1221 2128 1292; x_wconf 87' lang='lat' dir='ltr'><strong>poterat</strong></span> <span class='ocrx_word' id='word_1_62' title='bbox 2176 1214 2279 1292; x_wconf 90' lang='lat' dir='ltr'><strong>sic,</strong></span> <span class='ocrx_word' id='word_1_63' title='bbox 2328 1221 2394 1273; x_wconf 91' lang='lat' dir='ltr'><strong>ut</strong></span> <span class='ocrx_word' id='word_1_64' title='bbox 2439 1213 2512 1273; x_wconf 90' lang='lat' dir='ltr'><strong>de</strong></span> <span class='ocrx_word' id='word_1_65' title='bbox 2553 1213 2848 1273; x_wconf 89' lang='lat' dir='ltr'><strong>nutricatu</strong></span> 
     </span>
     <span class='ocr_line' id='line_1_9' title="bbox 574 1308 2848 1402; baseline -0.001 -19"><span class='ocrx_word' id='word_1_66' title='bbox 574 1308 904 1383; x_wconf 82' lang='lat' dir='ltr'><strong>scrofarum</strong></span> <span class='ocrx_word' id='word_1_67' title='bbox 951 1322 1240 1399; x_wconf 89' lang='lat' dir='ltr'><strong>scriptum</strong></span> <span class='ocrx_word' id='word_1_68' title='bbox 1289 1329 1379 1380; x_wconf 90' lang='lat' dir='ltr'><strong>est</strong></span> <span class='ocrx_word' id='word_1_69' title='bbox 1425 1319 1477 1379; x_wconf 92' lang='lat'><strong>11</strong></span> <span class='ocrx_word' id='word_1_70' title='bbox 1515 1317 1585 1402; x_wconf 87' lang='lat'><strong>4,</strong></span> <span class='ocrx_word' id='word_1_71' title='bbox 1629 1317 1708 1381; x_wconf 89' lang='lat'><strong>19</strong></span> <span class='ocrx_word' id='word_1_72' title='bbox 1755 1323 1920 1395; x_wconf 85' lang='lat' dir='ltr'><strong>quod</strong></span> <span class='ocrx_word' id='word_1_73' title='bbox 1971 1338 2167 1395; x_wconf 89' lang='lat' dir='ltr'><strong>neque</strong></span> <span class='ocrx_word' id='word_1_74' title='bbox 2223 1328 2419 1381; x_wconf 87' lang='lat' dir='ltr'><strong>mater</strong></span> <span class='ocrx_word' id='word_1_75' title='bbox 2466 1328 2664 1397; x_wconf 88' lang='lat' dir='ltr'><strong>potest</strong></span> <span class='ocrx_word' id='word_1_76' title='bbox 2719 1322 2848 1380; x_wconf 84' lang='lat' dir='ltr'><strong>sub-</strong></span> 
     </span>
     <span class='ocr_line' id='line_1_10' title="bbox 568 1422 2853 1506; baseline -0.002 -16"><span class='ocrx_word' id='word_1_77' title='bbox 568 1430 745 1506; x_wconf 85' lang='lat' dir='ltr'><strong>ferre</strong></span> <span class='ocrx_word' id='word_1_78' title='bbox 782 1432 895 1489; x_wconf 86' lang='lat' dir='ltr'><strong>lae.</strong></span> <span class='ocrx_word' id='word_1_79' title='bbox 970 1422 1235 1488; x_wconf 74' lang='lat' dir='ltr'><strong>‘labores</strong></span> <span class='ocrx_word' id='word_1_80' title='bbox 1274 1423 1558 1488; x_wconf 83' lang='lat' dir='ltr'><strong>sufferre&#39;</strong></span> <span class='ocrx_word' id='word_1_81' title='bbox 1597 1426 1814 1506; x_wconf 85' lang='lat' dir='ltr'><strong>legitur</strong></span> <span class='ocrx_word' id='word_1_82' title='bbox 1852 1425 2154 1487; x_wconf 90' lang='lat' dir='ltr'><strong>Columell.</strong></span> <span class='ocrx_word' id='word_1_83' title='bbox 2197 1426 2222 1486; x_wconf 90' lang='grc' dir='ltr'><strong>Ι</strong></span> <span class='ocrx_word' id='word_1_84' title='bbox 2258 1427 2442 1506; x_wconf 84' lang='lat' dir='ltr'><strong>praef.</strong></span> <span class='ocrx_word' id='word_1_85' title='bbox 2481 1424 2564 1488; x_wconf 81' lang='lat'><strong>12</strong></span> <span class='ocrx_word' id='word_1_86' title='bbox 2602 1429 2853 1488; x_wconf 85' lang='lat' dir='ltr'><strong>viridem</strong></span> 
     </span>
     <span class='ocr_line' id='line_1_11' title="bbox 577 1535 2853 1610; baseline -0.002 -13"><span class='ocrx_word' id='word_1_87' title='bbox 577 1543 835 1598; x_wconf 91' lang='lat' dir='ltr'><strong>aetatem</strong></span> <span class='ocrx_word' id='word_1_88' title='bbox 882 1553 1018 1596; x_wconf 86' lang='lat' dir='ltr'><strong>eum</strong></span> <span class='ocrx_word' id='word_1_89' title='bbox 1064 1537 1286 1596; x_wconf 84' lang='lat' dir='ltr'><strong>robore</strong></span> <span class='ocrx_word' id='word_1_90' title='bbox 1342 1537 1620 1610; x_wconf 86' lang='lat' dir='ltr'><strong>eorporis</strong></span> <span class='ocrx_word' id='word_1_91' title='bbox 1676 1536 1761 1595; x_wconf 85' lang='lat' dir='ltr'><strong>ad</strong></span> <span class='ocrx_word' id='word_1_92' title='bbox 1812 1536 2052 1595; x_wconf 82' lang='lat' dir='ltr'><strong>labores</strong></span> <span class='ocrx_word' id='word_1_93' title='bbox 2105 1535 2487 1609; x_wconf 85' lang='lat' dir='ltr'><strong>sufferendos</strong></span> <span class='ocrx_word' id='word_1_94' title='bbox 2538 1537 2853 1595; x_wconf 84' lang='lat' dir='ltr'><strong>desideret.</strong></span> 
     </span>
    </p>

    <p class='ocr_par' dir='ltr' id='par_1_5' title="bbox 580 1637 2870 3434">
     <span class='ocr_line' id='line_1_12' title="bbox 757 1637 2856 1720; baseline -0.001 -18"><span class='ocrx_word' id='word_1_95' title='bbox 757 1639 796 1702; x_wconf 88' lang='grc'><strong>6</strong></span> <span class='ocrx_word' id='word_1_96' title='bbox 867 1640 1142 1701; x_wconf 90' lang='lat' dir='ltr'><strong>Hinnus</strong></span> <span class='ocrx_word' id='word_1_97' title='bbox 1181 1642 1300 1720; x_wconf 90' lang='lat' dir='ltr'><strong>qui</strong></span> <span class='ocrx_word' id='word_1_98' title='bbox 1338 1637 1747 1719; x_wconf 85' lang='lat' dir='ltr'><strong>appellatur</strong></span> <span class='ocrx_word' id='word_1_99' title='bbox 1795 1650 1902 1700; x_wconf 89' lang='lat' dir='ltr'><strong>est</strong></span> <span class='ocrx_word' id='word_1_100' title='bbox 1942 1659 2021 1700; x_wconf 85' lang='lat' dir='ltr'><strong>ex</strong></span> <span class='ocrx_word' id='word_1_101' title='bbox 2062 1659 2239 1720; x_wconf 92' lang='lat' dir='ltr'><strong>equo</strong></span> <span class='ocrx_word' id='word_1_102' title='bbox 2280 1650 2349 1702; x_wconf 89' lang='lat' dir='ltr'><strong>et</strong></span> <span class='ocrx_word' id='word_1_103' title='bbox 2395 1643 2593 1701; x_wconf 86' lang='lat' dir='ltr'><strong>asina</strong></span> <span class='ocrx_word' id='word_1_104' title='bbox 2634 1642 2856 1701; x_wconf 88' lang='lat' dir='ltr'><strong>minor</strong></span> 
     </span>
     <span class='ocr_line' id='line_1_13' title="bbox 580 1746 2858 1830; baseline -0.001 -20"><span class='ocrx_word' id='word_1_105' title='bbox 580 1768 781 1830; x_wconf 91' lang='lat' dir='ltr'><strong>quam</strong></span> <span class='ocrx_word' id='word_1_106' title='bbox 827 1748 1059 1809; x_wconf 91' lang='lat' dir='ltr'><strong>mulus</strong></span> <span class='ocrx_word' id='word_1_107' title='bbox 1107 1765 1408 1827; x_wconf 89' lang='lat' dir='ltr'><strong>corpore</strong></span> <span class='ocrx_word' id='word_1_108' title='bbox 1456 1747 1887 1826; x_wconf 88' lang='lat' dir='ltr'><strong>plerumque</strong></span> <span class='ocrx_word' id='word_1_109' title='bbox 1927 1746 2411 1808; x_wconf 86' lang='lat' dir='ltr'><strong>rubicundior</strong></span> <span class='ocrx_word' id='word_1_110' title='bbox 2448 1747 2749 1809; x_wconf 87' lang='lat' dir='ltr'><strong>auribus</strong></span> <span class='ocrx_word' id='word_1_111' title='bbox 2788 1757 2858 1808; x_wconf 90' lang='lat' dir='ltr'><strong>ut</strong></span> 
     </span>
     <span class='ocr_line' id='line_1_14' title="bbox 581 1841 2859 1936; baseline -0.001 -19"><span class='ocrx_word' id='word_1_112' title='bbox 581 1858 869 1936; x_wconf 89' lang='lat' dir='ltr'><strong>equinis</strong></span> <span class='ocrx_word' id='word_1_113' title='bbox 914 1854 1146 1915; x_wconf 82' lang='lat' dir='ltr'><strong>iubam</strong></span> <span class='ocrx_word' id='word_1_114' title='bbox 1197 1864 1263 1914; x_wconf 90' lang='lat' dir='ltr'><strong>et</strong></span> <span class='ocrx_word' id='word_1_115' title='bbox 1302 1853 1591 1914; x_wconf 90' lang='lat' dir='ltr'><strong>caudam</strong></span> <span class='ocrx_word' id='word_1_116' title='bbox 1631 1855 1938 1915; x_wconf 84' lang='lat' dir='ltr'><strong>similem</strong></span> <span class='ocrx_word' id='word_1_117' title='bbox 1989 1841 2208 1932; x_wconf 89' lang='lat' dir='ltr'><strong>asini]</strong></span> <span class='ocrx_word' id='word_1_118' title='bbox 2261 1857 2360 1916; x_wconf 81' lang='lat' dir='ltr'><strong>Ex</strong></span> <span class='ocrx_word' id='word_1_119' title='bbox 2397 1874 2547 1931; x_wconf 86' lang='lat' dir='ltr'><strong>equo</strong></span> <span class='ocrx_word' id='word_1_120' title='bbox 2587 1862 2649 1916; x_wconf 90' lang='lat' dir='ltr'><strong>et</strong></span> <span class='ocrx_word' id='word_1_121' title='bbox 2683 1859 2859 1915; x_wconf 86' lang='lat' dir='ltr'><strong>asina</strong></span> 
     </span>
     <span class='ocr_line' id='line_1_15' title="bbox 583 1959 2863 2041; baseline -0.001 -17"><span class='ocrx_word' id='word_1_122' title='bbox 583 1963 767 2024; x_wconf 90' lang='lat' dir='ltr'><strong>deleri</strong></span> <span class='ocrx_word' id='word_1_123' title='bbox 815 1961 997 2022; x_wconf 90' lang='lat' dir='ltr'><strong>voluit</strong></span> <span class='ocrx_word' id='word_1_124' title='bbox 1043 1960 1373 2022; x_wconf 80' lang='lat' dir='ltr'><strong>Pontedera</strong></span> <span class='ocrx_word' id='word_1_125' title='bbox 1419 1980 1475 2040; x_wconf 91' lang='lat' dir='ltr'><strong>p.</strong></span> <span class='ocrx_word' id='word_1_126' title='bbox 1514 1959 1643 2023; x_wconf 85' lang='lat'><strong>437</strong></span> <span class='ocrx_word' id='word_1_127' title='bbox 1708 1971 2001 2041; x_wconf 87' lang='lat' dir='ltr'><strong>tamquam</strong></span> <span class='ocrx_word' id='word_1_128' title='bbox 2048 1963 2298 2041; x_wconf 90' lang='lat' dir='ltr'><strong>repetita</strong></span> <span class='ocrx_word' id='word_1_129' title='bbox 2352 1981 2434 2023; x_wconf 85' lang='lat' dir='ltr'><strong>ex.</strong></span> <span class='ocrx_word' id='word_1_130' title='bbox 2469 1964 2542 2022; x_wconf 90' lang='lat' dir='ltr'><strong>iis</strong></span> <span class='ocrx_word' id='word_1_131' title='bbox 2589 1981 2740 2041; x_wconf 88' lang='lat' dir='ltr'><strong>quae</strong></span> <span class='ocrx_word' id='word_1_132' title='bbox 2789 1962 2863 2022; x_wconf 91' lang='lat' dir='ltr'><strong>de</strong></span> 
     </span>
     <span class='ocr_line' id='line_1_16' title="bbox 582 2070 2859 2180; baseline -0 -49"><span class='ocrx_word' id='word_1_133' title='bbox 582 2071 762 2131; x_wconf 89' lang='lat' dir='ltr'><strong>binno</strong></span> <span class='ocrx_word' id='word_1_134' title='bbox 811 2087 992 2148; x_wconf 90' lang='lat' dir='ltr'><strong>supra</strong></span> <span class='ocrx_word' id='word_1_135' title='bbox 1039 2070 1259 2148; x_wconf 87' lang='lat' dir='ltr'><strong>scripta</strong></span> <span class='ocrx_word' id='word_1_136' title='bbox 1306 2078 1499 2149; x_wconf 85' lang='lat' dir='ltr'><strong>erant,</strong></span> <span class='ocrx_word' id='word_1_137' title='bbox 1556 2077 1773 2180; x_wconf 50' lang='lat' dir='ltr'><strong>eoigra</strong></span> <span class='ocrx_word' id='word_1_138' title='bbox 1830 2087 1909 2129; x_wconf 80' lang='lat' dir='ltr'><strong>ex</strong></span> <span class='ocrx_word' id='word_1_139' title='bbox 1964 2087 2115 2144; x_wconf 89' lang='lat' dir='ltr'><strong>equo</strong></span> <span class='ocrx_word' id='word_1_140' title='bbox 2162 2077 2222 2130; x_wconf 92' lang='lat' dir='ltr'><strong>et</strong></span> <span class='ocrx_word' id='word_1_141' title='bbox 2266 2074 2442 2130; x_wconf 88' lang='lat' dir='ltr'><strong>asina</strong></span> <span class='ocrx_word' id='word_1_142' title='bbox 2497 2072 2738 2130; x_wconf 78' lang='lat' dir='ltr'><strong>hinnus.</strong></span> <span class='ocrx_word' id='word_1_143' title='bbox 2783 2103 2859 2112; x_wconf 96' lang='lat'>—</span> 
     </span>
     <span class='ocr_line' id='line_1_17' title="bbox 582 2175 2863 2251; baseline -0.002 -11"><span class='ocrx_word' id='word_1_144' title='bbox 582 2180 840 2240; x_wconf 87' lang='lat' dir='ltr'><strong>auribus</strong></span> <span class='ocrx_word' id='word_1_145' title='bbox 893 2184 963 2237; x_wconf 92' lang='lat' dir='ltr'><strong>ut</strong></span> <span class='ocrx_word' id='word_1_146' title='bbox 1023 2179 1192 2251; x_wconf 88' lang='lat' dir='ltr'><strong>equis</strong></span> <span class='ocrx_word' id='word_1_147' title='bbox 1248 2194 1322 2237; x_wconf 89' lang='lat' dir='ltr'><strong>m.</strong></span> <span class='ocrx_word' id='word_1_148' title='bbox 1396 2176 1533 2236; x_wconf 90' lang='lat' dir='ltr'><strong>inde</strong></span> <span class='ocrx_word' id='word_1_149' title='bbox 1600 2177 1854 2236; x_wconf 83' lang='lat' dir='ltr'><strong>auribus</strong></span> <span class='ocrx_word' id='word_1_150' title='bbox 1909 2184 1977 2237; x_wconf 91' lang='lat' dir='ltr'><strong>ut</strong></span> <span class='ocrx_word' id='word_1_151' title='bbox 2039 2180 2248 2251; x_wconf 82' lang='lat' dir='ltr'><strong>aequis</strong></span> <span class='ocrx_word' id='word_1_152' title='bbox 2304 2176 2488 2237; x_wconf 90' lang='lat' dir='ltr'><strong>edidit</strong></span> <span class='ocrx_word' id='word_1_153' title='bbox 2514 2210 2515 2213; x_wconf 61' lang='lat'><em>=</em></span> <span class='ocrx_word' id='word_1_154' title='bbox 2542 2175 2863 2237; x_wconf 81' lang='lat' dir='ltr'><strong>IucunduS.</strong></span> 
     </span>
     <span class='ocr_line' id='line_1_18' title="bbox 583 2284 2865 2363; baseline -0.002 -15"><span class='ocrx_word' id='word_1_155' title='bbox 583 2290 817 2363; x_wconf 82' lang='lat' dir='ltr'><strong>equinis</strong></span> <span class='ocrx_word' id='word_1_156' title='bbox 863 2284 1161 2345; x_wconf 89' lang='lat' dir='ltr'><strong>Victorius</strong></span> <span class='ocrx_word' id='word_1_157' title='bbox 1198 2285 1477 2344; x_wconf 89' lang='lat' dir='ltr'><strong>restituit.</strong></span> <span class='ocrx_word' id='word_1_158' title='bbox 1570 2285 1826 2344; x_wconf 84' lang='lat' dir='ltr'><strong>auribus</strong></span> <span class='ocrx_word' id='word_1_159' title='bbox 1873 2290 1943 2343; x_wconf 87' lang='lat' dir='ltr'><strong>ut</strong></span> <span class='ocrx_word' id='word_1_160' title='bbox 1987 2287 2150 2358; x_wconf 86' lang='lat' dir='ltr'><strong>equi,</strong></span> <span class='ocrx_word' id='word_1_161' title='bbox 2213 2286 2298 2344; x_wconf 86' lang='lat' dir='ltr'><strong>ita</strong></span> <span class='ocrx_word' id='word_1_162' title='bbox 2346 2286 2490 2344; x_wconf 82' lang='lat' dir='ltr'><strong>iuba</strong></span> <span class='ocrx_word' id='word_1_163' title='bbox 2546 2293 2606 2344; x_wconf 91' lang='lat' dir='ltr'><strong>et</strong></span> <span class='ocrx_word' id='word_1_164' title='bbox 2658 2287 2865 2344; x_wconf 82' lang='lat' dir='ltr'><strong>cauda</strong></span> 
     </span>
     <span class='ocr_line' id='line_1_19' title="bbox 583 2383 2865 2474; baseline -0.002 -19"><span class='ocrx_word' id='word_1_165' title='bbox 583 2397 792 2455; x_wconf 86' lang='lat' dir='ltr'><strong>similis</strong></span> <span class='ocrx_word' id='word_1_166' title='bbox 829 2386 952 2474; x_wconf 88' lang='lat' dir='ltr'><strong>(vel</strong></span> <span class='ocrx_word' id='word_1_167' title='bbox 988 2383 1271 2473; x_wconf 86' lang='lat' dir='ltr'><strong>similior)</strong></span> <span class='ocrx_word' id='word_1_168' title='bbox 1310 2394 1473 2451; x_wconf 87' lang='lat' dir='ltr'><strong>asini</strong></span> <span class='ocrx_word' id='word_1_169' title='bbox 1508 2391 1763 2450; x_wconf 89' lang='lat' dir='ltr'><strong>coniecit</strong></span> <span class='ocrx_word' id='word_1_170' title='bbox 1803 2389 2221 2451; x_wconf 82' lang='lat' dir='ltr'><strong>SchneideruS.</strong></span> <span class='ocrx_word' id='word_1_171' title='bbox 2296 2409 2470 2450; x_wconf 90' lang='lat' dir='ltr'><strong>aures</strong></span> <span class='ocrx_word' id='word_1_172' title='bbox 2510 2400 2575 2450; x_wconf 90' lang='lat' dir='ltr'><strong>ut</strong></span> <span class='ocrx_word' id='word_1_173' title='bbox 2612 2391 2865 2469; x_wconf 81' lang='lat' dir='ltr'><strong>equinae</strong></span> 
     </span>
     <span class='ocr_line' id='line_1_20' title="bbox 587 2497 2870 2577; baseline -0.001 -16"><span class='ocrx_word' id='word_1_174' title='bbox 587 2509 727 2561; x_wconf 89' lang='lat' dir='ltr'><strong>sunt</strong></span> <span class='ocrx_word' id='word_1_175' title='bbox 773 2517 947 2559; x_wconf 87' lang='lat' dir='ltr'><strong>aures</strong></span> <span class='ocrx_word' id='word_1_176' title='bbox 993 2500 1227 2577; x_wconf 90' lang='lat' dir='ltr'><strong>equinis</strong></span> <span class='ocrx_word' id='word_1_177' title='bbox 1274 2497 1519 2557; x_wconf 89' lang='lat' dir='ltr'><strong>auribus</strong></span> <span class='ocrx_word' id='word_1_178' title='bbox 1577 2497 1816 2557; x_wconf 73' lang='lat' dir='ltr'><strong>similes</strong></span> <span class='ocrx_word' id='word_1_179' title='bbox 1892 2499 2256 2557; x_wconf 88' lang='lat' dir='ltr'><strong>accusativos</strong></span> <span class='ocrx_word' id='word_1_180' title='bbox 2313 2507 2510 2557; x_wconf 89' lang='lat' dir='ltr'><strong>autem</strong></span> <span class='ocrx_word' id='word_1_181' title='bbox 2558 2499 2763 2558; x_wconf 82' lang='lat' dir='ltr'><strong>iubam</strong></span> <span class='ocrx_word' id='word_1_182' title='bbox 2810 2505 2870 2558; x_wconf 88' lang='lat' dir='ltr'><strong>et</strong></span> 
     </span>
     <span class='ocr_line' id='line_1_21' title="bbox 586 2604 2865 2688; baseline -0.002 -18"><span class='ocrx_word' id='word_1_183' title='bbox 586 2612 850 2670; x_wconf 80' lang='lat' dir='ltr'><strong>caudam</strong></span> <span class='ocrx_word' id='word_1_184' title='bbox 899 2626 1018 2667; x_wconf 90' lang='lat' dir='ltr'><strong>non</strong></span> <span class='ocrx_word' id='word_1_185' title='bbox 1067 2617 1211 2686; x_wconf 91' lang='lat' dir='ltr'><strong>puto</strong></span> <span class='ocrx_word' id='word_1_186' title='bbox 1262 2609 1339 2666; x_wconf 85' lang='lat' dir='ltr'><strong>ita</strong></span> <span class='ocrx_word' id='word_1_187' title='bbox 1390 2605 1629 2667; x_wconf 86' lang='lat' dir='ltr'><strong>defendi</strong></span> <span class='ocrx_word' id='word_1_188' title='bbox 1676 2623 1869 2687; x_wconf 85' lang='lat' dir='ltr'><strong>posse,</strong></span> <span class='ocrx_word' id='word_1_189' title='bbox 1915 2614 1982 2666; x_wconf 91' lang='lat' dir='ltr'><strong>ut</strong></span> <span class='ocrx_word' id='word_1_190' title='bbox 2028 2604 2291 2665; x_wconf 88' lang='lat' dir='ltr'><strong>Gesnero</strong></span> <span class='ocrx_word' id='word_1_191' title='bbox 2333 2608 2522 2666; x_wconf 89' lang='lat' dir='ltr'><strong>visum</strong></span> <span class='ocrx_word' id='word_1_192' title='bbox 2560 2616 2670 2688; x_wconf 83' lang='lat' dir='ltr'><strong>est,</strong></span> <span class='ocrx_word' id='word_1_193' title='bbox 2708 2605 2865 2686; x_wconf 92' lang='lat' dir='ltr'><strong>quod</strong></span> 
     </span>
     <span class='ocr_line' id='line_1_22' title="bbox 584 2712 2865 2792; baseline -0.002 -16"><span class='ocrx_word' id='word_1_194' title='bbox 584 2719 646 2776; x_wconf 93' lang='lat' dir='ltr'><strong>in</strong></span> <span class='ocrx_word' id='word_1_195' title='bbox 685 2712 1188 2792; x_wconf 89' lang='lat' dir='ltr'><strong>descriptionibus</strong></span> <span class='ocrx_word' id='word_1_196' title='bbox 1228 2715 1440 2773; x_wconf 89' lang='lat' dir='ltr'><strong>variari</strong></span> <span class='ocrx_word' id='word_1_197' title='bbox 1478 2732 1652 2774; x_wconf 89' lang='lat' dir='ltr'><strong>casus</strong></span> <span class='ocrx_word' id='word_1_198' title='bbox 1692 2712 2097 2773; x_wconf 88' lang='lat' dir='ltr'><strong>membrorum</strong></span> <span class='ocrx_word' id='word_1_199' title='bbox 2127 2712 2368 2780; x_wconf 90' lang='lat' dir='ltr'><strong>soleant.</strong></span> <span class='ocrx_word' id='word_1_200' title='bbox 2427 2715 2599 2773; x_wconf 90' lang='lat' dir='ltr'><strong>cuius</strong></span> <span class='ocrx_word' id='word_1_201' title='bbox 2626 2715 2865 2791; x_wconf 86' lang='lat' dir='ltr'><strong>generis</strong></span> 
     </span>
     <span class='ocr_line' id='line_1_23' title="bbox 588 2819 2864 2901; baseline -0.001 -20"><span class='ocrx_word' id='word_1_202' title='bbox 588 2822 768 2883; x_wconf 91' lang='lat' dir='ltr'><strong>multa</strong></span> <span class='ocrx_word' id='word_1_203' title='bbox 817 2821 1079 2898; x_wconf 87' lang='lat' dir='ltr'><strong>exempla</strong></span> <span class='ocrx_word' id='word_1_204' title='bbox 1129 2829 1294 2901; x_wconf 83' lang='lat' dir='ltr'><strong>sunt3</strong></span> <span class='ocrx_word' id='word_1_205' title='bbox 1342 2819 1444 2880; x_wconf 92' lang='lat' dir='ltr'><strong>sed</strong></span> <span class='ocrx_word' id='word_1_206' title='bbox 1492 2822 1553 2880; x_wconf 90' lang='lat' dir='ltr'><strong>in</strong></span> <span class='ocrx_word' id='word_1_207' title='bbox 1601 2819 1970 2898; x_wconf 84' lang='lat' dir='ltr'><strong>longioribus</strong></span> <span class='ocrx_word' id='word_1_208' title='bbox 2028 2819 2529 2899; x_wconf 87' lang='lat' dir='ltr'><strong>descriptionibus</strong></span> <span class='ocrx_word' id='word_1_209' title='bbox 2577 2819 2689 2880; x_wconf 89' lang='lat' dir='ltr'><strong>boc</strong></span> <span class='ocrx_word' id='word_1_210' title='bbox 2739 2821 2864 2880; x_wconf 86' lang='lat' dir='ltr'><strong>fieri</strong></span> 
     </span>
     <span class='ocr_line' id='line_1_24' title="bbox 589 2900 2863 3007; baseline -0.001 -18"><span class='ocrx_word' id='word_1_211' title='bbox 589 2929 738 2990; x_wconf 91' lang='lat' dir='ltr'><strong>solet</strong></span> <span class='ocrx_word' id='word_1_212' title='bbox 788 2928 1155 3007; x_wconf 83' lang='lat' dir='ltr'><strong>neglegentia</strong></span> <span class='ocrx_word' id='word_1_213' title='bbox 1212 2927 1460 3006; x_wconf 92' lang='lat' dir='ltr'><strong>quadam</strong></span> <span class='ocrx_word' id='word_1_214' title='bbox 1509 2926 1743 2987; x_wconf 90' lang='lat' dir='ltr'><strong>dicendi</strong></span> <span class='ocrx_word' id='word_1_215' title='bbox 1756 2955 1795 3005; x_wconf 87' lang='lat'><strong>,·</strong></span> <span class='ocrx_word' id='word_1_216' title='bbox 1832 2945 1982 3006; x_wconf 86' lang='lat' dir='ltr'><strong>quae</strong></span> <span class='ocrx_word' id='word_1_217' title='bbox 2039 2925 2111 2986; x_wconf 89' lang='lat' dir='ltr'><strong>ab</strong></span> <span class='ocrx_word' id='word_1_218' title='bbox 2168 2925 2280 2987; x_wconf 89' lang='lat' dir='ltr'><strong>boc</strong></span> <span class='ocrx_word' id='word_1_219' title='bbox 2337 2927 2465 2988; x_wconf 88' lang='lat' dir='ltr'><strong>loco</strong></span> <span class='ocrx_word' id='word_1_220' title='bbox 2524 2900 2711 2987; x_wconf 79' lang='lat' dir='ltr'><strong>aliena</strong></span> <span class='ocrx_word' id='word_1_221' title='bbox 2758 2935 2863 2987; x_wconf 90' lang='lat' dir='ltr'><strong>est.</strong></span> 
     </span>
     <span class='ocr_line' id='line_1_25' title="bbox 588 3036 2862 3116; baseline -0.002 -19"><span class='ocrx_word' id='word_1_222' title='bbox 588 3039 785 3116; x_wconf 89' lang='lat' dir='ltr'><strong>itaque</strong></span> <span class='ocrx_word' id='word_1_223' title='bbox 834 3037 1043 3113; x_wconf 87' lang='lat' dir='ltr'><strong>scripsi</strong></span> <span class='ocrx_word' id='word_1_224' title='bbox 1095 3037 1296 3095; x_wconf 83' lang='lat' dir='ltr'><strong>iubam</strong></span> <span class='ocrx_word' id='word_1_225' title='bbox 1352 3043 1412 3095; x_wconf 91' lang='lat' dir='ltr'><strong>et</strong></span> <span class='ocrx_word' id='word_1_226' title='bbox 1456 3036 1720 3095; x_wconf 83' lang='lat' dir='ltr'><strong>caudam</strong></span> <span class='ocrx_word' id='word_1_227' title='bbox 1766 3036 1950 3095; x_wconf 82' lang='lat' dir='ltr'><strong>habet</strong></span> <span class='ocrx_word' id='word_1_228' title='bbox 1992 3037 2242 3095; x_wconf 85' lang='lat' dir='ltr'><strong>similem</strong></span> <span class='ocrx_word' id='word_1_229' title='bbox 2299 3037 2472 3095; x_wconf 88' lang='lat' dir='ltr'><strong>asini.</strong></span> <span class='ocrx_word' id='word_1_230' title='bbox 2548 3052 2683 3094; x_wconf 87' lang='lat' dir='ltr'><strong>nam</strong></span> <span class='ocrx_word' id='word_1_231' title='bbox 2731 3052 2862 3112; x_wconf 90' lang='lat' dir='ltr'><strong>pro-</strong></span> 
     </span>
     <span class='ocr_line' id='line_1_26' title="bbox 588 3139 2865 3222; baseline -0.002 -18"><span class='ocrx_word' id='word_1_232' title='bbox 588 3143 839 3204; x_wconf 88' lang='lat' dir='ltr'><strong>babilius</strong></span> <span class='ocrx_word' id='word_1_233' title='bbox 900 3142 1012 3200; x_wconf 86' lang='lat' dir='ltr'><strong>hoc</strong></span> <span class='ocrx_word' id='word_1_234' title='bbox 1069 3143 1257 3202; x_wconf 89' lang='lat' dir='ltr'><strong>visum</strong></span> <span class='ocrx_word' id='word_1_235' title='bbox 1316 3148 1425 3222; x_wconf 83' lang='lat' dir='ltr'><strong>est,</strong></span> <span class='ocrx_word' id='word_1_236' title='bbox 1472 3158 1648 3219; x_wconf 90' lang='lat' dir='ltr'><strong>quam</strong></span> <span class='ocrx_word' id='word_1_237' title='bbox 1697 3140 1853 3217; x_wconf 88' lang='lat' dir='ltr'><strong>quod</strong></span> <span class='ocrx_word' id='word_1_238' title='bbox 1902 3139 2043 3199; x_wconf 89' lang='lat' dir='ltr'><strong>olim</strong></span> <span class='ocrx_word' id='word_1_239' title='bbox 2091 3141 2319 3199; x_wconf 88' lang='lat' dir='ltr'><strong>conieci</strong></span> <span class='ocrx_word' id='word_1_240' title='bbox 2367 3142 2510 3200; x_wconf 82' lang='lat' dir='ltr'><strong>iuba</strong></span> <span class='ocrx_word' id='word_1_241' title='bbox 2557 3147 2619 3200; x_wconf 91' lang='lat' dir='ltr'><strong>et</strong></span> <span class='ocrx_word' id='word_1_242' title='bbox 2662 3144 2865 3201; x_wconf 83' lang='lat' dir='ltr'><strong>cauda</strong></span> 
     </span>
     <span class='ocr_line' id='line_1_27' title="bbox 587 3245 2864 3326; baseline -0.002 -15"><span class='ocrx_word' id='word_1_243' title='bbox 587 3253 797 3311; x_wconf 89' lang='lat' dir='ltr'><strong>similis</strong></span> <span class='ocrx_word' id='word_1_244' title='bbox 843 3255 931 3309; x_wconf 94' lang='lat' dir='ltr'><strong>est</strong></span> <span class='ocrx_word' id='word_1_245' title='bbox 978 3251 1153 3309; x_wconf 86' lang='lat' dir='ltr'><strong>asini.</strong></span> <span class='ocrx_word' id='word_1_246' title='bbox 1229 3245 1440 3306; x_wconf 89' lang='lat' dir='ltr'><strong>deinde</strong></span> <span class='ocrx_word' id='word_1_247' title='bbox 1488 3249 1754 3307; x_wconf 84' lang='lat' dir='ltr'><strong>educant</strong></span> <span class='ocrx_word' id='word_1_248' title='bbox 1809 3246 2031 3307; x_wconf 88' lang='lat' dir='ltr'><strong>habent</strong></span> <span class='ocrx_word' id='word_1_249' title='bbox 2082 3248 2277 3306; x_wconf 88' lang='lat' dir='ltr'><strong>omnia</strong></span> <span class='ocrx_word' id='word_1_250' title='bbox 2335 3246 2695 3326; x_wconf 83' lang='lat' dir='ltr'><strong>apographa,</strong></span> <span class='ocrx_word' id='word_1_251' title='bbox 2750 3266 2864 3306; x_wconf 90' lang='lat' dir='ltr'><strong>non</strong></span> 
     </span>
     <span class='ocr_line' id='line_1_28' title="bbox 591 3352 2681 3434; baseline -0.002 -16"><span class='ocrx_word' id='word_1_252' title='bbox 591 3360 874 3431; x_wconf 80' lang='lat' dir='ltr'><strong>educunt,</strong></span> <span class='ocrx_word' id='word_1_253' title='bbox 922 3355 1079 3434; x_wconf 88' lang='lat' dir='ltr'><strong>quod</strong></span> <span class='ocrx_word' id='word_1_254' title='bbox 1126 3357 1188 3414; x_wconf 91' lang='lat' dir='ltr'><strong>in</strong></span> <span class='ocrx_word' id='word_1_255' title='bbox 1234 3355 1504 3433; x_wconf 91' lang='lat' dir='ltr'><strong>principe</strong></span> <span class='ocrx_word' id='word_1_256' title='bbox 1552 3353 1811 3414; x_wconf 87' lang='lat' dir='ltr'><strong>editione</strong></span> <span class='ocrx_word' id='word_1_257' title='bbox 1865 3352 2191 3415; x_wconf 89' lang='lat' dir='ltr'><strong>Politianus</strong></span> <span class='ocrx_word' id='word_1_258' title='bbox 2239 3373 2357 3414; x_wconf 89' lang='lat' dir='ltr'><strong>non</strong></span> <span class='ocrx_word' id='word_1_259' title='bbox 2405 3356 2681 3414; x_wconf 85' lang='lat' dir='ltr'><strong>correxit.</strong></span> 
     </span>
    </p>

    <p class='ocr_par' dir='ltr' id='par_1_6' title="bbox 593 3459 2868 4077">
     <span class='ocr_line' id='line_1_29' title="bbox 767 3459 2863 3541; baseline -0.001 -19"><span class='ocrx_word' id='word_1_260' title='bbox 767 3468 845 3522; x_wconf 92' lang='lat' dir='ltr'><strong>IX</strong></span> <span class='ocrx_word' id='word_1_261' title='bbox 896 3460 928 3523; x_wconf 91' lang='lat'>1</span> <span class='ocrx_word' id='word_1_262' title='bbox 1007 3460 1473 3541; x_wconf 86' lang='lat' dir='ltr'><strong>Relinquitur</strong></span> <span class='ocrx_word' id='word_1_263' title='bbox 1537 3461 1777 3538; x_wconf 88' lang='lat' dir='ltr'><strong>inquit</strong></span> <span class='ocrx_word' id='word_1_264' title='bbox 1823 3462 2091 3521; x_wconf 88' lang='lat' dir='ltr'><strong>atticus</strong></span> <span class='ocrx_word' id='word_1_265' title='bbox 2140 3460 2223 3521; x_wconf 92' lang='lat' dir='ltr'><strong>de</strong></span> <span class='ocrx_word' id='word_1_266' title='bbox 2294 3459 2863 3540; x_wconf 88' lang='lat' dir='ltr'><strong>quadripedibus</strong></span> 
     </span>
     <span class='ocr_line' id='line_1_30' title="bbox 593 3567 2862 3649; baseline -0.002 -18"><span class='ocrx_word' id='word_1_267' title='bbox 593 3569 773 3649; x_wconf 88' lang='lat' dir='ltr'><strong>quod</strong></span> <span class='ocrx_word' id='word_1_268' title='bbox 823 3569 901 3629; x_wconf 91' lang='lat' dir='ltr'><strong>ad</strong></span> <span class='ocrx_word' id='word_1_269' title='bbox 951 3586 1164 3629; x_wconf 90' lang='lat' dir='ltr'><strong>canes</strong></span> <span class='ocrx_word' id='word_1_270' title='bbox 1210 3569 1479 3628; x_wconf 89' lang='lat' dir='ltr'><strong>attinet</strong></span> <span class='ocrx_word' id='word_1_271' title='bbox 1525 3568 1820 3627; x_wconf 85' lang='lat' dir='ltr'><strong>maxime</strong></span> <span class='ocrx_word' id='word_1_272' title='bbox 1877 3567 1954 3627; x_wconf 90' lang='lat' dir='ltr'><strong>ad</strong></span> <span class='ocrx_word' id='word_1_273' title='bbox 2007 3585 2130 3627; x_wconf 91' lang='lat' dir='ltr'><strong>nos</strong></span> <span class='ocrx_word' id='word_1_274' title='bbox 2188 3568 2309 3647; x_wconf 90' lang='lat' dir='ltr'><strong>qui</strong></span> <span class='ocrx_word' id='word_1_275' title='bbox 2364 3586 2586 3647; x_wconf 90' lang='lat' dir='ltr'><strong>pecus</strong></span> <span class='ocrx_word' id='word_1_276' title='bbox 2637 3569 2862 3646; x_wconf 89' lang='lat' dir='ltr'><strong>pasci-</strong></span> 
     </span>
     <span class='ocr_line' id='line_1_31' title="bbox 595 3674 2863 3756; baseline -0.001 -19"><span class='ocrx_word' id='word_1_277' title='bbox 595 3696 743 3738; x_wconf 86' lang='lat' dir='ltr'><strong>mus</strong></span> <span class='ocrx_word' id='word_1_278' title='bbox 797 3676 1075 3753; x_wconf 88' lang='lat' dir='ltr'><strong>lanare]</strong></span> <span class='ocrx_word' id='word_1_279' title='bbox 1156 3677 1329 3748; x_wconf 78' lang='lat' dir='ltr'><strong>Quod</strong></span> <span class='ocrx_word' id='word_1_280' title='bbox 1389 3677 1475 3736; x_wconf 85' lang='lat' dir='ltr'><strong>ad</strong></span> <span class='ocrx_word' id='word_1_281' title='bbox 1526 3693 1729 3736; x_wconf 87' lang='lat' dir='ltr'><strong>omnes</strong></span> <span class='ocrx_word' id='word_1_282' title='bbox 1784 3678 2000 3735; x_wconf 82' lang='lat' dir='ltr'><strong>attinet</strong></span> <span class='ocrx_word' id='word_1_283' title='bbox 2060 3676 2311 3734; x_wconf 87' lang='lat' dir='ltr'><strong>coniecit</strong></span> <span class='ocrx_word' id='word_1_284' title='bbox 2365 3674 2651 3756; x_wconf 80' lang='lat' dir='ltr'><strong>Ursinus3</strong></span> <span class='ocrx_word' id='word_1_285' title='bbox 2715 3674 2863 3734; x_wconf 90' lang='lat' dir='ltr'><strong>idem</strong></span> 
     </span>
     <span class='ocr_line' id='line_1_32' title="bbox 594 3781 2862 3864; baseline -0.001 -19"><span class='ocrx_word' id='word_1_286' title='bbox 594 3794 789 3846; x_wconf 85' lang='lat' dir='ltr'><strong>tamen</strong></span> <span class='ocrx_word' id='word_1_287' title='bbox 838 3802 1014 3864; x_wconf 87' lang='lat' dir='ltr'><strong>prava</strong></span> <span class='ocrx_word' id='word_1_288' title='bbox 1061 3782 1296 3843; x_wconf 86' lang='lat' dir='ltr'><strong>licentia</strong></span> <span class='ocrx_word' id='word_1_289' title='bbox 1345 3800 1509 3863; x_wconf 77' lang='lat' dir='ltr'><strong>usuS,</strong></span> <span class='ocrx_word' id='word_1_290' title='bbox 1557 3790 1624 3843; x_wconf 89' lang='lat' dir='ltr'><strong>ut</strong></span> <span class='ocrx_word' id='word_1_291' title='bbox 1670 3781 1839 3862; x_wconf 84' lang='lat' dir='ltr'><strong>solet,</strong></span> <span class='ocrx_word' id='word_1_292' title='bbox 1885 3784 1964 3842; x_wconf 86' lang='lat' dir='ltr'><strong>ita</strong></span> <span class='ocrx_word' id='word_1_293' title='bbox 2013 3781 2128 3859; x_wconf 88' lang='lat' dir='ltr'><strong>legi</strong></span> <span class='ocrx_word' id='word_1_294' title='bbox 2175 3799 2349 3860; x_wconf 88' lang='lat' dir='ltr'><strong>posse</strong></span> <span class='ocrx_word' id='word_1_295' title='bbox 2399 3782 2722 3863; x_wconf 84' lang='lat' dir='ltr'><strong>adnotavit,</strong></span> <span class='ocrx_word' id='word_1_296' title='bbox 2774 3800 2862 3842; x_wconf 90' lang='lat' dir='ltr'><strong>re-</strong></span> 
     </span>
     <span class='ocr_line' id='line_1_33' title="bbox 594 3891 2868 3967; baseline -0.002 -14"><span class='ocrx_word' id='word_1_297' title='bbox 594 3896 907 3967; x_wconf 82' lang='lat' dir='ltr'><strong>linquitur,</strong></span> <span class='ocrx_word' id='word_1_298' title='bbox 947 3894 1140 3965; x_wconf 86' lang='lat' dir='ltr'><strong>inquit</strong></span> <span class='ocrx_word' id='word_1_299' title='bbox 1170 3892 1422 3964; x_wconf 83' lang='lat' dir='ltr'><strong>Atticus,</strong></span> <span class='ocrx_word' id='word_1_300' title='bbox 1462 3893 1537 3951; x_wconf 85' lang='lat' dir='ltr'><strong>de</strong></span> <span class='ocrx_word' id='word_1_301' title='bbox 1572 3891 1847 3963; x_wconf 78' lang='lat' dir='ltr'><strong>canibus,</strong></span> <span class='ocrx_word' id='word_1_302' title='bbox 1884 3891 2048 3964; x_wconf 85' lang='lat' dir='ltr'><strong>quod</strong></span> <span class='ocrx_word' id='word_1_303' title='bbox 2081 3892 2297 3949; x_wconf 83' lang='lat' dir='ltr'><strong>attinet</strong></span> <span class='ocrx_word' id='word_1_304' title='bbox 2329 3892 2592 3949; x_wconf 75' lang='lat' dir='ltr'><strong>maxime</strong></span> <span class='ocrx_word' id='word_1_305' title='bbox 2632 3892 2720 3949; x_wconf 86' lang='lat' dir='ltr'><strong>ad</strong></span> <span class='ocrx_word' id='word_1_306' title='bbox 2751 3906 2868 3949; x_wconf 86' lang='lat' dir='ltr'><strong>nos.</strong></span> 
     </span>
     <span class='ocr_line' id='line_1_34' title="bbox 594 3980 2865 4077; baseline -0.002 -18"><span class='ocrx_word' id='word_1_307' title='bbox 594 3999 804 4059; x_wconf 92' lang='lat' dir='ltr'><strong>lacuna</strong></span> <span class='ocrx_word' id='word_1_308' title='bbox 849 3980 1048 4077; x_wconf 88' lang='lat' dir='ltr'><strong>potius</strong></span> <span class='ocrx_word' id='word_1_309' title='bbox 1107 4006 1383 4075; x_wconf 85' lang='lat' dir='ltr'><strong>corrupta</strong></span> <span class='ocrx_word' id='word_1_310' title='bbox 1442 4015 1573 4056; x_wconf 91' lang='lat' dir='ltr'><strong>esse</strong></span> <span class='ocrx_word' id='word_1_311' title='bbox 1630 3995 1905 4056; x_wconf 87' lang='lat' dir='ltr'><strong>videntur</strong></span> <span class='ocrx_word' id='word_1_312' title='bbox 1961 4013 2111 4074; x_wconf 90' lang='lat' dir='ltr'><strong>quae</strong></span> <span class='ocrx_word' id='word_1_313' title='bbox 2168 3997 2230 4054; x_wconf 90' lang='lat' dir='ltr'><strong>in</strong></span> <span class='ocrx_word' id='word_1_314' title='bbox 2277 3995 2595 4074; x_wconf 81' lang='lat' dir='ltr'><strong>archetypo</strong></span> <span class='ocrx_word' id='word_1_315' title='bbox 2655 3997 2865 4073; x_wconf 87' lang='lat' dir='ltr'><strong>scripta</strong></span> 
     </span>
    </p>
   </div>
   <div class='ocr_carea' id='block_1_3' title="bbox 486 4101 2868 4181">
    <p class='ocr_par' dir='ltr' id='par_1_7' title="bbox 486 4101 2868 4181">
     <span class='ocr_line' id='line_1_35' title="bbox 486 4101 2868 4181; baseline -0.001 -16"><span class='ocrx_word' id='word_1_316' title='bbox 486 4102 492 4108; x_wconf 81' lang='grc'><em>’</em></span> <span class='ocrx_word' id='word_1_317' title='bbox 595 4112 779 4166; x_wconf 89' lang='lat' dir='ltr'><strong>erant.</strong></span> <span class='ocrx_word' id='word_1_318' title='bbox 872 4122 1001 4163; x_wconf 90' lang='lat' dir='ltr'><strong>eam</strong></span> <span class='ocrx_word' id='word_1_319' title='bbox 1055 4105 1140 4163; x_wconf 84' lang='lat' dir='ltr'><strong>in·</strong></span> <span class='ocrx_word' id='word_1_320' title='bbox 1174 4102 1333 4162; x_wconf 91' lang='lat' dir='ltr'><strong>hunc</strong></span> <span class='ocrx_word' id='word_1_321' title='bbox 1392 4101 1630 4162; x_wconf 89' lang='lat' dir='ltr'><strong>modum</strong></span> <span class='ocrx_word' id='word_1_322' title='bbox 1686 4101 1979 4181; x_wconf 88' lang='lat' dir='ltr'><strong>supplevi,</strong></span> <span class='ocrx_word' id='word_1_323' title='bbox 2036 4103 2200 4176; x_wconf 85' lang='lat' dir='ltr'><strong>quod</strong></span> <span class='ocrx_word' id='word_1_324' title='bbox 2260 4103 2347 4160; x_wconf 85' lang='lat' dir='ltr'><strong>ad</strong></span> <span class='ocrx_word' id='word_1_325' title='bbox 2401 4120 2590 4162; x_wconf 81' lang='lat' dir='ltr'><strong>canes</strong></span> <span class='ocrx_word' id='word_1_326' title='bbox 2646 4107 2868 4177; x_wconf 87' lang='lat' dir='ltr'><strong>attinet,</strong></span> 
     </span>
    </p>
   </div>
   <div class='ocr_carea' id='block_1_4' title="bbox 594 4208 2875 4610">
    <p class='ocr_par' dir='ltr' id='par_1_8' title="bbox 594 4208 2875 4610">
     <span class='ocr_line' id='line_1_36' title="bbox 594 4208 2868 4289; baseline -0.002 -17"><span class='ocrx_word' id='word_1_327' title='bbox 594 4215 759 4287; x_wconf 84' lang='lat' dir='ltr'><strong>quod</strong></span> <span class='ocrx_word' id='word_1_328' title='bbox 800 4214 1070 4288; x_wconf 78' lang='lat' dir='ltr'><strong>pertinet</strong></span> <span class='ocrx_word' id='word_1_329' title='bbox 1123 4213 1388 4270; x_wconf 80' lang='lat' dir='ltr'><strong>maxime</strong></span> <span class='ocrx_word' id='word_1_330' title='bbox 1442 4212 1528 4269; x_wconf 85' lang='lat' dir='ltr'><strong>ad</strong></span> <span class='ocrx_word' id='word_1_331' title='bbox 1577 4226 1703 4269; x_wconf 86' lang='lat' dir='ltr'><strong>nos.</strong></span> <span class='ocrx_word' id='word_1_332' title='bbox 1796 4227 1868 4268; x_wconf 85' lang='lat' dir='ltr'><strong>ex</strong></span> <span class='ocrx_word' id='word_1_333' title='bbox 1923 4209 1996 4268; x_wconf 92' lang='lat' dir='ltr'><strong>iis</strong></span> <span class='ocrx_word' id='word_1_334' title='bbox 2062 4227 2212 4287; x_wconf 92' lang='lat' dir='ltr'><strong>quae</strong></span> <span class='ocrx_word' id='word_1_335' title='bbox 2278 4208 2350 4268; x_wconf 92' lang='lat' dir='ltr'><strong>de</strong></span> <span class='ocrx_word' id='word_1_336' title='bbox 2409 4208 2868 4289; x_wconf 84' lang='lat' dir='ltr'><strong>quadripedibus</strong></span> 
     </span>
     <span class='ocr_line' id='line_1_37' title="bbox 596 4310 2870 4397; baseline -0.001 -20"><span class='ocrx_word' id='word_1_337' title='bbox 596 4316 1010 4397; x_wconf 80' lang='lat' dir='ltr'><strong>praecipienda</strong></span> <span class='ocrx_word' id='word_1_338' title='bbox 1057 4326 1198 4378; x_wconf 89' lang='lat' dir='ltr'><strong>sunt</strong></span> <span class='ocrx_word' id='word_1_339' title='bbox 1245 4310 1407 4397; x_wconf 90' lang='lat' dir='ltr'><strong>(nam</strong></span> <span class='ocrx_word' id='word_1_340' title='bbox 1458 4316 1529 4375; x_wconf 92' lang='lat' dir='ltr'><strong>de</strong></span> <span class='ocrx_word' id='word_1_341' title='bbox 1577 4314 1918 4394; x_wconf 84' lang='lat' dir='ltr'><strong>pastoribus</strong></span> <span class='ocrx_word' id='word_1_342' title='bbox 1969 4325 2175 4394; x_wconf 88' lang='lat' dir='ltr'><strong>postea</strong></span> <span class='ocrx_word' id='word_1_343' title='bbox 2221 4310 2469 4397; x_wconf 90' lang='lat' dir='ltr'><strong>dicitur)</strong></span> <span class='ocrx_word' id='word_1_344' title='bbox 2518 4316 2870 4395; x_wconf 89' lang='lat' dir='ltr'><strong>relinquitur</strong></span> 
     </span>
     <span class='ocr_line' id='line_1_38' title="bbox 600 4422 2875 4504; baseline -0.002 -19"><span class='ocrx_word' id='word_1_345' title='bbox 600 4443 667 4485; x_wconf 89' lang='lat' dir='ltr'><strong>ea</strong></span> <span class='ocrx_word' id='word_1_346' title='bbox 714 4443 871 4504; x_wconf 70' lang='lat' dir='ltr'><strong>pam,</strong></span> <span class='ocrx_word' id='word_1_347' title='bbox 919 4442 1069 4504; x_wconf 90' lang='lat' dir='ltr'><strong>quae</strong></span> <span class='ocrx_word' id='word_1_348' title='bbox 1119 4432 1211 4484; x_wconf 90' lang='lat' dir='ltr'><strong>est</strong></span> <span class='ocrx_word' id='word_1_349' title='bbox 1257 4423 1330 4483; x_wconf 89' lang='lat' dir='ltr'><strong>de</strong></span> <span class='ocrx_word' id='word_1_350' title='bbox 1379 4422 1641 4503; x_wconf 81' lang='lat' dir='ltr'><strong>canibuS,</strong></span> <span class='ocrx_word' id='word_1_351' title='bbox 1689 4441 1839 4502; x_wconf 92' lang='lat' dir='ltr'><strong>quae</strong></span> <span class='ocrx_word' id='word_1_352' title='bbox 1878 4422 2198 4502; x_wconf 88' lang='lat' dir='ltr'><strong>disputatio</strong></span> <span class='ocrx_word' id='word_1_353' title='bbox 2237 4424 2485 4484; x_wconf 87' lang='lat' dir='ltr'><strong>maxime</strong></span> <span class='ocrx_word' id='word_1_354' title='bbox 2525 4422 2598 4483; x_wconf 92' lang='lat' dir='ltr'><strong>ad</strong></span> <span class='ocrx_word' id='word_1_355' title='bbox 2637 4441 2741 4484; x_wconf 90' lang='lat' dir='ltr'><strong>eos</strong></span> <span class='ocrx_word' id='word_1_356' title='bbox 2777 4424 2875 4502; x_wconf 89' lang='lat' dir='ltr'><strong>qui</strong></span> 
     </span>
     <span class='ocr_line' id='line_1_39' title="bbox 596 4531 1644 4610; baseline -0.002 -18"><span class='ocrx_word' id='word_1_357' title='bbox 596 4550 782 4610; x_wconf 89' lang='lat' dir='ltr'><strong>pecus</strong></span> <span class='ocrx_word' id='word_1_358' title='bbox 829 4531 1027 4591; x_wconf 88' lang='lat' dir='ltr'><strong>lauare</strong></span> <span class='ocrx_word' id='word_1_359' title='bbox 1072 4539 1323 4610; x_wconf 87' lang='lat' dir='ltr'><strong>pascunt</strong></span> <span class='ocrx_word' id='word_1_360' title='bbox 1367 4531 1644 4610; x_wconf 88' lang='lat' dir='ltr'><strong>pertinet.</strong></span> 
     </span>
    </p>
   </div>
  </div>
 </body>
</html>
