3178 5185
869 405 1131 459 RERVM
1168 401 1654 460 RVSTICARVM
1689 405 1824 461 LIB.
1862 406 1943 459 III
1985 404 2063 460 16
2493 399 2622 463 283

340 568 493 620 sunt.
585 559 815 638 reliqua
853 561 937 621 sic
977 557 1290 620 scribenda
1327 567 1486 641 sunt,
1515 560 1780 636 Merula,
1827 567 1894 620 ut
1931 567 2140 622 cetera
2179 560 2347 642 fecit,
2387 563 2626 624 histori-

338 684 441 727 cos
487 685 648 742 quae
693 669 868 742 sequi
909 670 1291 741 melitturqoe
1334 671 1571 729 soleant
1614 669 2065 728 demonstrabit.

509 788 554 852 4
617 792 1005 870 Pepiancm
1050 794 1234 852 mina
1281 790 1527 871 tegna]
1577 786 2016 872 Πεποτημένὰ
2062 785 2261 853 τέκνα
2308 791 2625 853 Turnebus

337 897 565 959 adverS.
606 897 664 980 8,
703 896 770 981 8,
827 900 984 978 quod
1034 899 1336 960 Gesnerus
1383 907 1443 960 et
1491 898 1894 960 Schneiderus
1948 906 2325 979 receperunt.
2418 917 2623 960 verum

332 1003 488 1064 haud
538 1004 715 1066 dubie
764 1014 855 1067 est
892 1006 1050 1086 quod
1091 1004 1353 1086 Scaliger
1399 1005 1644 1067 dederat
1687 1001 2154 1087 πεπλανημένα
2197 1000 2412 1066 τέκνα.
2489 1012 2644 1084 post⁴

334 1110 586 1195 alterum
626 1112 896 1174 Archelai
931 1132 1171 1174 versum
1211 1112 1513 1174 Iucundus
1555 1112 1858 1175 addiderat
1895 1132 2135 1175 versum
2164 1111 2446 1173 Nicandri
2474 1110 2624 1173 ther.

337 1217 461 1280 741
513 1214 702 1280 ἵπποι
750 1213 873 1300 μὲν
919 1216 1195 1300 σφηκῶν
1253 1215 1542 1300 γένεσις,
1599 1215 1836 1301 μόσχοι
1894 1213 1968 1282 δὲ
2024 1220 2389 1301 μελισσῶν,
2448 1237 2623 1297 quem

255 1306 262 1310 ⁴
340 1344 577 1386 versum
606 1330 842 1406 saepius
872 1329 1206 1388 citaverunt
1234 1330 1618 1410 grammatici,
1648 1346 1798 1407 quos
1827 1326 1893 1389 Ο.
1926 1326 2329 1388 Schneiderus
2349 1325 2628 1386 Nicandr.

333 1452 388 1512 p.
426 1430 553 1494 146
609 1433 905 1495 indicavit.
979 1433 1139 1494 hunc
1187 1433 1486 1495 Victorius
1533 1435 1802 1495 removit.
1877 1435 2091 1495 deinde
2136 1451 2468 1514 pronomen
2516 1451 2627 1494 eae

337 1539 570 1601 inclusi.
678 1584 686 1592 -

515 1664 716 1735 Quod
772 1668 833 1725 si
887 1667 958 1727 in
1006 1665 1138 1727 hoc
1187 1667 1467 1727 faciunt
1522 1668 1739 1727 etiam
1796 1665 2081 1746 graguli
2138 1673 2204 1726 at
2258 1683 2396 1725 non
2442 1665 2631 1725 idem

338 1772 527 1851 quod
575 1771 691 1833 hic
739 1774 1052 1834 societas
1100 1776 1343 1853 operis
1389 1782 1460 1834 et
1505 1774 2014 1835 aedificiorum
2063 1772 2250 1852 quod
2298 1772 2451 1832 illic
2492 1791 2630 1832 non

336 1877 482 1956 est]
533 1881 765 1952 Quodsi
798 1882 914 1941 hoc
946 1879 1195 1956 faciunt
1231 1881 1387 1941 edita
1426 1879 1563 1941 inde
1605 1879 1676 1939 31)
1706 1879 1913 1939 Aldina
1955 1879 2214 1940 editione
2254 1879 2629 1958 exemplaria.

337 1988 577 2067 restitui
622 1989 1148 2066 praepositionem,
1211 2006 1386 2067 quam
1444 1987 1583 2047 olim
1632 1985 2019 2065 incluseram‚
2074 1989 2239 2061 quod
2289 1990 2346 2046 si
2402 1989 2463 2046 in
2517 1988 2634 2046 hoc

331 2092 593 2169 faciunt.
688 2095 738 2153 si
784 2094 844 2153 id
892 2097 954 2154 in
1000 2094 1109 2154 hac
1156 2113 1221 2154 re
1270 2096 1448 2155 etiam
1494 2093 1726 2174 graguli
1772 2094 2023 2174 faciunt,
2070 2101 2137 2153 ut
2182 2091 2455 2152 homines
2501 2093 2629 2152 imi-

340 2207 560 2276 tentur,
610 2218 747 2261 cum
792 2218 912 2260 non
961 2203 1082 2261 sint
1127 2201 1387 2262 solitaria
1436 2209 1675 2282 natura,
1722 2209 1782 2261 at
1831 2219 1948 2260 non
1995 2198 2152 2260 idem
2205 2201 2445 2280 faciunt,
2491 2217 2627 2278 pro·
2701 2214 2705 2218 ’

333 2316 540 2386 pterea
589 2307 745 2386 quod
795 2307 909 2382 hic,
955 2308 1015 2367 id
1064 2317 1156 2369 est
1193 2308 1347 2387 apud
1388 2306 1546 2388 apes,
1595 2310 1848 2368 societas
1887 2309 2084 2386 operis
2124 2314 2184 2367 et
2223 2305 2630 2366 aedificiorum

338 2427 446 2496 est,
493 2414 552 2475 id
604 2414 759 2494 quod
810 2412 928 2473 illic
975 2415 1128 2493 apud
1178 2415 1453 2494 gragulos
1502 2433 1622 2475 non
1671 2423 1777 2475 est.

515 2543 557 2609 5
622 2547 785 2608 Tria
834 2550 1015 2608 enim
1064 2548 1313 2610 harum
1369 2548 1575 2610 cibus
1633 2548 1878 2610 domus
1927 2565 2107 2628 opus
2163 2566 2394 2628 neque
2443 2545 2630 2607 idem

336 2654 519 2735 quod
571 2654 776 2715 cibus
824 2674 986 2716 cera
1035 2675 1165 2717 nec
1214 2657 1400 2736 quod
1449 2676 1524 2717 ea
1573 2656 1708 2717 mel
1755 2675 1884 2716 nec
1932 2655 2117 2734 quod
2168 2653 2454 2731 domus]
2505 2656 2630 2716 Nec

338 2765 504 2838 quod
548 2781 622 2823 ea
670 2766 789 2823 mel
831 2781 945 2823 nec
992 2766 1157 2838 quod
1199 2767 1317 2824 mel
1360 2767 1568 2824 domus
1615 2763 1770 2823 edita
1817 2763 1954 2823 inde
2003 2762 2074 2823 31)
2119 2762 2323 2822 Aldina
2373 2761 2629 2822 editione

339 2867 714 2947 exemplaria.
807 2888 918 2930 nec
967 2863 1141 2945 'quod
1186 2873 1254 2931 id
1306 2873 1515 2931 domus
1563 2870 1834 2931 Ursinus.
1925 2872 2038 2930 tria
2095 2887 2244 2947 quae
2303 2871 2361 2928 in
2420 2867 2629 2947 apibus

339 2975 674 3056 laudantur,
722 2974 918 3051 cibuS‚
976 2976 1215 3058 domuS,
1271 2995 1450 3057 opUS,
1508 2975 1578 3036 ad
1642 2978 1761 3060 tria·
1811 2975 1906 3036 illa
1963 2994 2113 3055 quae
2171 2974 2242 3035 31)
2290 2973 2628 3034 hominibus

339 3083 597 3164 discunt,
655 3101 806 3162 opus
853 3083 1076 3165 facere,
1122 3082 1459 3164 aedificare,
1509 3081 1727 3143 cibaria
1786 3082 2068 3162 condere,
2129 3083 2451 3160 pertinent.
2526 3099 2629 3140 eae

338 3208 436 3249 res
485 3198 684 3248 autem
730 3207 850 3249 non
900 3190 1137 3250 eaedem
1186 3197 1344 3269 sunt,
1396 3190 1501 3249 sed
1551 3197 1760 3249 natura
1809 3208 1914 3249 sua
1953 3188 2247 3249 diversae:
2294 3206 2430 3248 nam
2472 3187 2628 3247 aliud

339 3304 431 3355 est
479 3294 677 3355 cibum
725 3314 954 3377 parare,
1003 3295 1158 3356 aliud
1201 3314 1367 3374 opuS,
1415 3295 1529 3355 hoc
1568 3304 1661 3356 est
1700 3295 1814 3355 mel
1854 3305 1913 3355 et
1950 3313 2167 3376 ceram,
2214 3294 2428 3374 facere,
2472 3291 2628 3354 aliud

337 3401 580 3462 domum
637 3402 965 3463 aedificare.
1058 3402 1128 3462 ad
1186 3402 1339 3462 hanc
1405 3405 1760 3462 sententiam
1792 3405 1876 3466 rin
1932 3401 2092 3461 hunc
2155 3400 2396 3462 modum
2452 3399 2630 3460 verba

340 3510 720 3587 conformavi,
759 3527 953 3584 neque
990 3512 1148 3570 idem
1185 3512 1351 3585 quod
1385 3528 1533 3570 cera
1571 3511 1761 3582 cibuS,
1802 3527 1914 3570 nec
1950 3511 2114 3583 quod
2147 3511 2278 3582 mel,
2321 3528 2433 3570 nec
2471 3510 2636 3583 quod

342 3618 565 3675 domus,
658 3614 931 3676 similiter
978 3614 1017 3691 ξ
1057 3613 1145 3677 24
1201 3600 1402 3675 cibum
1467 3623 1529 3675 et
1588 3633 1786 3675 ceram
1852 3621 1913 3674 et
1977 3613 2093 3674 mel
2149 3612 2222 3674 ab
2283 3612 2493 3691 apibus
2559 3632 2629 3673 ex

340 3721 591 3781 diversis
638 3720 819 3782 rebus
867 3724 992 3801 peti
1040 3723 1374 3801 exponitur.
2418 3711 2423 3717 ⁸

522 3853 562 3916 6
629 3853 824 3924 Quod
884 3862 1233 3915 secuntur
1288 3857 1518 3915 omnia
1570 3852 1787 3933 pura]
1846 3852 2046 3913 Delevi
2104 3856 2280 3928 quod.
2373 3871 2508 3912 nam
2556 3851 2628 3912 ab

343 3961 673 4023 editoribus
711 3960 855 4022 haec
894 3964 1094 4046 inepte
1133 3980 1268 4022 cum
1308 3960 1736 4040 superioribuS,
1774 3962 1939 4036 quod
1971 3962 2074 4020 hic
2111 3967 2201 4020 est
2235 3967 2295 4020 et
2329 3978 2447 4019 rex
2480 3977 2625 4041 sqq.‚

348 4072 665 4130 coniuncta
712 4077 898 4130 erant.

518 4194 668 4254 Non
706 4201 780 4254 ut
826 4212 1108 4255 muscae
1155 4193 1607 4272 lingurriunt
1652 4192 1835 4272 quod
1882 4210 2082 4251 nemo
2130 4190 2259 4250 has
2314 4191 2513 4251 uidet
2553 4199 2630 4250 ut

341 4301 505 4362 illas
569 4304 638 4361 in
704 4298 954 4377 carne]
1022 4298 1131 4360 Hic
1197 4317 1433 4380 quoque
1490 4318 1669 4378 prave
1736 4300 1929 4377 posita
1986 4299 2405 4358 coniunctione
2470 4300 2635 4372 quod

347 4426 539 4468 veram
590 4406 909 4467 verborum
964 4409 1317 4467 sententiam
1364 4409 1627 4485 perverti
1681 4413 1940 4484 apparet.
2032 4407 2231 4484 itaque
2287 4422 2404 4478 quo
2460 4421 2629 4464 nemo

344 4516 455 4575 has
489 4517 673 4577 'videt
728 4515 957 4592 scripsi.
1050 4531 1190 4593 apes
1246 4531 1384 4574 eum
1440 4515 1543 4593 qui
1592 4521 1809 4574 unctus
1864 4510 2092 4572 accedit
2145 4519 2447 4594 pungunt,
2510 4528 2629 4570 non
