3178 5185
704 402 968 456 RERVM
1006 402 1477 457 RVSTICARVM
1516 402 1650 456 LIB.
1689 402 1767 454 III
1811 393 2048 454 16-17
2405 392 2530 456 317

280 568 452 627 sestim
498 571 698 650 surgit,
748 576 813 629 ut
859 569 1078 629 ibidem
1127 569 1439 630 candidato
1488 588 1596 629 suo
1644 569 2043 646 gratularetur
2092 582 2158 625 ac
2202 561 2537 622 discederet

278 677 329 734 in
362 675 568 736 hortos
658 675 903 757 Merula,
942 677 1209 737 Tertium
1249 685 1445 738 actum
1485 677 1557 737 de
1596 675 1966 756 pastionibus
2004 671 2274 732 villaticis
2313 677 2533 748 postea,

280 785 473 864 inquit,
526 783 628 843 tibi
685 783 954 865 reddam,
1010 784 1136 844 Axi.
1238 784 1751 863 Consurgentibus
1805 782 1948 862 illis,
2005 781 2188 840 Axius
2245 776 2390 837 mihi
2445 794 2534 835 re·

283 891 650 968 spectantibus
709 891 908 972 nobiS,
964 892 1119 970 quod
1170 899 1229 951 et
1277 892 1654 952 candidatum
1704 898 1973 950 nostrum
2022 894 2337 947 venturum
2386 884 2532 942 scie-

240 997 477 1080 ⁵bamus,
519 998 645 1058 Non
683 998 906 1078 labor0,
952 1000 1164 1078 inquit,
1202 999 1313 1059 hoc
1353 999 1482 1060 loco
1522 1000 1868 1060 discessisse
1907 994 2207 1056 Merulam.
2300 990 2523 1068 reliqua
2550 993 2585 1049 2

283 1106 417 1164 enim
475 1107 590 1167 fere
648 1105 795 1166 mihi
851 1114 991 1166 sunt
1045 1113 1212 1188 nota,
1279 1107 1464 1189 quod,
1530 1127 1665 1167 cum
1723 1108 2083 1185 piscinarum
2142 1118 2356 1179 genera
2416 1099 2536 1156 sint

284 1211 407 1292 duc,
456 1212 709 1273 dulcium
769 1220 829 1272 et
882 1213 1196 1294 salsarum,
1253 1212 1503 1274 alterum
1553 1213 1706 1292 apud
1755 1211 1986 1291 plebem
2036 1217 2094 1269 et
2143 1211 2268 1268 sine
2318 1207 2535 1283 fructu,

284 1319 372 1379 ubi
427 1320 681 1400 lymphae
740 1336 961 1399 'aquam
1028 1323 1274 1400 piscinis
1340 1322 1560 1382 nostris
1626 1320 1897 1380 villaticis
1965 1319 2327 1377 ministrant:
2402 1311 2532 1371 illae

285 1434 450 1487 autem
503 1430 827 1488 maritimae
884 1431 1147 1507 piscinae
1204 1428 1516 1508 nobilium,
1575 1427 1794 1507 quibus
1841 1426 2153 1505 Neptunus
2209 1429 2277 1482 ut
2323 1436 2534 1498 aquam

225 1544 264 1583 1⁰
287 1542 336 1594 et
375 1536 617 1613 piscibus
664 1538 990 1617 ministrat,
1049 1539 1236 1615 magis
1284 1536 1353 1596 ad
1405 1536 1609 1597 oculos
1659 1538 1985 1614 pertinent,
2044 1550 2218 1611 quam
2267 1529 2338 1589 ad
2388 1528 2535 1586 vesi·

288 1661 418 1722 cam,
483 1653 538 1704 et
600 1646 802 1722 potius
864 1647 1254 1723 marsippium
1321 1644 1543 1704 domini
1609 1643 1981 1722 exinaniunt,
2050 1658 2224 1719 quam
2291 1635 2535 1715 inplent.

285 1752 504 1826 primum
541 1753 694 1811 enim
736 1751 1124 1812 aedificantur
1162 1770 1392 1832 magno,
1440 1750 1701 1811 secundo
1738 1748 2043 1828 inplentur
2082 1765 2309 1825 magno,
2358 1742 2536 1802 tertio

288 1856 491 1917 aluntur
531 1851 768 1939 :magno
861 1858 1075 1919 Hirrus
1134 1861 1361 1919 circum
1415 1860 1674 1938 piscinas
1731 1876 1868 1917 suas
1926 1875 1994 1916 ex
2053 1855 2338 1914 aedificiis
2384 1850 2587 1911 duo-3

289 1963 411 2024 dena
451 1965 599 2025 milia
648 1967 922 2025 sestertia
972 1965 1255 2044 capiebat.
1348 1984 1475 2026 eam
1524 1983 1757 2025 omnem
1798 1962 2133 2023 mercedem
2174 1963 2345 2040 esciS,
2392 1976 2537 2037 quas

232 2078 271 2118 1⁵
295 2070 439 2132 dabat
504 2072 795 2153 piscibus,
869 2072 1272 2133 consumebat.
1372 2092 1489 2133 non
1556 2075 1799 2133 mirum:
1864 2089 1982 2131 uno
2047 2078 2313 2148 tempore
2378 2069 2535 2126 enim

292 2181 495 2239 memini
554 2180 714 2241 hunc
771 2180 1009 2241 Caesari
1073 2181 1189 2241 duo
1255 2180 1416 2240 milia
1484 2198 1863 2242 murenarum
1922 2186 2126 2238 mutua
2183 2175 2416 2236 dedisse
2473 2176 2535 2233 in

291 2286 486 2362 pondus
556 2297 614 2348 et
687 2295 934 2367 propter
1007 2290 1259 2368 piscium
1335 2288 1773 2348 multitudinem
1841 2286 2192 2365 quadragies
2260 2284 2536 2344 sestertio

293 2392 452 2453 villam
519 2398 767 2456 venisse.
878 2414 1028 2475 quae
1105 2404 1306 2456 nostra
1378 2397 1605 2474 piscina
1681 2414 1747 2454 ac
1812 2393 2243 2454 mediterranea
2308 2388 2535 2470 plebeia

294 2508 424 2560 recte
475 2500 687 2562 dicitur
745 2501 934 2562 dulcis
991 2510 1052 2562 et
1098 2501 1192 2562 illa
1242 2514 1452 2563 amara.
1546 2504 1681 2581 quis
1729 2503 1887 2561 enim
1933 2507 2207 2560 nostrum
2254 2516 2371 2558 non
2421 2514 2538 2556 una

411 2753 468 2801 13
503 2748 694 2801 Hirrus
734 2747 942 2801 circum
985 2747 1225 2815 piscinas
1255 2764 1382 2801 suas
1416 2746 1569 2800 Plin.
1591 2752 1646 2812 9,
1679 2750 1781 2801 171
1808 2746 2058 2799 Macrob.
2096 2749 2194 2799 sat.
2222 2743 2343 2795 III
2358 2747 2448 2809 15,
2470 2746 2541 2796 10

295 2993 383 3031 ‘non
418 2982 641 3047 potuerit
668 3002 683 3033 .·
714 2997 832 3035 eam
876 2986 1058 3035 tamen
1102 2981 1191 3033 hic
1237 2981 1539 3049 adponam,
1589 2981 1637 3032 A
1677 2995 1951 3048 praecone
1989 2976 2207 3031 recinii’
2262 2976 2539 3029 Victorius

407 3069 626 3123 fecerint:
662 3070 786 3122 AB
830 3067 1083 3123 fecerunt:
1127 3069 1180 3122 V
1287 3069 1484 3139 appius
1522 3069 1576 3121 B
1615 3067 1776 3138 apius
1816 3067 1927 3122 VA
2034 3072 2065 3119 2
2104 3066 2162 3118 in
2199 3066 2391 3119 hortos
2424 3064 2541 3116 AB

297 3154 341 3207 in
370 3157 598 3213 hortulos
645 3158 697 3211 V
828 3161 1081 3227 posteam
1118 3159 1173 3210 B
1302 3165 1333 3211 3
1372 3157 1553 3226 inquit
1602 3158 1712 3210 VB
1750 3156 1944 3225 inquid
1983 3156 2036 3210 A
2161 3153 2358 3223 Axius]
2401 3151 2541 3206 axiis

296 3260 405 3299 corr.
439 3248 582 3301 axius
619 3247 676 3301 A
821 3253 854 3299 4
895 3245 1046 3314 quod
1084 3251 1142 3299 et
1177 3245 1540 3300 candidatum
1579 3246 1693 3299 PB
1732 3244 1882 3314 quod
1920 3263 1984 3297 ex
2025 3243 2384 3298 candidatum
2425 3242 2541 3295 Am

297 3337 416 3401 quod
449 3337 799 3392 candidatum
835 3354 866 3390 v
995 3343 1026 3390 5
1072 3337 1258 3406 inquil:
1304 3337 1414 3389 VB
1452 3336 1647 3403 inquid
1686 3335 1740 3388 A
1857 3334 2148 3388 discesisse
2186 3334 2240 3386 A
2359 3338 2391 3385 6
2430 3332 2539 3401 pis-

297 3422 502 3480 cinarum
540 3429 768 3496 genera]
808 3427 889 3480 De
926 3424 1158 3495 piscinis
1195 3428 1259 3479 i‘n
1294 3427 1541 3494 maryine
1577 3426 1804 3478 rubrica
1838 3426 1893 3477 A
2039 3439 2245 3491 genera
2283 3422 2396 3476 sint
2431 3422 2540 3475 duo

1960 3508 1982 3537 8

298 3548 548 3605 Iucundus
581 3567 792 3622 genera
830 3552 1048 3620 (gerera
1077 3551 1152 3619 A)
1192 3552 1322 3604 sunt
1360 3551 1468 3605 duo
1508 3549 1685 3603 VAB
1796 3556 1824 3604 7
1865 3551 2110 3603 salarum
2140 3554 2332 3617 postea
2358 3565 2541 3617 super·

225 3708 234 3718 .
299 3640 464 3706 scripto
497 3658 520 3693 s
557 3641 612 3695 A
741 3643 799 3693 et
833 3656 944 3693 non
985 3640 1102 3693 sine
1141 3639 1327 3693 fructu
1367 3639 1636 3693 Gesnerus
1754 3644 1785 3692 8
1825 3638 2057 3707 piscinis
2094 3638 2299 3693 nostris
2349 3638 2396 3690 V
2432 3637 2542 3705 pis·

299 3725 473 3781 ciuibus
506 3731 706 3785 nostris
736 3729 856 3782 AB
975 3736 1005 3782 9
1043 3730 1381 3797 neptumnus
1411 3729 1465 3781 B
1573 3731 1639 3781 ut
1675 3745 1880 3797 aquam
1918 3729 1996 3781 sic
2034 3729 2092 3781 et
2118 3728 2299 3796 pisces
2328 3728 2541 3780 Iucun-

298 3814 378 3868 dus
473 3823 534 3871 10
569 3818 790 3873 oculum
819 3821 936 3872 Am
1046 3824 1112 3871 11
1140 3817 1505 3887 massipp'ium
1539 3818 1655 3870 PB
1684 3818 2009 3887 massipium
2040 3819 2091 3869 A
2123 3818 2462 3885 marsupium
2490 3833 2538 3870 v.

299 3906 577 3975 massipinm
624 3909 839 3962 domini
884 3909 947 3961 in
991 3908 1238 3976 maryine
1283 3909 1577 3976 adscripsit
1629 3907 1684 3959 P
1832 3906 2198 3961 exinnaniunt
2241 3908 2295 3960 A
2440 3906 2541 3959 im-

299 3992 424 4074 plent
456 3997 622 4051 PAB
658 3998 884 4067 replent
918 4015 950 4051 v
1100 4004 1162 4050 12
1209 3996 1534 4051 edificantur
1569 4013 1776 4066 magno
1815 3997 2015 4050 hirtius
2054 3997 2259 4050 circum
2299 3995 2541 4065 piscinas

301 4097 400 4136 suas
441 4086 698 4154 secundo,
745 4089 837 4141 sed
883 4085 1086 4140 hirtius
1136 4119 1202 4125 —
1251 4103 1380 4139 suas
1426 4087 1598 4140 deleta
1645 4086 1700 4140 A
1879 4086 2161 4155 inplentur
2205 4086 2261 4139 A
2306 4085 2540 4152 implen-

301 4169 371 4223 tur
402 4172 500 4227 VB
600 4176 776 4231 tercio
813 4175 869 4229 A
980 4180 1041 4229 13
1074 4174 1290 4229 Hirtius
1337 4174 1510 4229 VAB
1624 4180 1689 4228 14
1728 4175 1987 4229 sestertia
2022 4192 2054 4228 v
2093 4173 2329 4228 sestaria
2360 4174 2541 4226 PAB

413 4266 675 4319 mecedem
717 4265 772 4319 A
924 4265 1099 4319 aescis
1147 4263 1287 4317 Vin
1335 4265 1475 4319 escis
1525 4265 1761 4319 Ursinus
1907 4269 1971 4317 15
2008 4263 2370 4317 consumebat
2416 4278 2540 4315 eam

307 4359 484 4404 omnem
525 4371 630 4409 non
679 4355 881 4408 mirum
920 4354 973 4406 A
1013 4352 1346 4416 comedebat
1383 4371 1505 4408 eam
1547 4371 1767 4408 omnem
1805 4369 1913 4405 non
1960 4351 2160 4404 mirum
2207 4369 2259 4405 m
2402 4352 2538 4421 uno]

308 4449 441 4491 unum
473 4442 522 4495 A
664 4450 728 4497 16
778 4443 886 4497 duo
933 4443 1091 4496 milia
1128 4443 1308 4496 PAB
1347 4461 1443 4498 sex
1493 4443 1651 4496 milia
1695 4461 1727 4497 v
1769 4443 1993 4496 Plinius
2040 4442 2258 4495 VIIII
2292 4445 2397 4496 171

314 4525 360 4575 17
390 4531 621 4588 sestercio
660 4533 714 4586 A
864 4539 927 4585 19
967 4535 1024 4587 et
1059 4531 1159 4585 illa.
1195 4549 1387 4587 amara
1434 4533 1487 4586 V
1520 4534 1577 4585 et
1613 4531 1714 4585 illa
1752 4533 1809 4584 et
1845 4532 1945 4585 illa
1979 4547 2173 4584 amara.
2210 4530 2327 4583 AB
