3178 5185
598 401 728 464 288
1494 406 1497 409 ’
1584 402 1958 456 VARRONIS

595 570 855 628 munitas
921 569 1198 648 tectori03
1275 568 1376 627 sed
1444 586 1554 646 pro
1612 569 1994 629 columbariis
2052 571 2113 629 in
2174 573 2397 649 pariete
2467 570 2727 632 mutulos
2800 579 2909 631 aut

595 676 761 755 palos
799 678 859 736 in
899 676 1186 756 ordinem,
1226 695 1404 755 supra
1447 695 1597 756 quos
1636 676 1988 755 tegeticulae
2027 677 2391 740 cannabinae
2431 680 2551 739 sint
2584 680 2909 757 inpositae.

596 785 865 843 infimum
921 783 1189 843 ordinem
1249 791 1485 862 oportet
1542 784 1750 844 abesse
1808 803 1840 844 a
1896 794 2051 845 terra
2114 804 2229 846 non
2277 788 2475 846 minus
2524 794 2647 846 tres
2693 786 2908 866 pedeS,

593 893 752 951 inter
809 889 1072 968 reliquos
1127 890 1473 969 dodranteS,
1534 909 1564 949 a
1625 908 1855 950 summo
1913 890 1983 950 ad
2043 910 2336 952 camaram
2392 892 2465 952 ad
2513 893 2907 973 semipedem,

594 1016 780 1076 aeque
839 998 1022 1058 latum
1072 1016 1138 1057 ac
1185 997 1451 1057 mutulus
1499 1016 1530 1056 a
1579 999 1805 1075 pariete
1854 1006 2056 1058 extare
2104 1006 2330 1078 potest,
2387 1001 2448 1058 in
2498 999 2719 1078 quibus
2772 1000 2906 1059 dies
2959 1016 2982 1054 5

593 1113 921 1183 noctesque
974 1113 1319 1183 pascuntur.
1397 1104 1621 1165 cibatui
1668 1105 1826 1184 quod
1876 1109 1969 1183 sit,
2018 1106 2287 1167 obiciunt
2332 1108 2601 1167 triticum
2650 1108 2908 1187 siccum,

592 1215 652 1273 in
711 1220 996 1273 centenos
1054 1215 1294 1272 vicenos
1351 1220 1619 1272 turtures
1677 1213 1801 1272 fere
1862 1213 2217 1292 semodium,
2274 1214 2491 1273 cotidie
2551 1222 2908 1275 everrentes

595 1338 803 1380 eorum
853 1318 1110 1400 stabula,
1168 1317 1289 1396 [ac]
1341 1327 1606 1379 stercore
1655 1337 1729 1379 ne
1777 1318 2178 1400 offendantur,
2226 1320 2383 1397 quod
2433 1322 2574 1381 item
2625 1329 2909 1382 servatur

593 1427 663 1487 ad
718 1445 922 1505 agrum
972 1426 1303 1487 colendum.
1389 1426 1457 1486 ad
1510 1425 1899 1504 saginandum
1948 1426 2449 1504 adpositissimum
2499 1437 2740 1507 tempus
2793 1431 2908 1488 cir·
2953 1410 2958 1413 ¹

593 1537 744 1595 citer
807 1552 1079 1594 messem.
1181 1535 1400 1593 etenim
1468 1542 1691 1594 matres
1758 1551 1965 1593 eorum
2024 1541 2149 1593 tum
2207 1535 2462 1612 optimae
2522 1542 2689 1615 sunt,
2762 1554 2902 1596 cum
2933 1557 2980 1595 10

592 1640 738 1719 pulli
785 1640 1026 1719 plurimi
1074 1643 1416 1719 gignuntur,
1467 1643 1570 1720 qui
1617 1640 1687 1700 ad
1738 1640 2024 1701 farturam
2074 1639 2366 1701 melioreS.
2433 1641 2632 1718 itaque
2684 1660 2902 1703 eorum

591 1748 825 1808 fructus
873 1747 931 1807 id
980 1750 1268 1827 temporis
1316 1749 1569 1807 maxime
1619 1748 1909 1808 consistit.

484 1854 565 1916 IX
770 1855 979 1933 AxiuS,
1037 1854 1160 1932 Ego
1220 1873 1369 1933 quae
1429 1857 1671 1932 requiro
1721 1837 1994 1915 sarsurae
2043 1871 2284 1914 assurae
2324 1855 2622 1936 membra,
2671 1858 2752 1917 de
2802 1876 2903 1936 pa·

589 1961 808 2022 lumbis
859 1961 1090 2039 gallinis
1130 1961 1224 2021 dic
1265 1961 1456 2041 sodeS,
1499 1959 1753 2021 Merula:
1811 1969 1935 2021 tum
1976 1961 2048 2021 de
2088 1961 2335 2039 reliquis
2374 1963 2567 2040 siquid
2609 1964 2899 2025 idoneum

590 2070 773 2129 fuerit
836 2071 1204 2149 ratiocinari,
1279 2068 1498 2129 licebit.
1611 2069 1800 2147 lgitur
1867 2078 2005 2129 sunt
2070 2067 2329 2147 gallinae·
2385 2088 2535 2149 quae
2601 2080 2901 2132 vocantur
2931 2088 2975 2128 15

538 2183 572 2238 2
597 2195 881 2256 generum
923 2178 1122 2256 trium,
1163 2175 1448 2236 villaticae
1487 2183 1547 2236 et
1577 2178 1835 2236 rusticae
1867 2183 1926 2236 et
1953 2176 2264 2236 africanae.
2321 2175 2569 2254 gallinae
2601 2176 2899 2239 villaticae

588 2293 745 2363 sunt,
794 2301 940 2362 quas
989 2284 1271 2361 deinceps
1319 2301 1459 2343 rure
1506 2283 1730 2342 habent
1777 2284 1837 2342 in
1888 2281 2057 2342 villis,
2133 2281 2204 2341 de
2253 2281 2346 2342 his
2395 2286 2496 2361 qui
2545 2285 2896 2347 ornithobo-

587 2393 754 2451 scion
815 2393 1130 2451 instituere
1186 2389 1359 2465 vult,
1412 2390 1470 2449 id
1538 2398 1631 2450 est
1696 2389 1957 2450 adhibita
2022 2391 2269 2450 scientia
2327 2409 2395 2450 ac
2452 2410 2594 2453 cura
2653 2396 2899 2473 capiant

1462 2495 1553 2511 Qu-.

731 2604 796 2653 15
835 2598 1016 2669 Igitur
1055 2600 1185 2652 sunt
1219 2598 1466 2669 gallinae
1507 2598 1713 2654 Colum.
1764 2598 1936 2652 VIII
1968 2602 2008 2654 2
2044 2615 2266 2669 yeopon.
2310 2600 2471 2653 XIV
2504 2604 2540 2656 7

708 2803 735 2849 1
777 2794 1040 2865 parietes,
1068 2796 1162 2850 sed
1190 2814 1215 2849 s
1244 2796 1474 2850 deletum
1503 2796 1558 2847 A
1684 2794 1931 2850 mutulos
1958 2812 1990 2849 v
2019 2795 2227 2851 multos
2270 2796 2379 2849 PB
2406 2795 2617 2852 multus
2647 2815 2793 2856 corr.
2827 2830 2894 2840 —-

587 2903 648 2941 os
686 2887 743 2941 A
923 2892 954 2939 2
1002 2884 1063 2937 in
1109 2884 1359 2938 ordinem
1403 2884 1586 2937 PAB
1631 2883 1689 2938 in
1733 2885 1928 2938 ordine
1964 2902 1997 2938 v
2180 2884 2528 2941 cannabinae
2565 2887 2686 2941 AB
2729 2905 2894 2944 cana-

583 2975 749 3029 binae
804 2975 858 3028 V
1030 2975 1142 3028 sint
1194 2972 1493 3042 impositae
1544 2973 1666 3027 ΡΒ
1729 2975 1860 3026 sunt
1911 2972 2211 3043 impositae
2263 2975 2422 3029 Amv
2602 2983 2637 3029 4
2703 2995 2892 3033 cama.-

583 3080 701 3117 ram
741 3064 846 3118 PA
887 3079 1164 3117 cameram
1203 3064 1360 3117 Bmv
1540 3068 1572 3114 6
1613 3060 1888 3115 obiiciunt
1932 3062 1986 3115 V
2160 3068 2189 3116 7
2228 3062 2367 3133 fere]
2406 3064 2550 3119 ferre
2588 3066 2709 3121 Am

583 3154 790 3208 cotidie
841 3154 964 3207 AB
1010 3151 1242 3207 cottidie
1292 3152 1349 3205 P
1391 3148 1644 3220 quotidie
1689 3168 1721 3205 v
1940 3152 2228 3206 euerentes
2270 3152 2327 3206 A
2542 3159 2575 3207 8
2635 3171 2701 3208 ac
2753 3159 2892 3211 ster-

584 3313 708 3350 core
755 3295 874 3350 AB
930 3312 965 3348 a,
1021 3296 1264 3350 stercore
1319 3294 1373 3347 V
1547 3301 1577 3348 9
1636 3293 2114 3364 appositissimum
2162 3295 2218 3348 Β
2273 3252 2665 3363 αροίξῖεείξηιιω
2712 3301 2771 3353 A
2818 3301 2892 3353 ad

581 3385 935 3454 potissimum
979 3385 1036 3438 P
1069 3384 1420 3454 aptissimum
1456 3401 1509 3437 m
1547 3382 1900 3453 potissimum
1940 3401 1971 3437 v
2119 3389 2181 3437 11
2222 3382 2494 3452 giguntur
2530 3389 2587 3443 A

692 3480 758 3526 13
789 3473 1021 3547 Sarsure
1049 3490 1240 3546 assure
1263 3473 1380 3525 PB
1411 3489 1628 3526 sarsure
1658 3487 1818 3526 asure
1838 3473 1893 3526 A
1920 3473 2166 3526 farturae
2186 3489 2221 3527 a
2250 3488 2378 3525 sura.
2397 3488 2445 3525 v.
2496 3468 2738 3525 ‘Excusi
2756 3471 2890 3525 libri

580 3565 724 3617 inter
760 3580 814 3617 se
851 3564 1077 3629 diuersi,
1114 3564 1314 3616 nedum
1350 3563 1523 3616 solum
1562 3563 1631 3616 ab
1670 3562 1917 3631 antiquis
1945 3563 2261 3630 discrepent.
2318 3563 2383 3615 in
2408 3560 2801 3627 uetustissima,
2839 3563 2889 3613 et

581 3655 783 3721 optimo
811 3654 1110 3722 eaeemplari
1137 3653 1421 3706 mendosus
1450 3653 1613 3706 etiam
1643 3652 1789 3705 locus
1817 3656 1912 3717 est,
1949 3653 2066 3705 eius
2092 3652 2424 3720 scripturam
2460 3651 2550 3704 hic
2578 3641 2886 3719 apponam:

580 3742 701 3810 Ego
749 3757 891 3810 quae
939 3740 1164 3810 requiro
1212 3755 1462 3795 sarsurae
1510 3755 1764 3807 assutae,
1810 3743 1915 3793 etc.
1992 3738 2068 3792 In
2103 3740 2410 3793 semiaetere
2438 3754 2558 3807 pro·
2587 3736 2884 3804 Sarmme,

581 3831 857 3899 Salsurae,
887 3837 1098 3886 caetera
1126 3831 1329 3886 eadem’
1363 3829 1641 3884 Victorias
1745 3834 1809 3883 15
1840 3827 2166 3883 ratiocinari
2185 3846 2218 3884 v
2245 3825 2577 3883 raciocinari
2597 3827 2713 3880 ΡΒ
2744 3825 2884 3880 raci-

580 3920 723 3975 mari
759 3922 832 3976 A.
901 3919 1219 3976 ‘Racemari
1253 3937 1365 3973 non
1405 3918 1568 3989 potui
1600 3919 1895 3989 [racemari
1924 3918 2119 3973 licebit
2145 3920 2209 3973 in
2236 3917 2514 3987 editione}
2582 3917 2684 3970 Ita
2712 3932 2883 3971 emen-

580 4013 745 4078 daai,
793 4016 956 4079 recte,
1003 4016 1067 4065 at
1104 4012 1324 4080 opinor,
1366 4011 1598 4064 modeste
1635 4014 1797 4075 certe,
1833 4014 1883 4062 et
1920 4012 2301 4076 temperanter:
2349 4011 2506 4060 uetus
2543 4007 2689 4059 enim
2728 4006 2884 4060 lectio

580 4099 884 4154 Racimari:
923 4105 1104 4165 antea,
1132 4099 1504 4166 Ratiocinari‚
1533 4098 1882 4166 incommode,
1909 4097 2024 4150 nisi
2048 4097 2233 4164 fallor,
2262 4100 2311 4149 et
2338 4096 2546 4149 insulse
2575 4093 2877 4164 leyebatur'

587 4188 863 4243 Victorias
1008 4188 1049 4242 li
1081 4190 1089 4256 Ι
1123 4188 1274 4242 cebit
1311 4188 1392 4241 De
1430 4185 1658 4255 gallinis
1692 4187 1700 4254 Ι
1732 4185 1926 4254 Igitur,
1964 4186 2058 4239 sed
2093 4185 2320 4238 rubrica
2355 4185 2621 4253 scriptam
2648 4183 2732 4238 De
2762 4181 2882 4253 gal-

578 4276 708 4330 linis
755 4283 804 4331 et
847 4279 1061 4347 reliqua
1097 4293 1238 4345 pars
1282 4292 1468 4331 versas
1516 4291 1696 4329 vacua
1739 4270 1930 4328 relicta
1966 4274 2022 4327 A
2164 4274 2461 4345 vocantur]
2500 4270 2791 4326 uocitatur
2826 4271 2883 4325 A

725 4372 790 4419 16
829 4364 1090 4419 affricane
1126 4366 1183 4420 A
1355 4371 1419 4419 17
1460 4362 1917 4418 ornithoboscion
1959 4362 2076 4416 ΡΒ
2116 4360 2537 4417 ornithobosion
2575 4361 2695 4415 Am
2733 4358 2880 4413 orni-

579 4454 904 4509 thouostion
942 4472 975 4510 v
1122 4461 1187 4509 18
1225 4453 1351 4507 uult
1390 4453 1575 4506 PAB
1614 4451 1815 4505 uolunt
1848 4469 1881 4505 v
2024 4451 2085 4519 id
2122 4452 2208 4506 est
2242 4450 2500 4505 adhibita
2531 4450 2647 4503 PB
2684 4449 2778 4503 ide
2817 4451 2880 4502 ut

578 4542 764 4597 hibita.
808 4544 864 4598 A
893 4587 905 4600 .
938 4547 998 4600 i.
1027 4550 1092 4597 ut
1146 4542 1344 4597 habita
1379 4559 1433 4596 m
1487 4539 1660 4594 iidem
1715 4540 1972 4595 adhibita
2015 4557 2064 4594 v.
2137 4540 2370 4607 fortasse
2423 4540 2570 4594 unde
2618 4537 2880 4593 adhibita
