3178 5185
586 396 669 460 88
1269 401 1650 457 COMMENT.
1687 402 1767 456 IN
1803 400 2179 456 VARRONIS

587 563 647 619 in
695 561 886 619 horto.
976 557 1123 619 Plin.
1170 556 1324 617 XVII
1368 553 1490 618 197
1551 560 1614 617 in
1670 560 1847 618 vinea
1903 566 2104 618 vetere
2168 558 2354 618 serito
2420 559 2686 631 ocinum,
2749 552 2861 619 198

588 668 843 740 ocinum,
890 668 1055 740 quod
1097 668 1160 726 in
1208 668 1385 726 vinea
1444 668 1573 725 seri
1619 666 1819 756 iubet,
1855 667 2095 739 antiqui
2146 664 2536 740 appellabant
2583 665 2863 740 pabulum

578 775 837 833 'umbrae
879 775 1137 849 patiens,
1185 775 1349 846 quod
1391 774 1717 832 celerrime
1757 774 2098 847 proveniat.
2189 768 2266 830 id.
2312 767 2495 829 XVIII
2539 766 2663 832 143
2711 773 2899 858 apud·

588 883 868 955 antiquos
915 886 1053 940 erat
1090 880 1308 955 pabuli
1346 896 1558 954 qenus,
1604 881 1771 953 quod
1821 879 1966 939 Cato
2014 880 2253 939 ocinum
2301 883 2494 957 vocat,
2540 895 2658 952 quo
2709 880 2866 938 siste-

591 990 738 1048 bant
774 990 966 1048 alvom
1009 988 1200 1046 bubus
1209 1007 1233 1057 ;
1282 988 1349 1046 id
1383 992 1520 1047 erat
1556 1005 1589 1046 e
1622 987 1840 1062 pabuli
1872 993 2073 1061 seqete
2111 987 2308 1045 viride
2349 986 2670 1060 desectum,
2709 991 2868 1046 ante·-

588 1111 770 1169 quam
802 1097 1042 1169 qelaret
1060 1126 1162 1152 —.
1208 1092 1404 1152 Varro
1435 1096 1702 1170 appellat
1729 1111 1768 1153 a
1798 1095 2111 1153 eeleritate
2142 1094 2546 1169 proveniendi
2571 1111 2604 1152 e
2627 1110 2870 1168 praem,

587 1204 752 1289 quocl
794 1218 969 1262 oeeos
1017 1204 1244 1261 dieunt.
1289 1233 1378 1242 —-
1425 1202 1589 1275 quod
1645 1203 1807 1261 venit
1861 1201 1979 1260 cito
2037 1217 2106 1258 ex
2162 1198 2351 1259 Plinio
2409 1198 2565 1278 apud
2620 1198 2869 1259 Nonium

594 1309 833 1386 scripsit
860 1305 1194 1368 Hadrianus
1232 1305 1455 1386 IuniuS,
1486 1306 1640 1384 apud
1670 1287 1993 1366 Varronem
2033 1313 2276 1366 auctore
2313 1303 2647 1366 Pontedera
2675 1325 2731 1386 p.
2752 1303 2868 1368 137

590 1413 1009 1475 SchneideruS.
1082 1416 1359 1474 similiter
1403 1416 1568 1488 quod
1613 1421 1773 1473 recte
1822 1413 1996 1473 idem.
2070 1413 2309 1472 ocinum
2356 1430 2388 1471 a
2435 1430 2649 1491 graeco
2700 1412 2870 1473 verbo

596 1514 814 1594 ὠκέως
869 1520 1092 1581 dictum
1158 1527 1274 1600 est,
1332 1519 1604 1580 similiter
1652 1529 1828 1598 atque
1876 1519 2159 1599 ocimum,
2207 1518 2363 1598 quod
2424 1520 2485 1578 in
2540 1518 2716 1580 horto
2771 1528 2873 1580 est.

595 1627 806 1688 deinde
856 1626 964 1686 alia
1012 1627 1268 1688 nominis
1315 1625 1600 1687 derivatio
1649 1625 1903 1705 additur,
1941 1626 2097 1705 quod
2146 1625 2339 1685 alvum
2387 1627 2530 1686 citet
2577 1625 2788 1687 buhuS.

770 1734 841 1794 ld
890 1743 999 1794 est
1047 1733 1270 1794 sabuli
1318 1742 1565 1813 segete
1617 1735 1851 1794 uiride
1901 1741 2176 1793 sectum
2232 1742 2607 1812 antequam
2668 1742 2872 1813 genat

591 1839 931 1920 siliquas]
980 1842 1059 1901 Id
1101 1847 1191 1901 est
1235 1843 1454 1918 pabuli
1495 1849 1726 1917 seqetes
1772 1843 1998 1902 virides
2059 1847 2286 1915 sectae,
2333 1847 2657 1915 antequam
2701 1859 2870 1916 qene-

594 1956 734 2009 rent
778 1951 1030 2023 siliquas
1068 1946 1310 2029 Merula,
1359 1952 1424 2010 id
1462 1967 1658 2023 qenus
1696 1951 1915 2025 pabuli
1955 1955 2096 2009 sunt
2139 1953 2371 2023 seqetes
2417 1949 2644 2008 virides
2680 1955 2875 2009 sectae

597 2062 754 2129 ante,
803 2072 984 2129 quam
1026 2062 1254 2129 qerant
1296 2057 1552 2129 siliquas
1587 2053 1910 2135 IucunduS,
1959 2058 2025 2115 id
2059 2063 2149 2116 est
2184 2056 2404 2131 pabuli
2443 2062 2645 2130 seqete
2688 2058 2876 2116 viride

589 2169 845 2241 sectum,
901 2168 1227 2236 antequam
1279 2168 1463 2236 qerat
1514 2164 1768 2236 siliquas
1813 2160 2094 2241 Angelius
2102 2207 2121 2241 ,
2169 2163 2237 2222 id
2289 2179 2368 2222 ex
2422 2162 2643 2237 pabuli
2684 2169 2877 2237 seqete

592 2270 789 2329 viride
833 2275 1062 2329 sectum
1110 2275 1276 2343 ante,
1324 2286 1504 2343 quam
1545 2275 1737 2344 qenai
1799 2271 2054 2343 siliquas
2120 2267 2431 2328 Victorius.
2523 2270 2592 2328 id
2654 2275 2744 2329 est
2805 2287 2878 2329 ex

542 2359 552 2368 ⁸
592 2373 796 2449 sabali
838 2376 1038 2450 seqete
1086 2376 1316 2453 scripsi.
1409 2393 1541 2434 nam
1583 2375 1827 2450 fabulia
1874 2393 1982 2455 pro
2023 2374 2265 2450 fabalia
2312 2373 2536 2435 dictum
2585 2394 2717 2436 esse
2765 2393 2877 2435 non

592 2481 956 2542 credendum
994 2489 1085 2542 est
1125 2480 1442 2561 Scaligero,
1478 2480 1721 2556 fabalia
1758 2480 2037 2542 dixerunt
2065 2480 2206 2542 Cato
2236 2479 2339 2563 37,
2365 2478 2398 2541 1
2431 2479 2616 2541 Varro
2655 2482 2680 2541 I
2710 2479 2812 2563 23,
2838 2480 2876 2544 3

593 2587 911 2650 Columella
958 2587 1010 2649 II
1052 2585 1153 2669 10,
1192 2584 1249 2649 9.
1341 2587 1569 2649 Plinius
1627 2597 1826 2650 autem
1882 2590 1943 2649 in
2001 2589 2073 2649 iis
2131 2607 2280 2669 quae
2338 2607 2515 2667 supra
2572 2589 2647 2650 de
2706 2592 2870 2651 ocino

594 2695 879 2774 adscripsi
920 2694 1197 2756 Varronis
1243 2695 1420 2756 verba
1459 2705 1562 2757 aut
1602 2714 1718 2756 non
1757 2696 2130 2757 intellexerat
2167 2705 2270 2757 aut
2307 2705 2589 2774 corrupta
2628 2697 2869 2776 legebat.

589 2810 778 2878 qenat
823 2822 895 2863 ex
943 2803 1145 2863 codice
1197 2801 1489 2864 Victorius
1536 2805 1832 2885 restituit,
1880 2806 2024 2864 item
2069 2800 2237 2884 140,
2280 2802 2311 2864 1
2359 2807 2632 2879 penendi
2676 2812 2737 2864 et
2778 2823 2876 2880 qe·

593 2912 872 2984 nendum,
919 2908 970 2968 11
1008 2908 1067 2991 2,
1108 2907 1189 2971 19
1231 2913 1419 2987 qenit,
1465 2907 1525 2991 6,
1540 2907 1603 2995 ‚3
1646 2917 1977 2986 qenuntur.
2311 2970 2315 2974 Α

773 3013 815 3078 5
880 3015 1140 3077 Contra
1204 3036 1286 3078 ex
1352 3025 1599 3097 segete
1661 3017 1784 3078 uhi
1838 3024 1990 3078 sata
2046 3017 2356 3078 admixta
2410 3016 2762 3080 hordeum
2818 3028 2882 3079 et

596 3127 784 3186 uicia
846 3133 914 3185 et
977 3124 1332 3204 legumina
1396 3124 1640 3203 pabuli
1706 3143 1916 3185 causa
1984 3124 2235 3186 uirdea
2295 3142 2433 3204 quo
2490 3125 2635 3185 sart
2690 3125 2880 3186 ferro

597 3251 800 3293 caesa
867 3231 1154 3310 farrago
1211 3230 1405 3291 dicta
1460 3239 1580 3291 aut
1638 3232 1789 3292 nise
1849 3231 2034 3311 quod
2090 3233 2393 3311 primum
2449 3233 2519 3291 in
2576 3231 2882 3293 farracia

597 3347 841 3417 segete
893 3340 1035 3398 seri
1084 3336 1362 3417 coepta]
1422 3340 1650 3400 Contra
1688 3371 1775 3381 —
1804 3341 2024 3416 pabuli
2067 3357 2258 3400 causa
2305 3346 2461 3399 sunt.
2537 3341 2681 3400 inde
2728 3342 2887 3414 quod

590 3446 702 3522 sar
743 3445 919 3520 ferro
959 3463 1201 3507 caesum
1241 3444 1511 3522 farraqo
1559 3448 1803 3520 dietum,
1841 3453 1949 3507 aut
1984 3449 2149 3521 quod
2184 3447 2450 3522 primum
2490 3448 2552 3505 in
2594 3444 2882 3520 sarrae-ia

594 3560 797 3628 seqete
842 3555 970 3613 seri
1013 3559 1285 3629 coeptum
1330 3550 1571 3633 Merula,
1621 3561 1839 3613 eontra
1868 3554 2192 3629 —pabuli
2236 3570 2428 3613 eausa
2483 3555 2729 3627 viridia,
2771 3571 2880 3628 quo
2941 3567 2947 3574 ·

591 3661 703 3736 far
751 3668 808 3720 et
846 3657 1024 3735 ferro
1071 3677 1272 3734 caesa,
1304 3657 1570 3735 farraqo
1621 3662 1804 3733 dicta,
1843 3666 1952 3720 aut
1988 3663 2151 3734 quod
2185 3662 2451 3736 primum
2490 3661 2552 3720 in
2594 3659 2881 3734 farraeia

597 3775 797 3843 seqete
861 3770 991 3827 seri
1052 3773 1265 3843 coepta
1337 3765 1619 3844 Angelius
1629 3815 1646 3848 ,
1712 3774 1929 3827 eontra
1980 3799 2056 3810 ——
2109 3767 2326 3843 pabuli
2387 3784 2578 3827 causa
2646 3770 2881 3827 viridia.

597 3877 763 3949 quod
799 3872 910 3949 sar
949 3872 1126 3948 serro
1173 3890 1383 3955 caesa,
1424 3871 1692 3949 farraqo
1741 3876 1937 3947 dieta,
1985 3880 2095 3934 aut
2137 3876 2260 3934 nisi
2311 3875 2476 3948 quod
2510 3877 2779 3949 primum
2824 3876 2882 3934 in

591 3979 885 4057 farraeia
929 3988 1130 4055 seqete
1174 3982 1303 4041 seri
1345 3987 1619 4057 coeptum
1667 3979 1982 4061 VictoriuS,
2030 3986 2247 4041 eontra
2287 4012 2372 4021 ——-
2413 3981 2632 4056 pabuli
2677 3999 2879 4061 eausa,

598 4090 823 4147 viridia
871 4089 1035 4161 quod
1070 4085 1246 4162 ferro
1295 4105 1508 4163 caesa,
1550 4086 1811 4163 serraqo
1860 4090 2026 4148 dieta
2074 4093 2183 4147 aut
2220 4085 2489 4162 sarraqo
2537 4085 2657 4159 (vel
2706 4090 2882 4163 dicta,

598 4197 719 4254 nisi
755 4193 1066 4269 farraqo),
1116 4197 1278 4268 quod
1322 4227 1404 4236 —-
1452 4197 1582 4255 seri
1626 4201 1839 4271 coepta
1889 4193 2307 4254 SchneideruS.
2387 4192 2701 4272 farraginis
2749 4195 2879 4255 defi-

600 4301 886 4361 nitionem
935 4318 965 4359 a
1002 4299 1263 4361 Varrone
1309 4308 1616 4379 receperat
1662 4299 1932 4381 VerriuS,
1978 4300 2138 4361 Paul.
2187 4319 2311 4361 exc.
2360 4299 2514 4361 Fest.
2563 4320 2617 4380 p.
2660 4298 2763 4382 91,
2802 4298 2881 4363 14

599 4411 883 4483 Farraqo
923 4412 1265 4485 appellatur
1304 4410 1371 4468 id
1406 4411 1569 4482 quod
1605 4427 1683 4468 ex
1713 4410 1996 4484 pluribus
2031 4410 2180 4467 satis
2217 4409 2435 4484 pabuli
2470 4426 2662 4468 causa
2702 4412 2880 4469 datur

605 4517 900 4577 iumentis.
994 4532 1060 4574 ea
1109 4522 1303 4577 autem
1367 4512 1436 4574 ab
1494 4513 1624 4577 aliis
1681 4514 1911 4595 ferrago
1970 4511 2303 4595 dicebatur,
2348 4514 2522 4593 gloss
2571 4513 2666 4593 lat.
2715 4534 2765 4582 v,
2811 4513 2878 4572 IV
