3178 5185
818 381 1077 437 RERVM
1120 380 1589 437 RVSTICARVM
1629 379 1762 434 LlB.
1801 380 1825 433 I
1865 376 2107 433 40-41
2495 380 2621 442 179

324 552 386 610 in
450 569 622 629 quam
685 550 1079 609 transferatur
1135 557 1196 609 et
1252 568 1368 628 quo
1429 557 1694 628 tempore
1742 557 1801 608 et
1848 566 2022 627 quem
2072 548 2143 608 ad
2192 547 2431 607 modum
2479 546 2623 607 obli-

324 666 519 734 getur.
613 676 734 716 non
792 659 950 716 enim
1006 658 1201 735 pirum
1260 658 1475 735 recipit
1530 670 1818 734 quercus:
1873 673 2066 733 neque
2124 656 2282 714 enim
2338 656 2389 713 si
2436 653 2624 713 malus

318 766 538 843 pirum.
644 764 758 825 hoc
817 772 1102 825 secuntur
1159 762 1358 844 multi,
1419 766 1521 842 qui
1579 762 1930 841 haruspices
1986 761 2235 832 audiunt
2298 759 2623 840 [multum],

318 890 350 929 a
403 871 629 950 quibus
677 872 999 952 proditum,
1048 874 1108 931 in
1157 871 1404 950 singulis
1453 869 1767 930 arboribus
1817 877 1960 948 quot
2006 886 2222 946 genera
2269 869 2444 928 insita
2485 869 2621 947 sint,

265 991 444 1038 5uno
510 980 635 1039 ictu
704 987 793 1039 tot
860 978 1103 1039 fulmina
1171 980 1300 1038 fieri
1366 977 1498 1037 illut
1565 976 1723 1056 quod
1783 976 2005 1037 fulmen
2062 977 2350 1055 concepit.
2453 976 2504 1033 si
2559 976 2620 1032 in

312 1086 513 1163 pirum
564 1084 890 1146 silvaticam
938 1088 1265 1146 inserueris
1311 1086 1509 1163 pirum
1557 1085 1825 1163 quamvis
1872 1082 2113 1163 bonam,
2162 1101 2278 1143 non
2328 1083 2452 1143 fore
2499 1090 2618 1141 tam

311 1192 666 1273 iucundam,
734 1211 911 1272 quam
972 1195 1022 1255 si
1077 1195 1139 1253 in
1195 1211 1323 1252 eam
1382 1210 1530 1271 quae
1587 1191 1877 1250 silvestris
1933 1208 2051 1250 non
2109 1192 2201 1250 sit.
2294 1192 2353 1248 in
2412 1172 2669 1267 quam-6

311 1318 572 1378 cumque
623 1299 896 1360 arborem
948 1302 1193 1380 inseraS,
1242 1301 1292 1359 si
1340 1298 1607 1358 eiusdem
1655 1299 1892 1376 generis
1940 1304 2047 1377 est,
2096 1297 2397 1357 dumtaxat
2434 1302 2500 1355 ut
2539 1297 2616 1355 sit

265 1435 270 1439 ⁴
313 1416 570 1485 utraque
612 1407 823 1488 maluS,
862 1409 941 1467 ita
980 1410 1245 1481 inserere
1285 1413 1521 1484 oportet
1561 1406 1919 1465 referentem
1949 1405 2019 1464 ad
2051 1405 2331 1484 fructum,
2370 1401 2612 1462 meliore

235 1527 283 1565 1⁰
310 1532 530 1592 genere
591 1523 660 1574 ut
718 1516 795 1573 sit
851 1512 1155 1595 surculuS,
1213 1532 1387 1592 quam
1445 1523 1535 1573 est
1593 1533 1709 1592 quo
1769 1514 1963 1572 veniat
2009 1510 2204 1573 arbor.
2295 1518 2386 1571 est
2432 1510 2614 1570 altera

308 1623 544 1698 species
614 1641 686 1681 ex
754 1621 965 1681 arbore
1031 1623 1093 1680 in
1148 1619 1421 1680 arborem
1487 1620 1791 1680 inserendi
1849 1638 2040 1699 nuper
2096 1618 2497 1679 animadversa
2554 1619 2614 1677 in

216 1754 221 1757 ,
308 1727 631 1788 arboribus
680 1730 1051 1808 propinquis.
1145 1747 1216 1787 ex
1264 1726 1503 1801 arbore,
1561 1746 1674 1805 qua
1726 1727 1847 1787 vult
1894 1726 2113 1786 habere
2163 1724 2495 1805 surculum,
2552 1727 2613 1784 in

306 1853 436 1894 eam
488 1816 666 1914 quam
717 1837 987 1896 inserere
1037 1836 1160 1895 vult
1206 1834 1505 1895 ramulum
1553 1833 1813 1894 traducit
1859 1841 1919 1893 et
1964 1836 2026 1892 in
2074 1835 2204 1892 eius
2244 1851 2407 1892 ramo
2447 1850 2611 1910 prae·

306 1944 429 2002 ciso
490 1961 560 2003 ac
619 1943 848 2003 diffisso
905 1942 1176 2022 inplicat,
1242 1960 1376 2002 eum
1434 1940 1629 2001 locum
1689 1942 1789 2019 qui
1849 1942 2163 2020 contingit,
2230 1958 2299 1998 ex
2359 1948 2610 2017 utraque

232 2058 279 2099 1⁵
305 2058 476 2127 parte
528 2050 690 2128 quod
738 2052 896 2109 intro
946 2057 1036 2109 est
1083 2047 1230 2108 falce
1279 2055 1683 2129 extenuatum,
1731 2049 1810 2107 ita
1861 2056 1924 2107 ut
1972 2067 2044 2107 ex
2094 2065 2207 2106 una
2246 2054 2412 2124 parte
2454 2045 2610 2124 quod

305 2154 537 2216 caelum
608 2159 877 2217 visurum
942 2164 1034 2216 est
1098 2156 1381 2215 corticem
1451 2172 1586 2215 cum
1654 2157 1876 2215 cortice
1934 2160 2325 2232 exaequatum
2382 2151 2609 2212 habeat.

304 2263 431 2322 eius
493 2262 738 2345 ramuli,
795 2258 1013 2343 quen(
1013 2250 1280 2342 inseret,
1337 2280 1622 2322 cacumen
1673 2269 1737 2322 ut
1784 2262 2089 2321 derectum
2138 2262 2215 2320 sit
2262 2260 2333 2319 ad
2383 2259 2609 2323 caelum

306 2378 494 2430 curat.
591 2377 833 2449 postero
882 2390 1061 2473 ayno,
1118 2389 1252 2430 cum
1302 2369 1682 2451 conprendit,
1735 2369 1889 2429 unde
1936 2374 2323 2447 propagatum
2373 2375 2489 2447 est,
2538 2366 2609 2426 ab

304 2475 485 2537 altera
536 2477 753 2538 arbore
803 2474 1107 2556 praecidit.

234 2590 281 2630 2⁰
484 2585 619 2657 Quo
686 2592 956 2668 tempore
1021 2604 1288 2665 quaeque
1358 2584 1705 2666 transferaS‚
1770 2582 1913 2643 haec
1969 2583 2030 2642 in
2080 2582 2286 2661 primis
2335 2580 2602 2662 videnda,
2639 2573 2767 2635 XLI

308 2690 520 2771 [quod]
603 2712 753 2772 quae
828 2695 997 2771 prius
1060 2711 1252 2753 verno
1327 2701 1594 2771 tempore
1668 2690 2112 2770 inserebantur,
2198 2708 2354 2749 nunc
2430 2690 2605 2749 etiam

444 2961 475 3007 3
536 2955 805 3007 secuntur
851 2953 971 3007 AB
1029 2955 1334 3023 sequuntur
1397 2952 1450 3005 V
1614 2951 1937 3020 haruspices
1999 2951 2112 3003 PA
2170 2949 2453 3017 aruspices
2509 2951 2606 3003 Bv

441 3047 476 3094 4
516 3045 662 3109 quot
688 3059 898 3110 genera
926 3060 956 3095 v
986 3043 1133 3110 qnod
1163 3060 1371 3110 genera
1406 3041 1586 3095 PAB
1706 3040 1876 3093 insita
1903 3039 2017 3093 sint
2043 3039 2097 3092 A
2121 3039 2173 3091 V
2196 3037 2365 3092 insita
2394 3039 2525 3091 sunt
2549 3040 2605 3093 Β

444 3138 477 3184 5
508 3132 645 3185 illut
669 3132 723 3183 P
741 3129 881 3184 illud
903 3131 1065 3186 ABv
1176 3129 1422 3199 concipit
1441 3148 1577 3185 corr.
1601 3129 1857 3198 concepit
1875 3130 1931 3183 Β
2041 3136 2071 3182 6
2102 3128 2397 3181 inserueris
2424 3128 2604 3181 PAB

303 3220 575 3275 inseueris
611 3238 644 3274 v
792 3220 934 3290 fore]
980 3219 1128 3274 foret
1163 3220 1218 3271 Β
1364 3225 1391 3271 7
1450 3218 1749 3271 iucundam
1787 3234 1819 3270 v
1865 3216 2168 3271 iucundum
2209 3217 2327 3270 PB
2374 3215 2604 3271 iudcun·

305 3308 431 3362 dum
469 3309 530 3362 A
575 3308 879 3363 iocundum
915 3308 1057 3361 A2m
1204 3324 1371 3374 quam
1419 3306 1466 3358 si
1511 3304 1569 3358 in
1610 3322 1733 3359 eam
1771 3304 1957 3358 A²mv
1996 3322 2163 3372 quam
2204 3306 2251 3359 si
2288 3305 2346 3359 in
2385 3323 2452 3359 ea
2487 3308 2603 3362 PB

302 3402 350 3449 et
390 3398 767 3467 superscripto
813 3396 868 3449 in
907 3396 961 3449 A
1116 3412 1522 3463 quamcumque
1559 3394 1616 3449 A
1661 3410 2027 3462 quancunque
2076 3394 2186 3447 VB
2333 3399 2364 3446 8
2422 3397 2486 3449 ut
2531 3397 2605 3451 sit

305 3524 540 3592 utraque
593 3522 707 3575 VB
757 3522 819 3574 ut
867 3520 915 3573 si
952 3523 1187 3588 utraque
1228 3520 1282 3573 A
1426 3526 1457 3573 9
1508 3519 1689 3573 malus
1737 3518 1789 3570 V
1819 3518 1997 3572 maius
2036 3518 2157 3573 AB
2300 3497 2509 3574 inser⁰re
2547 3521 2601 3574 A

443 3617 513 3664 14
555 3627 623 3664 ac
663 3608 876 3664 diffisso
915 3611 968 3662 A
1008 3611 1065 3663 et
1101 3608 1315 3664 diffisso
1360 3610 1413 3661 P
1448 3611 1505 3663 et
1542 3609 1742 3662 defisso
1780 3626 1812 3662 v
1957 3607 2234 3677 inplicat.
2264 3627 2381 3664 una
2419 3611 2602 3665 littera

296 3705 416 3767 post
460 3702 487 3754 t
526 3716 689 3755 erasa
727 3699 784 3753 A
828 3698 1086 3768 implicat
1130 3699 1239 3752 VB
1385 3698 1661 3768 contingit
1701 3698 1819 3752 PB
1868 3697 2105 3766 contigit
2141 3698 2195 3751 A
2235 3698 2533 3768 contigerit
2566 3717 2599 3754 v

444 3797 509 3843 15
563 3788 716 3858 quod
763 3787 910 3842 intro
958 3791 1043 3843 est
1088 3788 1199 3843 VB
1247 3806 1355 3856 quo
1403 3788 1550 3842 intro
1598 3790 1684 3842 est
1718 3787 1775 3841 A
1820 3804 1929 3855 quo
1978 3788 2125 3841 intra
2172 3790 2258 3843 est
2293 3806 2347 3843 m
2489 3805 2602 3842 una

306 3880 458 3946 parte
498 3880 626 3934 AB
674 3894 787 3932 una
833 3879 981 3948 parti
1022 3879 1077 3931 P
1111 3878 1227 3932 ima
1264 3881 1422 3947 parte
1459 3895 1490 3931 v
1677 3883 1740 3930 16
1789 3877 2051 3931 corticem
2090 3894 2214 3931 cum
2254 3878 2462 3932 cortice
2509 3894 2598 3931 ex·

305 3971 606 4037 aequatum
652 3985 706 4021 m
753 3966 1044 4022 Iucundus
1100 3967 1362 4023 corticem
1419 3985 1543 4021 cum
1604 3965 1822 4021 cerdice
1871 3969 2248 4035 exequantum
2289 3968 2339 4020 A
2388 3965 2597 4021 cortice

307 4072 425 4111 cum
463 4056 688 4112 eordice
729 4059 1101 4125 exaequatum
1136 4057 1192 4110 Β
1232 4055 1495 4110 corticem
1532 4073 1661 4109 cum
1698 4056 1889 4110 codice
1928 4059 2294 4125 exaequatum
2338 4056 2390 4110 V
2531 4063 2595 4111 17

304 4142 572 4202 insereret
619 4162 758 4200 corr.
807 4144 1012 4198 inseret
1057 4147 1111 4197 A
1265 4145 1547 4199 derectum
1603 4144 1783 4199 PAB
1830 4145 2112 4199 detectum
2160 4163 2190 4199 v
2339 4151 2404 4199 18
2471 4163 2596 4200 cum

309 4235 659 4305 comprendit
703 4235 820 4288 PB
859 4251 963 4288 eon
1007 4234 1338 4304 conprendit
1373 4234 1430 4288 A
1466 4251 1592 4288 cum
1632 4235 2056 4303 comprehendit
2090 4252 2122 4288 v
2273 4241 2336 4288 19
2383 4236 2594 4304 praeci-

309 4324 388 4379 dit
436 4326 546 4381 VB
584 4324 839 4395 procidit
871 4324 928 4378 A

357 4399 362 4404 ’
442 4421 511 4469 20
557 4430 821 4483 quaeque
867 4412 1168 4468 transferas
1203 4430 1298 4469 mv
1337 4430 1557 4483 quaque
1597 4413 1900 4467 transferas
1942 4413 2124 4466 PAB
2303 4419 2370 4467 21
2420 4415 2591 4485 quod-

311 4518 408 4569 que
452 4503 564 4558 VA
604 4502 821 4572 quodq;
859 4503 914 4557 Β
951 4519 1172 4571 quoque
1209 4521 1261 4557 m
1299 4505 1447 4571 quod
1485 4518 1630 4572 quae
1670 4503 1962 4558 Iucundus
