3178 5185
798 424 1059 477 RERVM
1094 422 1571 479 RVSTICARVM
1607 425 1742 479 LIB.
1781 425 1805 477 I
1846 422 2099 481 28—29
2506 417 2586 482 81

311 579 405 657 sit,
453 586 686 657 practer
737 596 919 639 unum
971 597 1284 640 numerum
1336 580 1644 640 manifesto
1692 597 1913 660 errore,
1957 588 2023 641 ut
2069 580 2206 661 dixi,
2244 588 2589 661 corruptum

307 685 573 764 reliquos
620 688 735 765 sic,
784 694 849 747 ut
896 688 955 746 in
1004 686 1208 747 codice
1256 688 1461 766 scripti
1512 695 1706 767 erant,
1753 689 1953 766 potius
2001 705 2235 748 servare
2284 705 2458 766 quam
2507 690 2592 748 in-

302 794 490 852 certis
539 792 1051 854 emendationibus
1098 801 1388 871 temptare
1437 792 1739 854 debemus,

482 904 671 958 XXIX
714 897 746 959 1
813 897 890 959 Iu
943 901 1169 978 primo
1216 898 1638 977 interuallo]
1690 901 1763 960 In
1810 902 2307 980 praepositionem
2355 901 2588 981 inclusi,

308 1008 588 1085 quoniam
647 1008 707 1066 in
772 1006 1018 1085 reliquis
1085 1005 1408 1067 intervallis
1468 1005 1653 1066 Varro
1710 1003 1959 1067 ablativo
2015 1024 2156 1067 casu
2222 1025 2339 1068 non
2397 1007 2589 1068 addita

305 1115 750 1192 praepositione
798 1131 943 1174 usus
990 1123 1098 1174 est.
1847 1095 1862 1118 ⁴

486 1220 885 1281 Seminaria
932 1238 1132 1280 omne
1179 1238 1402 1300 genus
1461 1228 1534 1280 ut
1591 1228 1929 1281 serantur
1984 1224 2225 1300 putari
2281 1223 2591 1300 inpratis
2639 1217 2643 1221 ’

304 1331 581 1389 circum
658 1329 848 1388 uites
913 1325 1280 1387 ablacuari
1343 1326 1626 1387 radices
1693 1345 1868 1406 quae
1933 1329 2003 1387 in
2069 1346 2328 1388 summa
2395 1336 2591 1389 terra

305 1443 474 1495 sunt
522 1433 847 1515 praecidi
894 1441 1097 1512 prata
1141 1436 1437 1513 purgari
1485 1434 1744 1494 salicta
1801 1436 1945 1494 seri
1992 1444 2277 1513 segetes
2333 1434 2591 1513 sarire]

306 1543 534 1601 Putari
579 1544 642 1602 in
682 1544 899 1618 primis
953 1541 1091 1602 inde
1148 1560 1180 1601 a
1236 1542 1502 1620 principe
1553 1539 1811 1601 editione
1869 1549 2178 1620 receptum
2234 1552 2387 1624 erat,
2434 1542 2591 1622 quod

300 1649 504 1727 inepte
575 1646 978 1708 Schneiderus
1042 1646 1307 1709 defendit
1371 1649 1678 1728 vinearum
1743 1647 1833 1708 vel
1900 1650 2352 1709 seminariorum
2425 1657 2590 1728 puta—

305 1757 528 1815 tionem
578 1753 947 1833 intellegenS.
1037 1773 1232 1833 neque
1279 1757 1464 1834 magis
1511 1751 1752 1833 probari
1796 1764 2048 1832 possunt
2097 1773 2246 1834 quae
2287 1755 2398 1816 alii
2456 1774 2591 1816 con·

301 1863 609 1944 iecerunt,
676 1865 737 1922 in
794 1865 1039 1938 paratis
1091 1860 1335 1942 Popma,
1393 1869 1460 1921 ut
1515 1869 1716 1940 parata
1781 1869 1983 1921 essent
2043 1864 2272 1943 vineae,
2329 1867 2594 1940 vipretas

303 1968 571 2048 Scaliger
613 1965 811 2029 verbis
857 1970 919 2027 in
964 1966 1124 2028 hunc
1171 1966 1413 2028 modum
1458 1969 1862 2048 transpositis,
1893 1972 2134 2045 putari,
2174 1972 2408 2030 circum
2445 1974 2594 2031 vites

301 2078 687 2152 ablaqueari,
734 2078 1017 2152 vipretaS,
1061 2078 1305 2136 radices
1342 2093 1500 2150 quae
1538 2078 1601 2136 in
1645 2092 1875 2136 summa
1914 2084 2086 2136 terra
2122 2085 2264 2137 sunt
2290 2081 2594 2154 praecidi.

304 2185 465 2243 varia
505 2185 815 2262 temptavit
851 2182 1181 2243 Pontedera
1219 2202 1274 2262 p.
1309 2178 1454 2265 125,
1492 2180 1595 2242 sed
1635 2184 1695 2242 in
1736 2201 1805 2243 eo
1844 2184 2154 2266 acquievit,
2193 2191 2260 2244 ut
2297 2188 2360 2245 in
2391 2189 2595 2261 pratis

294 2294 519 2366 putari
545 2290 1099 2367 interpretationem
1129 2307 1258 2350 esse
1289 2297 1527 2368 putaret
1556 2307 1763 2349 eorum
1787 2307 1937 2369 quae
1955 2289 2172 2351 deinde
2202 2294 2423 2371 scripta
2453 2299 2594 2352 sunt

296 2404 491 2473 prata
533 2400 820 2473 purqari.
885 2396 1040 2476 quod
1089 2377 1277 2476 genus
1324 2414 1569 2475 operum
1619 2394 1803 2456 Varro
1849 2401 2220 2478 praeceperit
2267 2401 2593 2482 nescimus3

303 2504 406 2564 sed
470 2505 840 2582 putationem
907 2522 1026 2565 non
1084 2522 1213 2564 esse
1270 2505 1331 2564 in
1386 2505 1600 2585 pratiS,
1657 2503 1760 2563 sed
1816 2504 1878 2564 in
1933 2507 2119 2565 vineis
2180 2506 2268 2566 vel
2333 2505 2593 2569 arbustis

303 2619 538 2672 certum
606 2620 716 2672 est.
808 2630 990 2691 quare
1056 2611 1290 2692 lacuna,
1347 2594 1460 2690 qua
1510 2610 1702 2671 rverha
1770 2621 2049 2691 corrupta
2114 2631 2245 2674 esse
2302 2613 2593 2696 videntur,

303 2719 578 2798 suppleta
626 2720 840 2797 scripsi
879 2721 1098 2796 putari
1140 2721 1411 2794 arbusta,
1457 2722 1804 2780 stercorari
1813 2796 1820 2805 .
1848 2721 1910 2780 in
1948 2725 2169 2796 pratis.
2243 2721 2388 2783 haec
2436 2724 2593 2783 enim

303 2824 626 2886 Columella
682 2826 757 2886 de
814 2825 1023 2886 eodem
1088 2833 1354 2905 tempore
1419 2826 1560 2886 anni
1616 2824 1884 2885 scribens
1939 2829 2240 2906 praecepit
2296 2827 2375 2887 XI
2412 2826 2472 2910 2,
2514 2826 2594 2889 16

304 2935 817 3008 arbustorumque
879 2936 1004 2994 sive
1051 2936 1288 3010 putatio
1351 2937 1478 2994 sive
1531 2936 1807 3008 alliqatio
1856 2936 2158 3010 finienda,
2223 2932 2302 2996 ib.
2346 2933 2423 2997 18
2480 2938 2595 2998 hoe

304 3043 513 3101 eodem
562 3048 829 3117 tempore
872 3043 1166 3102 stercoris
1203 3059 1359 3117 pars
1408 3043 1469 3100 in
1509 3047 1701 3116 prata
1749 3042 2106 3121 differenda,
2145 3060 2300 3118 pars
2346 3046 2491 3104 oleis
2538 3050 2598 3104 et

304 3151 527 3208 ceteris
592 3149 919 3208 arboribus
985 3150 1415 3225 insparqenda.
1509 3148 1637 3225 ipse
1702 3145 1885 3207 Varro
1950 3148 2148 3207 vineas
2223 3157 2282 3208 et
2355 3148 2594 3209 arbusta

305 3255 505 3331 putari
551 3256 729 3315 iussit
773 3256 832 3314 in
882 3257 1134 3333 septimo
1184 3263 1244 3315 et
1292 3263 1496 3315 octavo
1544 3252 1852 3315 intervallo
1901 3272 1950 3315 c.
1990 3250 2077 3315 35
2124 3264 2183 3314 et
2230 3251 2342 3335 363
2390 3256 2592 3316 eadem

308 3362 490 3440 igitur
548 3379 755 3443 opera,
803 3380 953 3441 quae
1009 3369 1270 3422 extrema
1329 3363 1468 3421 anni
1522 3369 1691 3441 parte
1748 3361 1880 3421 fleri
1936 3360 2144 3442 voluit,
2191 3363 2359 3423 initio
2417 3357 2593 3424 etiam

306 3470 613 3548 sequentis
661 3466 887 3529 tribuit.
963 3467 1101 3527 olim
1139 3471 1528 3545 praeparari
1572 3472 1634 3529 in
1674 3471 1877 3544 pratis
1924 3456 2302 3529 scribendum
2351 3472 2595 3552 conieci,

307 3594 419 3655 qua
476 3576 550 3636 de
612 3594 677 3635 re
735 3574 918 3635 Varro
973 3572 1141 3655 137,
1178 3570 1220 3635 5
1288 3582 1347 3634 et
1403 3574 1722 3635 Columella
1779 3573 1860 3634 XI
1896 3572 1957 3657 2,
1996 3572 2078 3637 27
2147 3575 2430 3638 scribunt.
2523 3577 2594 3638 ad

307 3681 551 3742 eandem
610 3701 737 3742 rem
794 3684 1055 3760 pertinet
1112 3681 1269 3761 quod
1326 3683 1387 3742 in
1444 3681 1706 3742 secundo
1766 3681 2073 3742 intervallo
2133 3682 2351 3761 legitur
2401 3693 2594 3761 prata

309 3789 568 3865 defendi,
609 3808 757 3868 quae
796 3798 888 3849 est
933 3806 1070 3867 pars
1107 3790 1593 3868 praeparationis,
1620 3820 1696 3832 —-
1728 3792 1925 3850 sariri
1970 3788 2283 3868 Sylburgio
2331 3802 2592 3872 auctore,

308 3905 373 3956 ut
416 3897 670 3979 videtur,
717 3898 974 3976 primum
1021 3898 1083 3955 in
1129 3894 1588 3956 Commeliniana
1638 3895 1897 3956 editione
1946 3896 2169 3957 editum
2220 3906 2326 3959 est.
2413 3904 2596 3959 arari

311 4003 527 4064 scholia
565 4002 890 4063 Beruensia
935 4005 996 4063 in
1035 4001 1204 4082 Verg.
1244 4021 1442 4082 georg.
1481 4002 1507 4061 I
1550 4000 1583 4063 1
1635 4021 1749 4064 nee
1788 4021 1939 4065 sane
1974 4009 2204 4078 seqetes
2239 4007 2592 4081 simpliciter

303 4128 416 4185 pro
479 4117 653 4172 terra
710 4117 1051 4187 ponuntur,
1115 4113 1227 4171 sed
1278 4128 1396 4186 pro
1461 4117 1635 4171 terra
1701 4117 1914 4188 arata,
1979 4118 2046 4170 ut
2123 4110 2317 4171 Varro
2382 4131 2592 4173 rerum

310 4221 679 4279 rusticarum
717 4221 918 4294 primo
963 4219 1119 4278 libro
1150 4225 1340 4293 prata
1379 4221 1667 4296 purqari,
1703 4220 1923 4278 salicta
1968 4220 2109 4287 seri,
2147 4224 2377 4290 seqetes
2413 4222 2596 4279 arari

312 4327 599 4386 convenit.
674 4324 879 4384 eadem
926 4342 1061 4384 cum
1109 4326 1183 4383 iis
1231 4342 1379 4402 quae
1428 4323 1583 4402 apud
1631 4322 1955 4384 Varronem
2001 4332 2335 4401 sequuntur
2368 4327 2593 4404 scripta

314 4440 445 4490 sunt
480 4433 542 4490 in
584 4429 825 4490 scholiis
863 4428 1274 4491 Laurentianis
1313 4440 1371 4491 et
1409 4429 1697 4490 Parisinis
1735 4448 1767 4489 a
1798 4428 2188 4489 Mommsenio
2225 4446 2374 4489 mus.
2407 4429 2593 4491 Rhen.

312 4553 363 4595 v,
407 4535 531 4595 XVI
579 4554 628 4598 a.
682 4533 850 4597 1861
899 4532 1122 4614 ρμ443
1170 4535 1394 4618 editis‚.
1425 4555 1538 4597 nec
1592 4555 1741 4598 sane
1794 4543 2021 4611 seqetes
2084 4538 2436 4611 simpliciter
2474 4556 2593 4614 pro

413 4648 563 4687 vum.
593 4656 704 4686 nnn.
735 4656 872 4688 nvem.
927 4647 989 4687 ΙΙ.
2137 4640 2167 4688 6
