3178 5185
786 423 1045 477 RERVM
1083 422 1562 479 RVSTIGARVM
1600 422 1734 477 LIB.
1773 423 1797 476 I
1838 421 2095 477 31-32
2501 414 2584 479 89

304 596 354 655 p.
391 573 522 637 342
564 576 826 652 serraqo
874 580 1104 639 viridis,
1198 595 1380 657 quare
1427 576 1572 637 duas
1635 576 1902 637 vocabuli
1962 576 2355 637 derivationes
2404 577 2585 638 Varro

303 684 531 761 posuit,
581 683 822 743 alteram
871 702 903 743 a
950 685 1129 765 ferro,
1167 684 1410 745 alteram
1456 703 1487 743 a
1534 684 1691 744 farre
1731 683 1986 764 ductam,
2026 686 2085 743 in
2132 683 2291 745 hunc
2330 684 2586 765 modum,

303 797 511 851 eontra
560 809 642 851 ex
686 799 911 866 seyme,
958 793 1066 852 ubi
1116 798 1254 852 sata
1301 793 1576 852 admixta
1637 794 1931 853 hordeum
1988 798 2047 852 et
2099 795 2258 854 vicia
2306 801 2365 853 et
2424 796 2585 867 lequ-

304 900 477 976 mina,
516 899 742 973 pabuli
785 916 976 959 causa
1025 901 1220 959 viride
1266 900 1343 958 ab
1383 916 1470 979 e0,
1507 901 1673 974 quod
1708 897 1886 974 ferro
1925 917 2127 973 caesa,
2158 898 2436 974 ferraqo,
2479 906 2588 959 aut

301 1008 432 1065 inde
471 1003 763 1079 sarraqo,
810 1007 974 1079 quod
1008 1008 1274 1081 primum
1321 1009 1382 1065 in
1423 1004 1719 1082 farrae-ia
1764 1014 1965 1081 seqete
2004 1009 2152 1080 fieri
2194 1013 2424 1083 coepta.

466 1110 564 1171 Eo
615 1112 780 1190 equi
812 1144 893 1152 —
923 1109 1351 1191 purgantur]
1393 1112 1488 1172 Ea
1524 1111 1828 1173 Iucundus
1866 1121 1927 1173 et
1968 1110 2282 1195 Victorius,
2319 1130 2407 1187 e0,
2444 1112 2505 1173 h.
2535 1130 2585 1173 e.

300 1220 478 1299 viridi,
525 1218 813 1297 Angelius
861 1220 1223 1281 restituerat.

468 1325 753 1397 Quibus
801 1344 955 1386 cum
1002 1343 1246 1386 susum
1294 1343 1553 1387 uersus
1602 1326 1834 1404 serpit
1889 1325 1969 1385 ad
2017 1343 2303 1404 scapum
2351 1324 2585 1405 lupini

297 1433 606 1494 aliumue
657 1451 861 1512 quem
909 1441 984 1493 ut
1029 1432 1324 1494 haereat
1373 1433 1439 1493 id
1488 1432 1679 1493 solet
1724 1430 2051 1510 uincere]
2104 1434 2322 1494 Susum
2368 1451 2586 1493 uersus

298 1540 540 1619 plurima
583 1541 936 1622 apographa,
975 1558 1179 1602 susum
1218 1557 1461 1602 uersum
1499 1538 1686 1600 codex
1725 1539 2107 1600 Florentinus·
2144 1548 2203 1600 et
2241 1538 2586 1620 politianus,

298 1650 392 1727 qui
448 1648 772 1709 lectionem
829 1649 1117 1727 principis
1173 1647 1450 1708 editionis
1507 1648 1724 1722 quibus
1778 1665 2019 1708 sursum
2075 1664 2321 1708 uorsum
2376 1665 2585 1725 parum

297 1764 565 1815 accurate
629 1763 986 1816 correxerat.
1079 1758 1314 1818 vincire
1368 1752 1611 1816 Merula.
1704 1757 2061 1815 sententiam
2124 1753 2470 1834 verborum,
2526 1756 2586 1815 in

298 1879 403 1940 qua
469 1863 838 1940 interpretes
903 1860 1346 1940 laboraverunt,
1407 1860 1816 1920 demonstrant
1882 1878 1949 1920 ea
2016 1878 2166 1939 quae
2231 1861 2304 1921 de
2370 1860 2587 1921 vitibus

299 1986 469 2046 supra
517 1969 746 2046 scripta
793 1976 951 2028 sunt.
1036 1968 1184 2027 vicia
1231 1969 1407 2048 enim,
1455 1986 1591 2032 cum
1642 1984 1845 2027 susum
1896 1985 2101 2029 versus
2148 1969 2352 2048 serpit,
2401 1976 2469 2028 ut
2514 1969 2584 2028 ad

298 2093 532 2154 scapum
583 2074 843 2153 aliquem
889 2073 1156 2155 haereat,
1205 2074 1496 2153 capreolis
1543 2073 1604 2133 id
1652 2091 1768 2153 quo
1816 2077 2087 2152 pervenit
2134 2075 2357 2135 vincire
2418 2074 2586 2155 solet,

296 2184 522 2258 quibus,
573 2200 715 2243 cum
761 2200 967 2242 susum
1013 2200 1224 2242 versus
1269 2184 1461 2258 serpit
1511 2212 1610 2255 —,
1659 2184 1725 2241 id
1765 2184 1914 2241 solet
1959 2185 2208 2243 vincire.

466 2290 737 2369 Aquam
777 2288 939 2348 addi
978 2289 1245 2349 cotidie
1285 2306 1317 2348 a
1355 2307 1491 2367 quo
1530 2287 1717 2367 quod
1756 2288 2034 2367 indiget
2071 2296 2242 2369 potu
2279 2307 2480 2368 poma
2512 2289 2586 2350 .l.

300 2396 481 2458 dicta
530 2415 698 2458 esse
745 2394 1079 2475 possunt]
1128 2395 1275 2455 Non.
1323 2413 1378 2474 p.
1409 2392 1512 2471 61,
1542 2392 1627 2456 28
1678 2397 1998 2457 Pomorum
2045 2414 2084 2456 α
2136 2396 2411 2457 Varrone
2442 2415 2584 2473 pro-

294 2509 520 2581 prietas
583 2508 919 2580 explanata
975 2510 1063 2564 est
1118 2506 1193 2564 de
1247 2521 1318 2563 re
1372 2506 1609 2564 rustica
1655 2505 1753 2563 lib.
1794 2504 1852 2578 I,
1905 2520 2128 2577 aquam
2175 2506 2326 2564 addi
2368 2507 2591 2565 cotidie

298 2616 534 2690 vesperi,
577 2631 621 2672 a
667 2628 803 2693 qu0,
841 2614 1005 2685 quod
1048 2614 1323 2686 indiqent
1357 2613 1550 2686 potui,
1581 2628 1765 2687 poma
1803 2613 1969 2672 dieta
2017 2630 2156 2672 esse.
2181 2617 2449 2687 possunt.
2506 2611 2584 2671 id.

300 2737 348 2796 p.
385 2716 533 2800 502,
571 2715 668 2780 20
713 2719 969 2778 Batinus
1008 2735 1127 2794 pro
1175 2718 1437 2778 ablativo
1485 2750 1565 2760 —
1633 2718 1829 2778 Varro
1887 2721 1963 2778 de
2016 2737 2087 2779 re
2132 2721 2367 2778 rustica
2414 2721 2511 2778 lib.
2551 2720 2592 2779 I

300 2844 334 2886 a
376 2845 510 2907 quo,
558 2828 730 2902 quod
774 2827 1047 2900 indiqent
1083 2827 1274 2901 potui,
1309 2841 1497 2902 poma
1546 2828 1712 2885 dieta
1759 2843 1887 2885 esse
1924 2832 2191 2901 possunt.
2253 2825 2406 2903 apud
2448 2823 2583 2885 Var-

299 2951 495 2995 ronem
544 2935 814 3009 vesperi,
864 2931 1021 3010 quod
1069 2933 1128 2991 in
1187 2949 1361 2991 manu
1421 2932 1659 3010 scriptis
1707 2929 1873 2991 libris
1929 2939 1987 2991 et
2043 2933 2102 2991 in
2158 2932 2584 3010 antiquissimis

298 3020 671 3102 editionibus·
702 3057 821 3098 non
866 3037 1110 3119 legitur,
1149 3057 1221 3098 ex
1267 3037 1456 3098 Nonio
1496 3037 1718 3098 addidit
1754 3037 2081 3114 Iucundus,
2123 3038 2335 3099 deinde
2384 3041 2582 3100 omisit

299 3148 607 3226 Angelius,
634 3163 811 3225 quem
850 3145 1147 3206 Victorius
1186 3153 1429 3205 secutus
1467 3153 1585 3226 est;
1632 3144 2067 3207 restituendum
2106 3163 2237 3207 esse
2277 3145 2580 3206 Mercerus

305 3253 369 3313 ad
415 3254 562 3316 Non.
617 3251 652 3313 l.
703 3271 751 3312 c.
791 3252 1107 3333 adnotavit,
1156 3268 1511 3330 quamquam
1559 3253 1795 3333 erravit,
1843 3270 1975 3312 cum
2022 3251 2178 3312 idem
2227 3254 2287 3312 in
2337 3248 2580 3332 ‘optimo

300 3362 492 3422 codice
553 3355 887 3441 Varronis',
949 3359 1005 3420 h.
1046 3378 1095 3419 e.
1152 3358 1446 3440 Parisino,
1512 3352 1802 3439 scriptum
1867 3377 1997 3420 esse
2067 3358 2325 3420 adderet.
2409 3364 2587 3436 potui

302 3468 443 3546 apud
501 3468 763 3528 Nonium
824 3468 1154 3547 posteriore
1213 3465 1342 3526 loco
1401 3465 1619 3526 babent
1682 3484 1915 3548 omneS,
1980 3469 2122 3528 item
2187 3468 2386 3547 priore
2452 3467 2580 3528 loco

303 3576 498 3652 optimi
548 3574 706 3655 libri,
739 3580 924 3650 potus
972 3592 1043 3633 ex
1090 3582 1433 3634 correctura
1482 3572 1849 3655 HarleiauuS,
1889 3582 2037 3651 potu
2081 3575 2255 3654 pauci
2302 3593 2373 3634 ex
2421 3573 2580 3634 dete-

304 3680 577 3761 rioribus,
636 3682 841 3757 potuis
906 3681 1211 3740 novissimi
1276 3679 1552 3741 editores,
1645 3680 1758 3741 hoc
1815 3698 1922 3742 cur
1979 3680 2228 3741 Varroni
2283 3680 2579 3747 tribuatur

305 3803 468 3847 causa
517 3804 638 3848 non
689 3794 796 3846 est.
871 3805 1003 3857 nam
1053 3786 1802 3869 corruptolibrosNonius
1850 3787 1938 3848 vel
1985 3789 2036 3848 is
2085 3806 2260 3866 quem
2308 3787 2405 3848 ille
2445 3807 2578 3849 auc-

305 3900 483 3954 torem
531 3900 777 3955 secutus
824 3900 951 3953 erat
997 3911 1142 3953 usus
1190 3901 1298 3954 est.
1877 3950 1886 3957 .
2391 3952 2402 3973 s

470 4007 682 4061 XXXII
724 3998 756 4061 1
818 4000 1241 4070 Quindecim
1288 3999 1570 4078 diebus]
1621 4000 1704 4061 De
1743 4002 2057 4063 frumentis
2105 4000 2248 4062 alios
2297 4020 2578 4063 numeros

311 4105 559 4169 Varrone
608 4115 852 4167 auctore
900 4106 1124 4168 indicat
1168 4104 1393 4167 Plinius
1442 4105 1625 4168 XVIII
1663 4105 1747 4170 56
1810 4109 2005 4170 Varro
2062 4115 2281 4184 quater
2334 4112 2580 4170 novenis

311 4216 507 4276 diebus
546 4214 769 4292 fruyes
816 4215 1045 4274 absolvi
1088 4217 1281 4275 tradit
1326 4221 1384 4275 et
1428 4232 1629 4276 mense
1659 4220 1832 4279 x‘nono
1879 4219 2034 4276 meti.
2110 4214 2213 4275 sed
2253 4234 2318 4275 ea
2368 4225 2467 4276 aut
2505 4216 2575 4276 ab

310 4317 412 4380 boc
456 4321 584 4382 loco
632 4320 821 4381 aliena
869 4330 968 4381 aut
1013 4339 1223 4400 parum
1271 4330 1545 4382 accurate
1594 4341 1624 4382 a
1671 4321 1859 4382 Plinio
1908 4321 2089 4382 relata
2136 4328 2293 4382 sunt.

472 4426 512 4488 2
572 4429 861 4502 Ervilam‚
900 4436 964 4488 ut
1011 4427 1122 4489 fuit
1167 4430 1228 4488 in
1276 4429 1613 4509 archetypo,
1653 4428 1946 4489 Victorius
1994 4428 2155 4489 dedit
2200 4429 2262 4488 in
2311 4429 2568 4490 secunda

313 4530 574 4615 editione,
594 4537 871 4597 erviliam
901 4537 1264 4617 antiquiores
1293 4536 1428 4598 inde
1459 4555 1490 4596 a
1519 4537 1787 4617 principe
1818 4535 2092 4615 editione,
2112 4537 2268 4597 sicut
2288 4537 2575 4618 scriptum
