3178 5185
549 411 694 478 264·
1182 428 1187 433 ·
1232 414 1611 470 ΟΟΜΜΕΝΤ.
1650 413 1729 468 IN
1767 411 2142 467 VARRONIS

544 576 830 653 fecerint,
868 591 1181 648 moresque
1219 589 1430 632 earum
1469 573 1734 630 maxime
1766 572 2070 646 pernosci,
2108 571 2392 644 quoniam
2431 570 2595 628 aliae
2630 569 2837 629 melius

554 686 890 756 excuciant,
939 684 1101 742 aliae
1157 681 1347 740 editos
1386 682 1584 756 pullos
1641 680 2009 739 commodius
2064 674 2337 738 educent.
2428 693 2677 754 geopon.
2714 672 2838 733 XIV

555 788 612 871 7,
654 787 734 852 16
797 786 904 850 δεῖ
955 781 1030 849 δὲ
1084 776 1478 848 ὑποτιθέναι
1536 791 1681 858 ταῖς
1725 782 2273 867 προβεβηκυίαις,
2322 775 2404 846 οὐ
2450 789 2594 855 ταῖς
2640 772 2837 862 ἄκμα-

554 889 816 973 ζούσαις
859 889 970 958 καὶ
1007 893 1251 956 τίκτειν
1290 886 1712 975 δυναμέναις.
1777 882 2225 972 ἀκμαιόταται,
2260 882 2388 972 γὰρ
2435 881 2603 967 πρὸς
2642 883 2842 976 ᾠοτο-

552 1003 706 1065 κίαν
754 996 924 1065 εἰσὶν
973 999 1047 1064 αἱ
1091 994 1448 1080 ἐνιαύσιαι,
1487 994 1770 1079 μάλιστα
1819 992 1892 1061 δὲ
1940 996 2013 1062 αἱ
2057 996 2311 1079 διετεῖς,
2350 996 2425 1061 αἱ
2466 992 2541 1060 δὲ
2585 990 2842 1060 τούτων

555 1103 996 1191 πρεσβύτεραι
1055 1093 1274 1190 ἦττον.
1365 1098 1481 1181 τὰς
1539 1100 1615 1169 δὲ
1668 1103 1909 1189 κέντρα
1966 1099 2243 1188 ἐχούσας
2307 1097 2528 1188 ὄρνεις
2583 1097 2843 1168 ἐοικότα

550 1225 690 1292 τοῖς
760 1214 895 1279 τῶν
972 1209 1434 1296 ἀλεκτρυόνων
1507 1209 1843 1277 κωλυτέον
1917 1207 2263 1299 ἐπῳάζειν·
2345 1210 2645 1295 τρυπῶσι
2718 1205 2844 1294 γὰρ

551 1344 630 1385 τα
678 1317 799 1411 ῷά.

736 1430 817 1494 10
882 1432 953 1494 Si
1007 1451 1135 1493 oua
1191 1430 1484 1511 gallinis
1540 1432 1901 1509 pauonina
1963 1428 2501 1491 subicias.cum
2548 1430 2685 1489 iam
2732 1428 2846 1490 de-

555 1559 700 1601 cem
767 1541 917 1600 dies
985 1538 1370 1618 gallinacia
1437 1538 1687 1599 fouere
1753 1539 1998 1616 coepit
2065 1546 2207 1597 tum
2274 1537 2585 1615 denique
2655 1536 2847 1598 subi-

555 1666 718 1707 cere
785 1658 861 1708 ut
923 1665 1055 1707 una
1122 1646 1430 1707 excudat
1494 1645 1905 1723 gallinaciis
1971 1646 2157 1704 enim
2226 1643 2444 1724 pullis
2509 1642 2620 1703 bis
2688 1643 2849 1705 deni

555 1755 709 1815 dies
771 1771 947 1831 opus
1009 1762 1182 1821 sunt
1242 1755 1628 1832 pauoninis
1690 1762 1798 1812 ter
1862 1750 2151 1828 noueni]
2205 1753 2519 1813 Pavonina
2565 1753 2852 1813 subiicies

556 1870 616 1922 et
654 1864 967 1923 excuciant
1013 1861 1166 1921 edita
1215 1860 1350 1921 inde
1399 1879 1429 1920 a
1477 1861 1747 1940 principe
1796 1859 2056 1920 editione
2103 1858 2474 1939 exemplaria.
2551 1878 2690 1920 cum
2732 1864 2849 1920 iam

557 1972 762 2030 decem
810 1972 937 2030 dies
973 1972 1288 2045 pavonina
1328 1966 1543 2043 fovere
1589 1970 1803 2044 coepit,
1843 1974 1967 2028 tum
2014 1967 2274 2041 denique
2313 1970 2669 2041 qallinacea
2717 1971 2850 2029 sub-

557 2079 747 2136 iicere
794 2074 1096 2135 Iucundus
1154 2081 1214 2135 et
1270 2073 1484 2134 deinde
1541 2073 1757 2152 reliqui
1819 2074 2094 2134 editores,
2181 2076 2502 2150 pavoninis
2560 2080 2656 2135 ter
2714 2078 2856 2137 deni

559 2182 979 2243 Schneiderus.
1048 2185 1391 2259 pallinacia
1439 2182 1501 2240 in
1550 2181 1870 2260 archetypo
1909 2180 2100 2241 alieno
2147 2179 2277 2241 loco
2325 2182 2615 2260 scriptum
2666 2182 2850 2243 fuisse

557 2297 816 2369 apparet.
890 2289 1003 2350 hoc
1043 2291 1402 2368 transposito
1444 2290 1660 2368 scripsi
1696 2293 1753 2349 si
1787 2307 1899 2350 ova
1934 2292 2183 2364 pallinis
2214 2292 2525 2365 pavonina
2563 2291 2851 2366 subicias,

497 2462 500 2463 γ
560 2415 697 2458 cum
745 2401 867 2457 iam
914 2400 1118 2458 decem
1166 2400 1293 2457 dies
1333 2394 1547 2472 fovere
1595 2400 1810 2474 coepit,
1850 2404 1973 2457 tum
2021 2398 2281 2470 denique
2322 2399 2667 2471 qallinacia
2714 2400 2849 2459 sub-

559 2508 740 2579 icere,
786 2511 852 2564 ut
898 2522 1021 2565 una
1069 2506 1360 2564 excudat.
1454 2491 1737 2564 numeros
1795 2510 1992 2563 autem
2042 2503 2272 2564 dierum
2331 2504 2529 2563 minus
2577 2514 2853 2566 accurate

559 2613 741 2673 Varro
803 2612 1110 2692 indicavit,
1175 2613 1510 2672 accuratius
1559 2611 1878 2673 Columella
1926 2611 2054 2672 VIII
2095 2608 2155 2692 5,
2198 2610 2279 2673 10
2341 2614 2576 2689 diebus,
2639 2617 2855 2689 quibus

560 2722 915 2780 animantur
974 2736 1087 2780 ova
1154 2725 1212 2780 et
1269 2723 1472 2796 specie
1533 2723 1845 2781 volucrum
1907 2719 2399 2796 conformantur,
2447 2726 2540 2780 ter
2594 2725 2854 2797 septenis

561 2846 710 2904 opus
757 2834 844 2887 esc
885 2829 1232 2901 qallinaceo
1275 2830 1518 2902 yeneri,
1567 2835 1633 2887 at
1682 2831 1989 2905 pavonino
2047 2835 2107 2889 et
2167 2830 2455 2888 anserino
2494 2833 2685 2904 paulo
2734 2849 2850 2890 am-

552 2937 715 3012 plius
763 2941 856 2994 ter
902 2936 1163 2994 novenis,
1255 2952 1414 3009 quae
1459 2938 1517 2995 si
1558 2937 1802 3009 quando
1853 2920 2091 3011 fuerint
2142 2938 2539 3012 supponenda
2582 2940 2847 3011 pallinis,

552 3045 733 3119 prius
789 3060 894 3102 cas
950 3042 1246 3101 incubare
1303 3045 1507 3104 decem
1571 3044 1783 3104 diebus
1834 3041 2061 3118 fecibus
2118 3045 2478 3117 alieniqenis
2526 3047 2853 3121 patiemur,

561 3158 684 3210 tum
732 3152 966 3210 demum
1011 3151 1112 3208 sui
1149 3152 1412 3223 ceneris.
1487 3155 1778 3223 quattuor
1815 3168 1928 3211 ova
1974 3169 2087 3212 nec
2126 3154 2316 3227 plura
2362 3168 2544 3224 quam
2592 3155 2853 3227 quinque

554 3257 822 3333 fovenda
869 3260 1183 3333 recipient.
1274 3255 1545 3316 similiter
1592 3254 1721 3316 VIII
1763 3253 1863 3337 11,
1902 3255 1943 3318 2
1993 3266 2053 3317 et
2099 3274 2346 3336 geopon.
2386 3255 2513 3316 XIV
2556 3254 2614 3337 7,
2652 3254 2755 3319 28.

740 3363 875 3424 Eas
923 3362 1298 3424 includere
1347 3372 1639 3442 oportet
1685 3372 1762 3424 ut
1823 3363 2003 3424 diem
2052 3373 2121 3424 et
2170 3372 2451 3426 noctem
2508 3364 2855 3426 incubent

562 3480 1069 3552 praeterquam
1118 3489 1148 3529 a
1196 3488 1393 3531 mane
1443 3478 1510 3530 et
1568 3489 1875 3550 uespere
1935 3471 2092 3532 dum
2150 3471 2360 3533 cibus
2408 3490 2484 3532 ac
2541 3475 2743 3553 potio
2796 3475 2853 3534 is

564 3577 800 3656 detur]
852 3579 1023 3639 Potio
1071 3579 1264 3638 omnia
1313 3578 1673 3658 apographa,
1713 3586 1895 3656 potus
1955 3582 2015 3639 in
2071 3580 2341 3658 principe
2393 3579 2655 3640 editione
2703 3580 2849 3641 Poli-

565 3689 759 3748 tianus
807 3704 925 3746 non
974 3687 1249 3747 correxit.
1335 3692 1773 3761 praeterquam
1829 3704 2006 3746 mane
2052 3684 2353 3746 Iucundus
2411 3695 2468 3746 et
2526 3705 2599 3746 ex
2649 3686 2855 3748 Aldina

565 3793 823 3855 editione
891 3791 1320 3853 Schneiderus:
1380 3800 1817 3870 praeterquam
1884 3811 1924 3854 a
1988 3811 2165 3854 mane
2234 3792 2530 3854 Victorius
2598 3793 2855 3857 dederat.

565 3906 752 3963 datur
815 3897 1215 3959 Schneiderus
1276 3918 1346 3958 ex
1408 3901 1748 3959 coniectura
1809 3899 2034 3959 Ursini.
2127 3901 2634 3979 praepositionem
2696 3911 2854 3963 recte

562 4007 863 4070 Iucundus
939 4004 1169 4067 delevit.
1261 4024 1394 4066 nam
1478 4025 1516 4066 a
1593 4024 1769 4068 mane
1840 4008 1901 4065 in
1976 4006 2316 4067 definitione
2392 4011 2677 4087 temporis
2750 4028 2855 4089 pro

562 4135 738 4177 manc
784 4114 1006 4175 dictum
1055 4132 1172 4173 non
1220 4122 1328 4174 est.
1420 4113 1489 4174 de
1540 4115 1916 4176 coniunctivo
1966 4114 2026 4173 in
2075 4115 2410 4193 praeceptis
2459 4114 2847 4177 dubitandum

565 4243 683 4284 non
724 4231 875 4283 erat:
913 4220 965 4281 ll
1003 4217 1065 4301 4,
1094 4218 1178 4282 14
1214 4241 1307 4296 ne,
1347 4225 1487 4282 dum
1533 4225 1754 4283 exilire
1792 4224 1946 4298 velit,
1976 4239 2292 4298 praeqnas
2331 4223 2584 4283 abortet.
2654 4224 2850 4284 eadem

565 4331 1014 4409 praecipiuntur
1061 4347 1305 4408 geopon.
1347 4327 1473 4389 XIV
1516 4326 1572 4410 7,
1620 4325 1719 4390 18.

750 4435 824 4496 11
891 4435 1192 4495 Curator
1257 4445 1545 4514 oportet
1612 4438 2011 4497 circumeat
2063 4470 2135 4479 —
2189 4455 2263 4498 ac
2335 4445 2631 4498 uertere
2698 4436 2848 4514 oua]

580 4544 788 4604 Vertat
834 4543 1087 4602 Ursinus
1136 4551 1195 4603 et
1245 4541 1663 4605 Schneiderus
