3178 5185
538 393 668 456 248
1224 396 1605 454 ΟΟΜΜΕΝΤ.
1644 397 1724 450 IN
1761 395 2138 452 VARRONIS

539 556 1032 629 suffraqaturum
1079 551 1219 612 libri
1258 570 1436 613 manu
1476 553 1685 632 scripti
1723 570 1949 633 omneS,
1986 553 2473 627 suffraqatorum
2511 550 2834 612 Politianus

539 663 602 721 in
648 661 916 740 principe
966 659 1224 720 editione
1272 677 1390 719 non
1440 661 1720 720 correxit.

722 773 800 828 VI
840 764 874 827 1
936 765 1029 826 De
1078 784 1349 845 pauone
1398 768 1641 846 inquit
1698 765 1925 827 libere
1982 764 2205 843 dicas]
2254 768 2347 828 De
2383 768 2737 844 pauonibus
2782 785 2837 827 m

545 883 605 936 et
651 874 890 937 rubrica
939 873 1267 934 Florentini
1317 873 1557 934 codicis.
1651 891 1858 934 verum
1905 872 2018 933 hoc
2064 890 2195 933 esse
2243 873 2389 934 vidit
2434 873 2707 934 Ursinus,

719 981 851 1052 Qui
917 999 1127 1042 secus
1184 983 1413 1059 siquit
1469 980 1754 1040 diceres
1821 979 1901 1040 de
1970 980 2062 1040 iis
2118 979 2572 1058 gentilitatis
2630 998 2841 1040 causa

545 1092 857 1151 fortasse
925 1097 1086 1149 ante
1153 1105 1308 1148 cum
1373 1087 1681 1148 duceret
1745 1083 2046 1165 serram]
2107 1089 2395 1162 Fprtasse
2457 1086 2599 1147 libri
2664 1105 2840 1147 manu

546 1198 755 1275 scripti
802 1213 1028 1275 omneS,
1075 1213 1194 1255 non
1239 1194 1543 1271 fortassis,
1583 1194 1740 1273 quod
1789 1196 1850 1254 in
1895 1195 2169 1272 principe
2216 1194 2474 1254 editione
2512 1193 2842 1255 Politianus

546 1322 665 1364 non
715 1303 990 1364 correxit.
1082 1306 1190 1376 qui
1240 1320 1416 1364 secus
1470 1305 1530 1363 si
1582 1305 1735 1377 quid
1788 1303 2022 1362 diceret
2067 1333 2152 1342 —
2193 1299 2465 1376 fortasse
2519 1307 2665 1362 ante
2712 1319 2845 1362 eum

546 1415 800 1472 duceret
835 1426 1076 1471 serram
1116 1406 1435 1468 lucunduS.
1510 1411 1568 1468 si
1603 1411 1756 1483 quid
1790 1411 2030 1469 diceres
2068 1407 2321 1468 Ursinus
2367 1409 2651 1468 restituit.
2711 1409 2841 1485 for-

547 1526 707 1578 tasse
744 1536 825 1578 an
866 1524 1063 1577 tecum
1095 1519 1349 1575 duceret
1384 1533 1623 1576 serram
1653 1514 1907 1575 Ursinus
1937 1522 1997 1575 et
2027 1513 2310 1592 Scaliger.
2380 1522 2609 1575 sertam
2648 1523 2842 1576 tamen

550 1642 863 1702 perperam
911 1620 1289 1702 praeferebat
1329 1620 1592 1699 Scaliger
1635 1624 1841 1682 restim
1881 1621 1971 1681 vel
2022 1619 2350 1681 funiculum
2379 1604 2842 1701 interpretatus,

542 1731 810 1808 fortasse
858 1749 938 1790 an
987 1728 1171 1789 Varro
1220 1728 1368 1788 dixit
1415 1727 1493 1787 lll
1534 1725 1637 1802 16,
1679 1725 1763 1789 10
1819 1737 1879 1789 et
1935 1730 1995 1788 in
2051 1727 2221 1788 libris
2278 1727 2352 1788 de
2406 1727 2608 1806 lingua
2668 1727 2842 1788 latina

550 1847 660 1919 ter,
712 1837 758 1896 V
798 1833 900 1898 34.
939 1826 1051 1895 'vll
1090 1831 1193 1896 40.
1243 1833 1372 1895 VIII
1413 1833 1481 1916 73
1538 1834 1809 1911 forsitan
1858 1836 1918 1895 in
1965 1817 2187 1896 ⁴rerum
2253 1836 2615 1896 rusticarum
2681 1835 2844 1896 libris

550 1921 900 2023 numquam,
965 1943 1038 2003 de
1086 1943 1225 2021 ling.
1272 1941 1368 2002 lat.
1415 1941 1526 2023 bis,
1576 1941 1648 2001 Vl
1690 1939 1774 2003 14
1823 1950 1882 2003 et
1927 1942 2007 2002 IX
2047 1939 2158 2025 60,
2224 1941 2327 2003 ubi
2383 1941 2446 2002 L.
2496 1941 2845 2022 Spengelius

544 2052 811 2127 sortasse
848 2070 929 2111 an
968 2049 1152 2111 scribi
1190 2048 1393 2130 voluit,
1424 2049 1694 2124 forsitan
1733 2049 2010 2111 Reiterus
2048 2058 2275 2128 quaest.
2314 2048 2560 2111 Varron.
2601 2068 2843 2128 gramm.

552 2179 604 2238 p.
650 2155 776 2219 105
815 2156 1095 2217 defendit.
1172 2174 1398 2217 serram
1436 2155 1677 2236 ducere,
1714 2155 1770 2215 h.
1802 2175 1851 2216 e.
1891 2155 2182 2238 altercari,
2227 2163 2363 2235 post
2401 2156 2711 2216 Cuiacium
2751 2155 2847 2216 ob-

553 2284 703 2325 serv.
743 2262 819 2345 9,
858 2261 897 2325 8
964 2261 1277 2341 explicavit
1332 2262 1663 2322 Gronovius
1730 2262 1961 2323 observ.
1998 2261 2068 2341 4,
2106 2261 2148 2324 5
2214 2263 2513 2340 adscripto
2580 2261 2846 2342 exemplo

552 2371 831 2431 Varronis
896 2368 1049 2449 apud
1107 2368 1362 2429 Nonium
1418 2388 1473 2447 p.
1513 2366 1618 2449 25,
1662 2366 1693 2429 l
1766 2370 1962 2431 Varro
2020 2371 2334 2446 Mysteriis
2396 2362 2535 2455 ‘aes
2603 2368 2846 2445 defrau-

555 2482 731 2539 dasse
768 2494 1071 2553 coponem,
1103 2478 1315 2537 Obbam
1354 2480 1479 2537 luto
1517 2478 1820 2556 obleuisse,
1850 2495 1987 2537 cum
2018 2479 2319 2553 portitore
2356 2494 2598 2537 serram
2638 2472 2847 2538 duxe’.

733 2583 828 2644 Ex
874 2585 965 2643 iis
1005 2582 1077 2643 M.
1118 2583 1437 2644 aufidius
1474 2581 1725 2663 lyrcho
1766 2602 1983 2663 supra
2023 2600 2376 2661 sexagena
2424 2582 2617 2644 milia
2661 2603 2847 2645 num-

557 2709 737 2751 mum
786 2691 857 2749 in
906 2707 1084 2748 anno
1126 2690 1400 2751 dicitur
1439 2689 1726 2770 capere]
1759 2692 1858 2751 Ex
1893 2693 1987 2751 his
2027 2691 2109 2750 M.
2140 2692 2420 2764 Aufidius
2458 2692 2665 2753 Lurco
2697 2693 2846 2752 HS.

554 2815 868 2872 sexaqena
926 2799 1115 2857 millia
1182 2814 1484 2858 nummum
1541 2795 1864 2857 IucunduS.
1917 2817 2145 2882 ‚supra
2203 2815 2517 2873 sexayena
2574 2798 2851 2878 Angelius

558 2906 841 2965 restituit.
931 2906 1272 2963 sestertium
1319 2922 1636 2979 sexaqena
1683 2907 1873 2965 millia
1921 2922 2222 2965 nummum
2272 2903 2678 2980 Schneiderus
2727 2903 2852 2966 coll.

557 3012 707 3072 Plin.
744 3008 797 3070 X
833 3007 920 3071 45
967 3027 1267 3086 pavonem
1330 3013 1457 3072 cibi
1503 3014 1719 3086 qratia
1778 3012 2012 3072 Romae
2063 3014 2300 3088 primus
2355 3013 2586 3072 occidit
2644 3019 2857 3074 orator

560 3120 922 3179 Hortensius
987 3118 1233 3178 aditiali
1263 3170 1267 3174 .
1294 3135 1448 3178 cena
1508 3121 1862 3178 sacerdotii.
1953 3122 2248 3194 saqinare
2303 3121 2543 3194 primus
2601 3122 2858 3180 instituit

560 3229 735 3287 eirca
781 3226 1163 3285 novissimum
1204 3227 1540 3300 piraticum
1589 3225 1805 3284 bellum
1845 3225 1928 3284 M.
1969 3226 2249 3298 Aufidius
2286 3226 2493 3285 Lurco
2541 3244 2745 3301 exque
2789 3243 2856 3287 eo

559 3337 814 3407 quaestu
862 3332 1097 3390 reditus
1141 3333 1481 3391 sestertium
1526 3349 1841 3405 sexaqena
1888 3334 2054 3393 milia
2101 3334 2330 3392 habuit.

740 3432 782 3494 2
854 3434 1205 3496 Pascendi
1270 3455 1527 3516 greges
1593 3445 1918 3516 agrestes
1984 3437 2452 3498 transmarini
2518 3456 2682 3499 esse
2757 3438 2855 3499 di·

564 3551 826 3605 cuntur
872 3544 942 3602 in
989 3542 1257 3604 insulis
1304 3545 1480 3604 sami
1525 3546 1597 3604 in
1644 3543 1810 3605 luco
1856 3546 2150 3605 iunonis
2194 3546 2364 3605 item
2412 3545 2483 3604 in
2529 3545 2856 3624 planasia

564 3654 635 3712 in
685 3649 989 3726 insulam
1036 3649 1342 3728 pisonis]
1395 3654 1469 3712 In
1516 3656 1718 3713 insula
1767 3653 2004 3712 Pisonis
2063 3651 2242 3711 editio
2300 3653 2580 3730 princeps
2628 3645 2857 3712 a'Poli·

568 3760 723 3818 tiano
773 3774 890 3816 non
937 3765 1206 3816 correcta
1254 3766 1313 3818 et
1361 3757 1547 3818 codex
1588 3758 1900 3837 CaesenaS,
1942 3761 2002 3817 in
2052 3760 2310 3818 insulam
2348 3751 2584 3833 pisonis
2630 3757 2857 3838 reliqua

566 3863 915 3945 apographa.
1001 3882 1305 3940 pavonum
1366 3884 1588 3941 qreqes
1653 3872 1926 3941 aqrestes
1991 3867 2395 3925 transmarini
2447 3896 2531 3906 —
2592 3869 2735 3927 item
2799 3870 2858 3951 in

569 3974 861 4034 Planasia
907 3973 1108 4034 insula
1156 3971 1241 4030 M.
1289 3972 1527 4044 Pisonis
1573 3968 1892 4030 lucunduS.
1984 3961 2047 4030 in
2096 3971 2389 4030 Planasia
2454 3973 2517 4030 in
2572 3974 2730 4032 silva
2777 3972 2856 4031 M.

569 4081 808 4140 Pisonis
856 4075 1127 4137 Ursinus,
1202 4076 1506 4156 archetypi
1545 4076 1862 4137 lectionem
1893 4078 2198 4153 pascendi
2240 4077 2476 4136 restitui
2515 4084 2576 4137 et
2622 4096 2857 4157 pravam

569 4185 887 4247 verborum
927 4184 1387 4263 distinctionem,
1427 4202 1574 4263 quae
1608 4184 1719 4243 fuit
1756 4185 1816 4243 in
1858 4182 2241 4264 editionibus,
2279 4185 2530 4263 correxi,
2563 4188 2863 4260 pascendi

565 4310 787 4369 yreqes
833 4297 1121 4365 aerestes.
1215 4293 1622 4351 transmarini
1665 4309 1794 4352 esse
1841 4293 2134 4351 dicuntur
2182 4294 2243 4351 in
2293 4292 2534 4364 insulis,
2584 4292 2759 4351 Sami
2799 4293 2858 4351 in

571 4404 707 4461 luco
756 4398 1024 4471 Iunonis,
1074 4400 1211 4457 item
1260 4400 1322 4457 in
1363 4400 1656 4459 Planasia
1704 4401 1903 4458 insula
1942 4397 2026 4457 M.
2066 4399 2319 4458 Pisonis.
2394 4397 2678 4474 pascendi
2726 4403 2860 4457 sunt

573 4506 643 4566 ad
675 4504 865 4563 villam
898 4511 1161 4580 agrestes
1191 4521 1401 4582 greges
1438 4521 1751 4585 pavonum,
1784 4504 2162 4563 transmarini
2200 4501 2495 4563 habentur
2534 4503 2595 4562 in
2625 4503 2857 4563 insulis:
