3178 5185
601 385 724 449 126
1290 391 1674 447 COMMENT.
1711 393 1783 447 IN
1827 392 2202 449 VARRONIS

596 547 882 628 exemplis
956 548 1341 608 confirmavit.
1434 548 1512 608 111
1567 546 1664 630 16,
1703 546 1787 610 28
1848 552 2152 627 pisierunt
2217 567 2287 609 ex
2355 548 2556 609 codice
2623 550 2872 632 restitui,

597 674 953 735 quamquam
1001 675 1068 717 ea
1118 657 1303 716 forma
1361 656 1616 735 perfecti
1671 656 1743 716 ab
1803 655 1931 717 aliis
1988 665 2271 736 usurpata
2330 674 2448 716 non
2507 665 2628 738 est3
2688 659 2889 733 pinsui

595 762 955 842 Pomponius
1001 762 1155 842 apud
1206 762 1545 822 Diomedem
1592 782 1648 842 p.
1688 759 1838 845 373,
1879 760 1914 824 7
1968 772 2027 824 31
2074 763 2224 843 apud
2275 763 2646 825 Priscianum
2706 764 2741 824 1.
2787 763 2886 822 Xll

600 889 656 949 p.
695 865 844 952 535,
882 867 985 930 21.
1078 870 1179 930 sed
1233 872 1547 948 pinsibant
1603 868 1831 930 Ennius
1888 871 2044 950 apud
2090 870 2415 930 Varronem
2474 870 2546 931 de
2610 870 2749 950 ling.
2796 870 2883 931 lat.

593 975 640 1034 V
677 974 790 1060 23,
851 977 953 1038 uhi
1018 976 1309 1057 Bergkius
1375 978 1576 1056 script.
1642 979 1780 1037 min.
1848 997 1898 1039 v.
1947 977 1970 1037 1
2031 998 2087 1058 p.
2126 974 2259 1038 360
2321 979 2647 1054 pinsebant
2714 976 2885 1037 scribi

596 1084 794 1145 voluit.
877 1088 1128 1162 pinsere
1173 1083 1357 1144 Varro
1406 1084 1558 1163 apud
1608 1082 1863 1144 Nonium
1911 1104 1966 1164 p.
2009 1082 2155 1164 152,
2201 1083 2280 1147 13
2330 1087 2390 1145 in
2439 1088 2706 1161 pristino
2755 1087 2884 1161 pin-

592 1198 756 1252 seret
793 1190 935 1267 far,
982 1190 1060 1252 ib.
1104 1188 1186 1253 15
1242 1195 1385 1253 ruri
1432 1190 1543 1266 far
1589 1193 1911 1268 pinsebat;
1967 1191 2039 1252 de
2096 1190 2235 1271 ling.
2283 1190 2379 1252 lat.
2418 1190 2465 1249 V
2511 1189 2635 1253 138
2686 1195 2887 1269 pilum,

600 1302 766 1373 quod
808 1308 877 1361 e'o
918 1298 1031 1375 far
1070 1302 1294 1375 pisunt.

771 1412 946 1466 LXIV
993 1407 1294 1466 Amurca
1343 1423 1497 1466 cum
1545 1423 1625 1465 ex
1684 1405 1837 1466 olea
1895 1424 2238 1486 expressa
2295 1407 2414 1485 qui
2474 1414 2585 1467 est
2639 1405 2889 1467 humor

595 1514 938 1593 aquatilis
986 1533 1062 1574 ac
1109 1515 1625 1574 recrimentum
1675 1522 1741 1574 et
1789 1513 2160 1575 conditum
2205 1516 2275 1574 in
2334 1532 2459 1574 uas
2522 1512 2762 1574 fictile
2825 1512 2886 1573 id

595 1622 877 1700 quidam
927 1623 1027 1682 sic
1076 1620 1312 1682 solent
1360 1622 1555 1681 tueri
1603 1619 1860 1682 diebus
1907 1620 2007 1680 XV
2055 1640 2134 1681 eo
2194 1618 2375 1699 quod
2434 1628 2542 1680 351
2598 1618 2887 1680 leuissi-

596 1746 779 1788 mum
827 1746 901 1788 ac
951 1745 1291 1788 summum
1339 1726 1687 1788 deflatum
1745 1736 1821 1788 ut
1877 1729 2223 1788 traiciant
2278 1729 2347 1787 in
2406 1725 2541 1787 alia
2599 1745 2769 1787 uasa
2825 1734 2892 1786 et

596 1834 726 1895 hoc
774 1834 958 1895 idem
1007 1833 1427 1896 interuallis
1474 1834 1920 1894 duodeciens
1959 1815 2080 1893 sex
2129 1833 2493 1894 mensibus
2538 1835 2890 1913 proximis

593 1944 764 2003 item
815 1941 1113 2021 faciant]
1154 1943 1597 2004 Betrimentum
1636 1945 1943 2004 conditum
1991 1941 2146 2001 edita
2194 1941 2331 2001 inde
2378 1960 2407 2001 a
2457 1941 2732 2020 principe
2772 1939 2888 2000 edi-

595 2051 755 2110 tione
795 2050 1167 2131 exemplaria,
1219 2059 1277 2110 et
1325 2057 1459 2129 apte
1496 2048 1611 2109 hoc
1650 2048 1913 2109 defendit
1950 2048 2254 2109 Victorius
2302 2047 2569 2127 exemplo
2609 2046 2888 2107 Varronis

593 2158 745 2237 apud
813 2156 1068 2218 Nonium
1133 2177 1190 2237 p.
1231 2153 1378 2236 217,
1417 2153 1503 2217 24
1593 2157 1788 2218 Varro
1855 2158 2210 2218 Prometheo
2276 2157 2465 2216 libero
2530 2157 2888 2215 retrimenta

592 2267 717 2326 cibi
769 2283 890 2340 qua
951 2267 1194 2326 exirent
1242 2281 1358 2340 per
1404 2267 1706 2340 posticum
1769 2268 2046 2325 canalem
2105 2261 2248 2339 feci.
2341 2264 2467 2327 cibi
2529 2265 2886 2323 retrimenta

593 2371 809 2451 legitur
855 2370 1108 2432 Macrob.
1159 2389 1369 2431 comm.
1420 2372 1482 2430 in
1529 2389 1715 2431 somn.
1757 2370 1911 2450 Scip.
1950 2368 1977 2429 I
2015 2366 2073 2450 6,
2116 2367 2195 2429 77
2247 2379 2304 2430 31
2351 2372 2713 2431 retrimenta
2762 2387 2880 2429 sae·

596 2480 729 2557 pius
779 2477 1014 2538 Saturn.
1053 2476 1153 2536 VII
1189 2474 1250 2559 4,
1298 2475 1406 2558 183
1454 2474 1566 2559 233
1614 2475 1718 2538 24.
1773 2476 1868 2558 11,
1907 2474 1964 2539 9.
2016 2474 2115 2557 15,
2160 2474 2266 2558 195
2314 2473 2416 2537 20.
2507 2484 2886 2537 recrementa

594 2583 736 2647 Gell.
775 2583 929 2645 XVII
972 2583 1073 2666 11,
1112 2582 1172 2667 2,
1218 2604 1298 2646 ex
1343 2588 1738 2647 recrementis
1778 2584 1980 2661 farris
2026 2583 2174 2645 Plin.
2214 2582 2394 2644 xvlu
2439 2581 2582 2645 142.
2659 2594 2884 2646 utrum-

595 2711 709 2772 que
783 2701 874 2753 est
937 2694 998 2752 in
1065 2691 1278 2772 glossis
1344 2691 1779 2772 latino-graecis
1843 2691 1983 2753 v.11
2040 2711 2095 2771 p.
2138 2689 2283 2773 170,
2323 2689 2362 2753 6
2426 2699 2885 2769 recrementum,

591 2818 647 2879 p.
692 2797 841 2881 174,
875 2797 962 2861 26
1023 2803 1459 2862 retrimentum.
1551 2799 1734 2860 Varro
1793 2807 1992 2861 autem
2049 2800 2465 2860 retrimentum
2525 2799 2689 2859 oleae
2747 2798 2888 2858 dicit

593 2908 751 2987 quod
801 2907 1049 2968 terendo
1097 2906 1457 2987 relinquitur
1505 2906 1597 2966 vel
1644 2907 1865 2989 fraceS,
1915 2925 2061 2987 quas
2109 2907 2252 2968 dicit
2299 2907 2458 2967 Cato·
2488 2924 2538 2967 c.
2579 2903 2664 2967 64
2705 2913 2766 2966 31
2804 2902 2882 2966 67

597 3025 657 3075 31
704 3034 839 3075 cum
888 3033 1126 3075 amurca
1176 3013 1247 3075 ab
1296 3013 1424 3074 oleo
1474 3014 1860 3075 removendas
1918 3032 2049 3075 esse
2099 3014 2288 3075 docet.
2382 3013 2492 3074 hoc
2540 3015 2724 3092 igitur
2771 3029 2885 3073 una

593 3141 728 3183 cum
793 3140 1032 3183 amurca
1097 3140 1129 3181 a
1195 3120 1548 3200 quibusdam
1616 3123 1678 3181 in
1743 3139 1844 3181 vas
1908 3120 2084 3181 fictile
2152 3120 2428 3181 conditur
2492 3128 2553 3182 et
2615 3138 2725 3199 per
2785 3137 2882 3179 sex

594 3248 830 3290 menses
878 3231 1085 3309 quinto
1135 3228 1365 3289 decimo
1414 3246 1650 3308 quoque
1699 3228 1793 3288 die
1842 3230 2156 3311 promitur,
2192 3238 2260 3288 ut
2306 3226 2450 3288 illud
2498 3226 2655 3307 quod
2705 3228 2766 3286 in
2817 3245 2883 3286 eo

592 3337 954 3397 levissimum
1012 3355 1080 3397 ac
1147 3354 1444 3397 summum
1502 3344 1595 3396 est
1651 3335 1903 3395 defletur
1962 3344 2021 3395 et
2076 3337 2133 3395 in
2193 3334 2301 3395 alia
2363 3353 2493 3396 vasa
2551 3336 2883 3412 traiciatur3

594 3452 719 3504 tum
787 3444 1024 3504 demum
1082 3443 1458 3522 decoquitur.
1552 3445 1750 3522 itaque
1811 3441 1955 3503 haec
2011 3442 2304 3502 condendi
2361 3451 2420 3503 et
2475 3440 2680 3502 tuendi
2736 3443 2882 3501 ratio

592 3551 821 3611 diversa
861 3561 951 3611 est
994 3550 1065 3611 ab
1105 3551 1306 3633 altera,
1346 3568 1496 3629 quae
1536 3558 1707 3609 antea
1747 3568 1796 3610 c.
1828 3547 1906 3611 61
1951 3549 2248 3628 descripta
2298 3557 2441 3630 erat,
2480 3567 2615 3610 cum
2645 3566 2879 3608 amurca

593 3660 808 3739 statim,
857 3676 992 3718 cum
1041 3676 1316 3737 expressa
1366 3656 1614 3717 ex‘olea
1664 3656 1894 3718 effluxit
1941 3656 2312 3736 decoquitur.
2350 3689 2421 3699 --
2457 3655 2669 3716 deinde
2713 3659 2772 3715 in
2811 3672 2876 3716 eo

592 3769 755 3842 quod
817 3773 907 3827 est
969 3767 1210 3846 scripsi;
1276 3783 1354 3826 ex
1418 3782 1488 3826 eo
1554 3782 1626 3824 ex
1683 3764 1890 3825 Aldina
1947 3764 2204 3824 editione
2275 3762 2687 3824 SchneideruS.
2781 3765 2874 3822 iis·

594 3877 725 3935 dem
782 3876 1116 3935 intervallis
1173 3892 1243 3933 ex
1301 3871 1504 3932 eadem
1561 3871 1821 3933 editione
1888 3871 2323 3932 restituendum
2390 3889 2519 3931 esse
2578 3869 2871 3930 Gesnerus

590 3980 907 4041 adnotavit.

771 4086 943 4147 Tum
1028 4086 1382 4146 decocunt
1464 4087 1534 4146 in
1619 4085 1867 4146 ahenis
1940 4085 2317 4164 lenilignis
2392 4084 2563 4145 duas
2637 4092 2868 4163 partes

595 4194 820 4274 quaad
888 4212 1052 4273 rege
1073 4191 1263 4271 runt]
1330 4193 1475 4253 Tum
1529 4192 1783 4272 plurima
1849 4192 2183 4273 apographa
2241 4202 2300 4253 et
2355 4191 2680 4272 VictoriuS‚
2734 4199 2866 4252 tunc

593 4305 653 4362 in
717 4304 988 4380 principe
1056 4301 1312 4361 editione
1378 4298 1705 4360 Politianus
1771 4319 1887 4360 non
1955 4307 2314 4361 correxerat.
2405 4302 2641 4360 lenibus
2699 4300 2865 4374 lionis

595 4407 856 4486 Scaliger
898 4407 1027 4469 coll.
1057 4407 1176 4469 Cat.
1208 4426 1256 4468 c.
1291 4405 1373 4468 69
1421 4409 1655 4468 lenibus
1694 4411 1874 4483 liqnis
1905 4407 2101 4483 facito
2140 4412 2425 4485 calescat,
2464 4406 2614 4469 Plin.
2644 4402 2865 4465 XXXV!

598 4511 723 4575 193
762 4516 994 4575 lenibus
1031 4523 1231 4575 autem
1270 4517 1583 4590 aridisque
1622 4518 1802 4591 liqnis
1840 4519 2139 4592 coquitur.
2204 4515 2307 4576 sed
2349 4533 2552 4575 verum
2594 4523 2684 4575 est
2720 4512 2864 4592 quod
