3178 5185
886 421 1147 476 RERVM
1183 423 1660 479 RVSTICARVM
1698 425 1833 481 LIB.
1872 425 1924 478 II
1962 422 1999 480 5
2051 478 2056 484 ,
2182 418 2187 424 ’
2475 418 2602 482 175

487 571 528 636 8
597 575 644 634 Α
705 576 892 637 collo
962 596 1271 657 corpore
1338 577 1584 658 apoleo
1651 578 1959 640 demissa
2025 578 2200 640 bene
2268 581 2608 659 costatos]

319 683 592 744 Demissa
634 682 770 744 libri
812 703 987 746 manu
1026 687 1250 766 scripti,
1291 689 1544 747 demisso
1580 686 1645 746 in
1680 689 1949 765 principe
1990 686 2249 748 editione
2283 687 2611 749 Politianus

309 808 419 850 non
470 793 752 851 correxit.
845 812 884 853 a
942 797 1094 854 collo
1142 796 1501 870 palearibus
1549 796 1846 869 demissis,
1895 812 2155 871 corpore
2211 798 2408 872 amplo
2457 796 2608 856 bene

316 905 544 958 costato
590 897 894 960 Iucundus
961 918 1031 960 ex
1089 898 1410 961 Columella
1466 899 1502 962 l.
1541 919 1618 981 c.,
1687 899 1787 962 ubi
1843 899 2142 962 Victorius
2206 909 2467 963 costatos
2530 919 2602 961 ex

310 1003 512 1065 codice
561 1003 743 1067 dedit.
834 1008 1118 1080 demissa,
1166 1005 1324 1084 quod
1372 1014 1499 1067 erat
1553 1008 1618 1066 in
1665 1006 2014 1087 archetypo,
2061 1009 2326 1088 restitui3
2376 1007 2605 1087 reliqua

309 1112 387 1172 ita
434 1110 761 1191 emendavi,
808 1131 847 1172 a
894 1117 1046 1174 collo
1085 1117 1271 1190 palea
1318 1116 1594 1189 demissa,
1643 1132 1903 1192 corpore
1950 1117 2099 1177 bene
2144 1121 2391 1177 costato,
2471 1133 2604 1176 nam

302 1222 507 1298 palea,
555 1236 662 1298 pro
712 1237 829 1298 quo
870 1222 1158 1296 palearia
1205 1220 1352 1281 dixit
1401 1220 1739 1301 Columella,
1788 1222 1860 1281 de
1910 1222 2088 1283 simili
2136 1240 2201 1283 re
2250 1222 2473 1283 dictum
2516 1233 2607 1285 est

306 1327 367 1385 in
405 1324 574 1404 gallis
604 1324 768 1386 Varr.
798 1325 878 1386 111
908 1322 969 1406 9,
998 1322 1040 1387 5
1070 1331 1257 1403 palea
1295 1329 1491 1389 rubra
1528 1330 1941 1390 subalbicanti
1976 1337 2038 1419 ej.
2074 1328 2301 1391 Colum.
2322 1327 2450 1388 VIII
2480 1326 2541 1411 2,
2563 1327 2602 1391 9

301 1436 522 1509 paleae
560 1451 641 1493 ex
677 1436 861 1494 rutilo
901 1435 1253 1514 albicantes,
1286 1453 1444 1509 quae
1481 1439 1642 1496 velut
1678 1439 1943 1496 incanae
1981 1438 2213 1497 barbae
2250 1438 2602 1514 dependent,

308 1538 408 1600 ubi
453 1542 516 1600 in
568 1539 1065 1619 Sangermanensi
1112 1540 1315 1602 codice
1358 1546 1578 1617 qaleae
1626 1543 1917 1622 scriptum
1967 1550 2073 1604 est.

482 1647 918 1708 Inferiorem
992 1656 1267 1727 partem
1333 1647 1846 1729 frequentibus
1912 1649 2082 1729 pssis
2155 1649 2607 1730 subcrispis]

309 1756 705 1832 Subcrispam
778 1774 851 1816 ex
921 1754 1131 1816 Aldina
1205 1755 1462 1827 editione
1547 1765 1855 1835 receptum
1934 1765 2051 1817 est:
2135 1756 2189 1817 11
2244 1754 2310 1840 7,
2346 1754 2389 1819 5
2464 1760 2608 1818 iuba

313 1865 539 1924 crebra
573 1862 759 1939 fusca
805 1864 1128 1940 subcrispa
1168 1865 1562 1926 subtenuibus
1607 1867 1792 1926 saetis
1838 1871 1897 1924 et
1943 1862 2156 1924 deinde
2203 1867 2361 1925 coda
2408 1869 2609 1942 ampla

311 1971 652 2047 subcrispa.

478 2076 729 2155 Neque
792 2076 1384 2156 ingredientibus
1440 2080 1560 2157 qui
1625 2078 2146 2158 displudantur
2211 2094 2340 2137 nec
2397 2079 2607 2138 cuius

309 2183 621 2263 ungulae
670 2182 1040 2261 diuarent]
1087 2184 1140 2243 II
1171 2181 1229 2263 9,
1259 2181 1303 2245 4
1348 2187 1455 2260 qui
1491 2187 1866 2260 inoredienti
1908 2188 1968 2246 ei
2012 2186 2454 2261 displodantur,
2503 2184 2607 2244 ubi

304 2292 726 2368 displorantur
753 2292 816 2351 in
855 2290 1174 2372 archetypo
1213 2293 1505 2372 scriptum
1544 2300 1688 2353 erat.
1738 2291 2011 2353 similiter
2041 2290 2356 2352 Lucretius
2377 2290 2451 2352 IV
2474 2288 2606 2352 710

303 2400 812 2475 explaudentibus
880 2401 1009 2460 alis.
1102 2398 1317 2460 deinde
1392 2402 1738 2462 divaricent
1802 2399 1956 2460 edita
2021 2398 2158 2459 inde
2226 2417 2259 2458 a
2331 2400 2602 2478 principe

302 2505 564 2565 editione
631 2504 1004 2586 exemplaria.
1096 2508 1318 2568 retinui
1384 2505 1541 2587 quod
1607 2510 1667 2568 in
1737 2507 2056 2587 archetypo
2122 2508 2413 2586 scriptum
2477 2515 2605 2567 erat

306 2616 608 2674 diuarent.
685 2623 776 2675 est
823 2616 980 2675 enim
1020 2633 1052 2675 a
1091 2615 1346 2675 varando
1385 2614 1614 2682 dictum
1653 2619 1947 2677 divarare
1985 2624 2046 2676 et
2083 2617 2404 2692 obvarare‚
2445 2614 2601 2695 quod

301 2720 478 2781 Ennii
548 2720 820 2801 exemplo
887 2720 1184 2801 adscripto
1241 2722 1470 2784 Nonius
1535 2731 1790 2785 testatur
1852 2743 1908 2803 p.
1954 2719 2098 2804 147,
2138 2720 2218 2783 17
2288 2724 2604 2785 Obvarare

296 2834 661 2904 pervertere
706 2830 1068 2906 depravare,
1116 2832 1342 2891 dictum
1389 2849 1429 2890 a
1475 2834 1659 2892 varis.

478 2935 782 2996 Torium
857 2943 1098 2997 atactu
1171 2955 1308 2997 non
1381 2935 1747 3017 asperum]
1828 2939 2071 2998 Corium
2145 2943 2418 2998 attractu
2481 2955 2600 2999 non

303 3060 594 3120 asperum
638 3041 880 3104 Merula.
956 3050 1191 3105 attactu
1238 3042 1557 3106 Iucundus
1636 3063 1745 3124 pro
1792 3044 1906 3105 hoc
1952 3051 2122 3106 tactu
2169 3046 2403 3124 scripsi,
2441 3044 2600 3123 quod

306 3159 399 3211 est
446 3148 605 3229 apud
643 3148 1025 3211 Columellam
1071 3149 1107 3210 l.
1146 3169 1196 3211 c.
1245 3158 1412 3213 tactu
1459 3155 1739 3229 corporis
1782 3155 2123 3214 mollissimo
2170 3160 2231 3212 et
2277 3152 2338 3212 in
2385 3169 2599 3230 geopo-

311 3259 463 3317 nicis
510 3248 774 3338 βύρσαν
820 3248 1056 3337 εὐαφῆ.

481 3362 738 3425 Colore
797 3366 1251 3443 potissimum
1306 3366 1515 3444 nigro
1572 3365 1830 3426 deinde
1886 3366 2106 3426 robeo
2161 3367 2389 3426 tertio
2449 3366 2597 3426 the·

299 3468 447 3547 luo]
488 3471 672 3546 Deir-1,
719 3471 776 3532 h.
816 3489 866 3533 e.
914 3474 1151 3555 deinde,
1186 3474 1249 3533 in
1295 3472 1614 3552 archetypo
1653 3472 1837 3534 fuisse
1878 3473 2130 3535 videtur.
2205 3491 2341 3534 nam
2380 3476 2600 3535 deinde

303 3577 489 3638 editio
535 3579 817 3657 princeps
865 3596 897 3638 a
943 3577 1229 3640 Politiano
1277 3597 1400 3639 non
1445 3588 1714 3641 correcta
1761 3589 1822 3642 et
1868 3580 2054 3642 codex
2102 3579 2409 3662 CaesenaS,
2457 3584 2599 3642 deiii

304 3684 708 3766 FlorentinuS,
745 3687 886 3746 dein
923 3684 1026 3744 AB
1076 3696 1137 3746 et
1181 3686 1361 3747 editio
1401 3684 1663 3747 Victorii.
1740 3690 1938 3749 theluo
1986 3687 2122 3748 libri
2170 3706 2346 3749 manu
2386 3689 2593 3766 scripti

307 3800 367 3852 et
414 3791 769 3870 PolitianuS,
825 3809 944 3852 non
1001 3795 1219 3874 thelus,
1283 3801 1351 3854 ut
1397 3792 1700 3855 Gesnerus
1765 3794 2079 3857 adnotavit.
2171 3797 2360 3857 rubeo
2418 3798 2596 3855 tertio

299 3902 472 3960 helvo
519 3897 759 3959 Merula.
852 3900 1043 3961 rubro
1101 3900 1287 3961 edidit
1340 3899 1681 3963 Beroaldus,
1773 3905 1958 3966 robeo
2014 3902 2276 3964 defendit
2335 3895 2596 3980 Scaliger

299 4005 569 4086 adposita
623 4007 1013 4085 inscriptione
1060 4004 1198 4066 CIL
1256 4026 1304 4067 v.
1344 4005 1417 4066 VI
1456 4003 1588 4069 826
1598 4057 1618 4090 ,
1674 4007 1777 4069 ubi
1832 4013 2017 4071 vitulo
2077 4009 2249 4070 robio
2305 4010 2594 4087 scriptum

298 4120 406 4174 est.
497 4111 656 4171 idem
702 4111 1053 4173 vocabulum
1109 4113 1181 4173 (le
1238 4114 1435 4175 colore
1492 4113 1675 4176 boum
1728 4126 1968 4196 praeter
2016 4114 2403 4177 Columellam
2450 4114 2486 4176 l.
2527 4134 2595 4196 c.,

299 4236 477 4297 quem
541 4217 833 4279 Palladius
887 4216 960 4278 IV
1003 4217 1101 4300 11,
1142 4216 1183 4280 2
1248 4230 1489 4282 secutus
1555 4231 1674 4305 est,
1737 4223 1958 4302 legitur
2020 4221 2182 4284 Paul.
2249 4239 2373 4282 exc.
2434 4221 2591 4283 Fest.

299 4345 353 4404 p.
390 4322 540 4400 264,
585 4322 666 4386 10
721 4326 956 4386 Robum
1020 4327 1213 4387 rubro
1271 4332 1475 4389 colore
1539 4336 1600 4389 et
1660 4333 1842 4405 quasi
1897 4328 2041 4405 rufo
2099 4331 2470 4410 siqnisicari,
2527 4338 2595 4390 ut

297 4434 499 4493 bovem
543 4448 782 4506 quoque
825 4435 1045 4494 rustici
1088 4437 1418 4509 appellant,
1466 4434 1851 4511 manifestum
1896 4443 2007 4510 est,
2054 4432 2311 4495 Iuvenal.
2356 4431 2420 4515 8,
2462 4433 2591 4498 155

298 4541 631 4614 robumque
676 4542 1010 4620 iuvencum,
1049 4538 1192 4599 Gell.
1230 4539 1306 4599 IV
1343 4539 1404 4622 6,
1440 4540 1483 4603 2
1528 4545 1735 4618 siquid
1788 4544 2174 4605 succidaneis
2219 4559 2368 4618 opus
2416 4553 2586 4621 esset,
