3178 5185
936 420 1196 476 RERVM
1233 420 1713 477 RVSTIGARVM
1749 422 1883 478 LIB.
1920 423 1972 477 II
2014 423 2090 478 11
2506 417 2635 480 213

355 573 530 641 cude
607 585 805 653 pasta
882 576 959 636 ad
1026 576 1603 654 perpurgandum
1678 596 1752 637 ea
1828 596 2004 656 quae
2069 578 2488 658 auuridipas
2538 599 2634 651 ‘eo

356 684 574 760 magis
633 682 861 744 fuisse
919 702 999 744 ex
1064 683 1281 743 herba
1347 701 1522 762 quae
1588 686 1742 763 ipso
1808 694 2128 763 sumptae
2193 703 2635 765 perpurgare

353 788 595 850 solent
642 808 945 869 corpora
993 789 1272 868 nostra]
1323 791 1526 866 Mayis
1566 790 1762 866 fuisse
1807 790 2132 852 Politianus
2179 801 2238 851 et
2284 793 2633 874 apographa,

350 900 546 972 maqis
593 901 651 958 si
684 916 862 958 ussae
909 915 1116 977 parum
1163 909 1437 957 accurate
1474 896 1772 958 Victorius
1819 916 1891 958 ex
1938 898 2141 958 codice
2189 898 2500 959 adnotavit.
2577 909 2635 960 ec

348 1007 578 1064 mulctu
626 1022 734 1084 pro
782 1012 841 1064 et
885 1022 924 1064 a
970 1012 1130 1065 motu
1178 1003 1339 1064 dedit
1375 1003 1619 1085 Merula,
1657 1012 1716 1065 et
1752 1023 1790 1064 a
1836 1009 2061 1066 mulctu
2099 1004 2417 1087 IucunduS,
2457 1024 2633 1085 quem

348 1109 568 1189 reliqui
616 1110 875 1171 editores
922 1113 1112 1171 secuti
1160 1120 1315 1170 sunt.
1406 1113 1485 1172 ab
1540 1113 1728 1172 ordeo
1794 1119 1852 1172 et
1913 1115 2136 1188 stipula
2197 1112 2350 1173 edita
2405 1114 2541 1174 inde
2601 1132 2633 1173 a

347 1218 622 1296 principe
673 1217 930 1278 editione
979 1216 1350 1295 exemplaria.
1443 1220 1528 1277 ad
1573 1220 2079 1293 perpurgandum
2125 1237 2199 1279 ea
2246 1238 2403 1295 quae
2448 1223 2637 1281 viridi

339 1342 581 1401 pascuo
627 1328 820 1401 mayis
849 1327 1037 1399 slusse
1074 1343 1154 1385 ex
1198 1326 1391 1385 herba
1429 1342 1586 1399 quae
1625 1327 1757 1400 ipsa
1793 1332 2029 1401 sumpta
2067 1344 2461 1402 perpurqare
2497 1345 2630 1387 cor·

341 1449 503 1507 pora
549 1438 761 1491 nostra
805 1435 955 1492 solet
1001 1430 1239 1491 Merula.
1329 1433 1492 1506 quod
1537 1433 1614 1504 fit
1666 1433 1759 1491 ab·
1799 1434 1983 1492 ordeo
2030 1465 2114 1474 —
2156 1436 2395 1509 pecude
2432 1441 2631 1510 pasta,

348 1540 414 1598 id
458 1540 669 1598 alibile
722 1540 810 1599 ad
853 1540 1383 1615 perpurqandum,
1439 1540 1507 1598 id
1566 1541 1731 1613 quod
1791 1557 1830 1599 α
1894 1542 2082 1600 viridi
2126 1557 2385 1616 pascuO,
2450 1546 2509 1600 et
2563 1556 2632 1599 eo

341 1647 540 1719 ’παρεὶς
578 1647 754 1718 fluxe
791 1663 870 1705 ex
914 1646 1123 1719 herba,
1162 1662 1320 1720 quae
1367 1647 1576 1705 eadem
1617 1648 1750 1721 ipsa
1795 1654 2032 1723 sumpta
2068 1665 2464 1723 perpurqare
2499 1663 2632 1706 cor-

334 1770 500 1829 pora
546 1759 759 1812 nostra
806 1756 954 1812 solet
1001 1750 1333 1830 Iucundos,
1382 1770 1530 1830 quae
1579 1749 1877 1813 Victorius
1924 1754 2225 1833 repetivit,
2272 1753 2374 1812 sed
2424 1754 2634 1812 eadem

342 1860 559 1918 omisit.
643 1866 833 1937 pastu
881 1877 990 1937 pro
1030 1876 1265 1934 pascuo
1311 1876 1384 1918 ex
1433 1852 1665 1918 ‘vetere
1722 1855 1959 1919 codice'
2006 1858 2258 1920 Ursinus
2313 1859 2630 1939 adnotavit,

345 1966 576 2046 reliqua
623 1968 703 2027 ita
751 1965 993 2045 legenda
1042 1983 1173 2025 esse
1220 1967 1490 2048 coniecit,
1529 1973 1589 2026 et
1634 1984 1702 2027 eo
1749 1970 1943 2042 maqis
1987 1970 2044 2027 si
2085 1984 2234 2028 usae
2280 1969 2366 2027 eis
2411 1969 2632 2047 herbis,

341 2093 502 2150 quae
548 2076 794 2135 eaedem
850 2077 1019 2150 ipsae
1071 2080 1344 2150 sumptae
1389 2091 1785 2150 perpuryare
1839 2091 2103 2150 corpora
2159 2080 2369 2133 nostra
2423 2076 2629 2134 solent.

346 2181 663 2242 lectionem
702 2179 1007 2259 archetypi
1043 2199 1073 2240 a
1112 2179 1371 2240 Victorio
1409 2179 1742 2240 adnotatam
1784 2179 2043 2258 Scaliger
2081 2182 2142 2239 in
2184 2179 2342 2239 hunc
2392 2179 2630 2240 modum

342 2290 620 2369 correxit,
667 2289 831 2364 quod
867 2290 943 2361 fit
986 2289 1064 2347 ab
1111 2289 1298 2347 ordeo
1336 2318 1420 2329 —-
1449 2288 1690 2363 pecude
1726 2294 1927 2363 pasta.
2003 2288 2089 2346 ad
2124 2288 2630 2363 per-purgandum

342 2415 415 2457 ea
481 2413 642 2471 quae
706 2397 783 2455 ab
839 2396 1028 2454 viridi
1073 2411 1306 2470 pascuo
1361 2411 1431 2454 eo
1486 2396 1706 2475 maffia,
1769 2396 1827 2453 si
1876 2411 1956 2455 ex
2009 2395 2229 2467 herba,
2283 2411 2442 2467 quae
2496 2396 2629 2470 ipsa

339 2510 579 2580 sumpta
638 2519 1030 2579 perpurqare
1092 2504 1242 2561 solet
1304 2518 1568 2577 corpora
1634 2508 1871 2575 nostra,
1933 2499 2035 2560 ubi
2089 2499 2417 2560 Pontedera
2474 2500 2628 2579 apud

344 2610 676 2671 Gesnerum
740 2627 808 2671 eo
873 2612 1067 2685 mayis
1130 2612 1188 2669 si
1247 2627 1359 2669 usa
1432 2616 1523 2669 est
1592 2610 1785 2669 herba
1850 2609 2118 2669 coniecit.
2211 2607 2322 2667 hoc
2388 2617 2628 2687 recepto
2730 2642 2737 2648 ·

345 2717 748 2779 Schneiderus
797 2717 1035 2795 scripsit
1081 2719 1244 2791 quod
1280 2718 1355 2789 fit
1400 2718 1477 2776 ab
1524 2718 1710 2777 ordeo
1756 2749 1844 2758 —-
1882 2718 2121 2792 pecude
2158 2722 2358 2791 pasta,
2407 2716 2474 2775 id
2518 2717 2626 2775 ali-

344 2828 476 2886 bile.
553 2826 642 2885 ad
679 2825 1185 2900 perpuryandum
1234 2825 1313 2902 id,
1359 2826 1524 2897 quod
1568 2823 1645 2882 ab
1692 2826 1883 2882 viridi
1918 2840 2169 2899 pascuo,
2216 2830 2277 2882 et
2321 2840 2389 2882 eo
2435 2825 2630 2897 maqis

340 2936 396 2993 si
438 2950 551 2992 usa
600 2939 688 2991 est
734 2948 808 2991 ea
845 2931 1055 3005 herba,
1093 2947 1251 3005 quae
1287 2932 1420 3006 ipsa
1456 2937 1654 2989 sumta
1679 2947 2078 3007 perpuryare
2114 2948 2379 3006 corpora
2417 2936 2627 2989 nostra

340 3044 501 3100 solet.
587 3039 698 3098 tria
755 3046 894 3097 sunt
939 3054 1155 3115 genera
1217 3035 1624 3096 discriminum
1671 3037 1731 3095 in
1780 3035 1963 3116 lacte,
2012 3054 2160 3115 quae
2207 3045 2408 3115 postea
2458 3053 2626 3095 accu-

344 3147 529 3204 ratius
590 3144 981 3223 definiuntur,
1039 3145 1298 3222 primum
1355 3162 1385 3203 a
1444 3142 1845 3222 pastionibuS,
1901 3144 2038 3221 quia
2101 3145 2377 3221 interest,
2426 3150 2624 3202 utrum

345 3252 505 3312 arido
555 3249 770 3330 pabulo
818 3268 890 3310 an
943 3250 1113 3310 viridi
1151 3267 1336 3328 pecus
1375 3258 1667 3331 pascatur,
1705 3249 1956 3310 alterum
1994 3269 2026 3310 a
2062 3249 2358 3329 pecudum
2401 3258 2628 3328 natura,

345 3359 478 3437 quia
527 3357 684 3417 aliud
732 3366 824 3417 est
869 3356 956 3417 lac
1006 3376 1036 3417 a
1087 3355 1434 3436 valentibus,
1473 3356 1631 3417 aliud
1679 3375 1710 3416 a
1760 3355 2077 3438 veteribuS,
2117 3358 2359 3416 tertium
2407 3374 2439 3415 a
2476 3356 2624 3416 mul-

343 3465 531 3543 gendo
582 3473 758 3542 atque
805 3473 967 3544 ortu,
1016 3466 1171 3524 sicut
1235 3463 1387 3523 infra
1436 3465 1724 3542 scriptum
1773 3470 1889 3544 est,
1937 3462 2094 3542 quod
2143 3462 2353 3523 melius
2401 3472 2492 3523 est
2536 3463 2660 3524 lac'

343 3572 497 3650 quod
530 3574 800 3651 proximo
833 3579 1097 3650 tempore
1127 3581 1262 3649 post
1298 3579 1533 3648 partum
1573 3571 1847 3630 sumitur.
1894 3571 2091 3647 itaque
2122 3572 2199 3630 ab
2229 3578 2366 3630 ortu
2396 3572 2626 3649 scripsi.

341 3681 578 3757 gravius
634 3686 912 3756 corrupta
970 3687 1109 3737 sunt
1164 3695 1229 3736 ea
1279 3695 1426 3756 quae
1484 3677 1557 3736 de
1614 3675 1983 3755 pastionibus
2040 3678 2258 3755 scripta
2317 3686 2470 3736 sunt„
2563 3678 2623 3736 in

345 3784 561 3864 quibus
608 3802 744 3845 cum
793 3784 1107 3843 manifesto
1145 3783 1262 3843 duo
1308 3801 1525 3861 genera
1573 3782 1742 3843 lactis
1789 3783 2219 3856 discernantur,
2261 3782 2511 3842 alterum
2551 3782 2621 3842 ad

344 3891 619 3952 alendum
679 3890 848 3972 utile,
902 3891 1055 3969 quod
1114 3893 1404 3969 optimum
1459 3891 1524 3950 fit
1577 3909 1609 3949 a
1666 3889 1894 3969 pecude
1952 3889 2115 3949 arido
2171 3888 2385 3968 pabulo
2441 3898 2626 3970 pasta,

340 3998 587 4059 alterum
636 3997 706 4057 ad
754 3997 1126 4076 purgandum
1172 4005 1375 4076 aptum
1430 3996 1503 4057 ab
1552 4016 1618 4056 ea
1674 3996 1928 4078 pecude,
1976 4015 2124 4075 quae
2191 3995 2362 4055 viridi
2409 3994 2623 4074 pabulo

259 4097 260 4100 ¹
340 4108 626 4185 pascitur,
673 4105 891 4182 prioris
938 4106 1172 4182 generis
1220 4104 1621 4163 definitionem
1676 4106 1737 4163 iu
1795 4102 1961 4164 libris
2018 4102 2429 4182 imperfectam
2487 4120 2620 4162 esse

338 4221 606 4293 apparet,
654 4211 812 4289 quod
863 4211 1084 4271 viderat
1129 4210 1444 4271 IucunduS.
1537 4213 1598 4270 in
1654 4210 1838 4269 altero
1895 4227 2112 4289 genere
2172 4194 2354 4268 verba
2405 4210 2615 4268 vitiose

339 4322 397 4379 in
445 4318 764 4397 archetypo
812 4317 1031 4394 scripta
1078 4325 1270 4396 erant3
1327 4318 1679 4376 sententiam
1736 4315 2178 4375 emendationes
2227 4313 2509 4393 Scaligeri
2556 4324 2616 4375 et

346 4425 543 4486 Ursini
590 4431 972 4502 aperuerunt.
1064 4441 1198 4482 nam
1245 4422 1313 4483 ad
1375 4422 1856 4502 perpurgandum
1907 4420 2047 4482 utile
2097 4440 2225 4481 esse
2273 4421 2490 4481 dicitur
2536 4421 2623 4482 lac

343 4532 496 4612 quod
544 4532 612 4592 fit
659 4549 692 4591 a
736 4530 965 4610 pecude
1012 4548 1163 4610 quae
1212 4530 1384 4591 viridi
1440 4538 1604 4607 pasta
1663 4531 1769 4609 sit,
1815 4530 2064 4588 maxime
2121 4530 2171 4588 si
2227 4547 2330 4589 eae
2385 4527 2622 4608 herbae,
