<?xml version="1.0" encoding="UTF-8"?>
<!DOCTYPE html PUBLIC "-//W3C//DTD XHTML 1.0 Transitional//EN"
    "http://www.w3.org/TR/xhtml1/DTD/xhtml1-transitional.dtd">
<html xmlns="http://www.w3.org/1999/xhtml" xml:lang="en" lang="en">
 <head>
  <title>
</title>
<meta http-equiv="Content-Type" content="text/html;charset=utf-8" />
  <meta name='ocr-system' content='tesseract 3.04.00' />
  <meta name='ocr-capabilities' content='ocr_page ocr_carea ocr_par ocr_line ocrx_word'/>
</head>
<body>
  <div class='ocr_page' id='page_1' title='image "./mporcicatonisde01catogoog_0548.png"; bbox 0 0 3178 5185; ppageno 0'>
   <div class='ocr_carea' id='block_1_1' title="bbox 538 353 2134 417">
    <p class='ocr_par' dir='ltr' id='par_1_1' title="bbox 538 353 2134 417">
     <span class='ocr_line' id='line_1_1' title="bbox 538 353 2134 417; baseline -0.003 0"><span class='ocrx_word' id='word_1_1' title='bbox 538 353 668 417; x_wconf 80' lang='lat'><em>292</em></span> <span class='ocrx_word' id='word_1_2' title='bbox 1224 359 1604 413; x_wconf 87' lang='lat' dir='ltr'><em>COMMENT.</em></span> <span class='ocrx_word' id='word_1_3' title='bbox 1641 361 1722 413; x_wconf 90' lang='lat' dir='ltr'><em>IN</em></span> <span class='ocrx_word' id='word_1_4' title='bbox 1759 358 2134 414; x_wconf 85' lang='lat' dir='ltr'><strong>VARRONIS</strong></span> 
     </span>
    </p>
   </div>
   <div class='ocr_carea' id='block_1_2' title="bbox 521 513 2838 4536">
    <p class='ocr_par' dir='ltr' id='par_1_2' title="bbox 531 513 2830 699">
     <span class='ocr_line' id='line_1_2' title="bbox 539 513 2830 597; baseline -0.003 -21"><span class='ocrx_word' id='word_1_5' title='bbox 539 516 618 576; x_wconf 89' lang='lat' dir='ltr'><em>ita</em></span> <span class='ocrx_word' id='word_1_6' title='bbox 668 514 961 597; x_wconf 80' lang='lat' dir='ltr'>supplevi,</span> <span class='ocrx_word' id='word_1_7' title='bbox 1006 517 1118 575; x_wconf 84' lang='lat' dir='ltr'><em>sed</em></span> <span class='ocrx_word' id='word_1_8' title='bbox 1160 520 1220 575; x_wconf 93' lang='lat' dir='ltr'><em>et</em></span> <span class='ocrx_word' id='word_1_9' title='bbox 1266 518 1327 574; x_wconf 90' lang='lat' dir='ltr'><em>in</em></span> <span class='ocrx_word' id='word_1_10' title='bbox 1374 532 1555 589; x_wconf 81' lang='lat' dir='ltr'><em>quam</em></span> <span class='ocrx_word' id='word_1_11' title='bbox 1615 518 1997 574; x_wconf 79' lang='lat' dir='ltr'><em>transiturae</em></span> <span class='ocrx_word' id='word_1_12' title='bbox 2050 516 2173 573; x_wconf 86' lang='lat' dir='ltr'><em>sint</em></span> <span class='ocrx_word' id='word_1_13' title='bbox 2218 530 2388 588; x_wconf 75' lang='lat' dir='ltr'><em>ape3‚</em></span> <span class='ocrx_word' id='word_1_14' title='bbox 2438 529 2513 571; x_wconf 94' lang='lat' dir='ltr'><em>ea</em></span> <span class='ocrx_word' id='word_1_15' title='bbox 2560 513 2830 586; x_wconf 77' lang='lat' dir='ltr'><em>apiastro</em></span> 
     </span>
     <span class='ocr_line' id='line_1_3' title="bbox 531 612 2705 699; baseline -0 -17"><span class='ocrx_word' id='word_1_16' title='bbox 531 622 962 699; x_wconf 81' lang='lat' dir='ltr'><em>perfricanda.</em></span> <span class='ocrx_word' id='word_1_17' title='bbox 2696 612 2705 621; x_wconf 74' lang='grc'><strong>’</strong></span> 
     </span>
    </p>

    <p class='ocr_par' dir='ltr' id='par_1_3' title="bbox 521 723 2838 4427">
     <span class='ocr_line' id='line_1_4' title="bbox 719 723 2831 806; baseline -0.002 -18"><span class='ocrx_word' id='word_1_18' title='bbox 719 728 815 789; x_wconf 92' lang='lat' dir='ltr'><em>Ne</em></span> <span class='ocrx_word' id='word_1_19' title='bbox 865 748 1018 790; x_wconf 91' lang='lat' dir='ltr'><em>cum</em></span> <span class='ocrx_word' id='word_1_20' title='bbox 1066 728 1724 789; x_wconf 88' lang='lat' dir='ltr'><em>animaduerterint</em></span> <span class='ocrx_word' id='word_1_21' title='bbox 1761 735 1881 788; x_wconf 89' lang='lat' dir='ltr'><em>aut</em></span> <span class='ocrx_word' id='word_1_22' title='bbox 1928 728 2240 806; x_wconf 88' lang='lat' dir='ltr'><em>inopiam</em></span> <span class='ocrx_word' id='word_1_23' title='bbox 2289 744 2446 787; x_wconf 87' lang='lat' dir='ltr'><em>esse</em></span> <span class='ocrx_word' id='word_1_24' title='bbox 2494 723 2831 784; x_wconf 88' lang='lat' dir='ltr'><em>habuisse</em></span> 
     </span>
     <span class='ocr_line' id='line_1_5' title="bbox 538 832 2834 914; baseline -0.003 -18"><span class='ocrx_word' id='word_1_25' title='bbox 538 836 794 896; x_wconf 91' lang='lat' dir='ltr'><em>dicitis</em></span> <span class='ocrx_word' id='word_1_26' title='bbox 858 837 958 895; x_wconf 89' lang='lat' dir='ltr'><em>ait</em></span> <span class='ocrx_word' id='word_1_27' title='bbox 1024 855 1176 897; x_wconf 91' lang='lat' dir='ltr'><em>cum</em></span> <span class='ocrx_word' id='word_1_28' title='bbox 1253 837 1399 895; x_wconf 90' lang='lat' dir='ltr'><em>sint</em></span> <span class='ocrx_word' id='word_1_29' title='bbox 1471 853 1638 914; x_wconf 87' lang='lat' dir='ltr'><em>apes</em></span> <span class='ocrx_word' id='word_1_30' title='bbox 1703 833 2067 895; x_wconf 81' lang='lat' dir='ltr'><em>morbidae</em></span> <span class='ocrx_word' id='word_1_31' title='bbox 2131 840 2432 913; x_wconf 91' lang='lat' dir='ltr'><em>propter</em></span> <span class='ocrx_word' id='word_1_32' title='bbox 2495 832 2834 912; x_wconf 87' lang='lat' dir='ltr'><em>primoris</em></span> 
     </span>
     <span class='ocr_line' id='line_1_6' title="bbox 539 941 2835 1021; baseline -0.002 -19"><span class='ocrx_word' id='word_1_33' title='bbox 539 961 802 1003; x_wconf 89' lang='lat' dir='ltr'><em>uernos</em></span> <span class='ocrx_word' id='word_1_34' title='bbox 863 952 1111 1021; x_wconf 89' lang='lat' dir='ltr'><em>pastus</em></span> <span class='ocrx_word' id='word_1_35' title='bbox 1176 942 1298 1021; x_wconf 87' lang='lat' dir='ltr'><em>qui</em></span> <span class='ocrx_word' id='word_1_36' title='bbox 1355 960 1433 1002; x_wconf 84' lang='lat' dir='ltr'><em>ex</em></span> <span class='ocrx_word' id='word_1_37' title='bbox 1495 941 1810 1002; x_wconf 88' lang='lat' dir='ltr'><em>floribus</em></span> <span class='ocrx_word' id='word_1_38' title='bbox 1865 942 2074 1002; x_wconf 90' lang='lat' dir='ltr'><em>nucis</em></span> <span class='ocrx_word' id='word_1_39' title='bbox 2129 955 2426 1018; x_wconf 82' lang='lat' dir='ltr'><em>graecae</em></span> <span class='ocrx_word' id='word_1_40' title='bbox 2486 948 2555 1000; x_wconf 88' lang='lat' dir='ltr'><em>et</em></span> <span class='ocrx_word' id='word_1_41' title='bbox 2610 956 2835 998; x_wconf 89' lang='lat' dir='ltr'><em>cornu</em></span> 
     </span>
     <span class='ocr_line' id='line_1_7' title="bbox 537 1045 2834 1127; baseline -0.002 -19"><span class='ocrx_word' id='word_1_42' title='bbox 537 1049 730 1110; x_wconf 87' lang='lat' dir='ltr'><em>fiunt</em></span> <span class='ocrx_word' id='word_1_43' title='bbox 804 1049 1161 1109; x_wconf 88' lang='lat' dir='ltr'><em>coeliacas</em></span> <span class='ocrx_word' id='word_1_44' title='bbox 1236 1049 1406 1108; x_wconf 85' lang='lat' dir='ltr'><em>fieri</em></span> <span class='ocrx_word' id='word_1_45' title='bbox 1480 1056 1697 1127; x_wconf 92' lang='lat' dir='ltr'><em>atque</em></span> <span class='ocrx_word' id='word_1_46' title='bbox 1771 1050 1980 1108; x_wconf 89' lang='lat' dir='ltr'><em>urina</em></span> <span class='ocrx_word' id='word_1_47' title='bbox 2046 1055 2251 1127; x_wconf 91' lang='lat' dir='ltr'><em>potas</em></span> <span class='ocrx_word' id='word_1_48' title='bbox 2317 1046 2531 1107; x_wconf 85' lang='lat' dir='ltr'><em>refici</em></span> <span class='ocrx_word' id='word_1_49' title='bbox 2597 1045 2680 1106; x_wconf 92' lang='lat' dir='ltr'><em>de</em></span> <span class='ocrx_word' id='word_1_50' title='bbox 2747 1046 2834 1104; x_wconf 91' lang='lat' dir='ltr'><em>iis</em></span> 
     </span>
     <span class='ocr_line' id='line_1_8' title="bbox 536 1153 2835 1235; baseline -0.002 -19"><span class='ocrx_word' id='word_1_51' title='bbox 536 1155 889 1235; x_wconf 76' lang='lat' dir='ltr'>propolim</span> <span class='ocrx_word' id='word_1_52' title='bbox 939 1154 1225 1232; x_wconf 90' lang='lat' dir='ltr'><em>uocant]</em></span> <span class='ocrx_word' id='word_1_53' title='bbox 1275 1154 1340 1215; x_wconf 90' lang='lat' dir='ltr'><em>In</em></span> <span class='ocrx_word' id='word_1_54' title='bbox 1390 1156 1660 1235; x_wconf 77' lang='lat' dir='ltr'><em>principe</em></span> <span class='ocrx_word' id='word_1_55' title='bbox 1699 1155 1957 1215; x_wconf 83' lang='lat' dir='ltr'><em>editione</em></span> <span class='ocrx_word' id='word_1_56' title='bbox 2004 1153 2150 1214; x_wconf 90' lang='lat' dir='ltr'><em>haec</em></span> <span class='ocrx_word' id='word_1_57' title='bbox 2197 1156 2277 1214; x_wconf 92' lang='lat' dir='ltr'><em>ita</em></span> <span class='ocrx_word' id='word_1_58' title='bbox 2325 1153 2480 1214; x_wconf 87' lang='lat' dir='ltr'><em>edita</em></span> <span class='ocrx_word' id='word_1_59' title='bbox 2528 1160 2721 1233; x_wconf 85' lang='lat' dir='ltr'><em>erant,</em></span> <span class='ocrx_word' id='word_1_60' title='bbox 2761 1170 2835 1211; x_wconf 90' lang='lat' dir='ltr'><em>ne</em></span> 
     </span>
     <span class='ocr_line' id='line_1_9' title="bbox 539 1262 2838 1340; baseline -0.003 -17"><span class='ocrx_word' id='word_1_61' title='bbox 539 1280 677 1323; x_wconf 84' lang='lat' dir='ltr'><em>cum</em></span> <span class='ocrx_word' id='word_1_62' title='bbox 736 1265 1305 1337; x_wconf 79' lang='lat' dir='ltr'><em>animadverterint,</em></span> <span class='ocrx_word' id='word_1_63' title='bbox 1354 1269 1464 1323; x_wconf 84' lang='lat' dir='ltr'><em>aut</em></span> <span class='ocrx_word' id='word_1_64' title='bbox 1518 1264 1787 1339; x_wconf 87' lang='lat' dir='ltr'><em>inopiam</em></span> <span class='ocrx_word' id='word_1_65' title='bbox 1842 1266 2020 1322; x_wconf 82' lang='lat' dir='ltr'><em>escae</em></span> <span class='ocrx_word' id='word_1_66' title='bbox 2065 1262 2350 1322; x_wconf 80' lang='lat' dir='ltr'><em>habuisse</em></span> <span class='ocrx_word' id='word_1_67' title='bbox 2396 1262 2673 1340; x_wconf 82' lang='lat' dir='ltr'><em>dicatur,</em></span> <span class='ocrx_word' id='word_1_68' title='bbox 2731 1265 2838 1318; x_wconf 84' lang='lat' dir='ltr'><em>aut</em></span> 
     </span>
     <span class='ocr_line' id='line_1_10' title="bbox 538 1368 2835 1447; baseline -0.003 -16"><span class='ocrx_word' id='word_1_69' title='bbox 538 1388 674 1431; x_wconf 83' lang='lat' dir='ltr'><em>cam</em></span> <span class='ocrx_word' id='word_1_70' title='bbox 719 1378 861 1431; x_wconf 81' lang='lat' dir='ltr'><em>sunt</em></span> <span class='ocrx_word' id='word_1_71' title='bbox 907 1389 1051 1447; x_wconf 83' lang='lat' dir='ltr'><em>apes</em></span> <span class='ocrx_word' id='word_1_72' title='bbox 1096 1370 1410 1430; x_wconf 83' lang='lat' dir='ltr'><em>morbidae</em></span> <span class='ocrx_word' id='word_1_73' title='bbox 1451 1376 1707 1446; x_wconf 90' lang='lat' dir='ltr'><em>propter</em></span> <span class='ocrx_word' id='word_1_74' title='bbox 1748 1371 2042 1445; x_wconf 82' lang='lat' dir='ltr'><em>primoris</em></span> <span class='ocrx_word' id='word_1_75' title='bbox 2079 1385 2304 1428; x_wconf 84' lang='lat' dir='ltr'><em>uernos</em></span> <span class='ocrx_word' id='word_1_76' title='bbox 2341 1374 2576 1447; x_wconf 82' lang='lat' dir='ltr'><em>pastus,</em></span> <span class='ocrx_word' id='word_1_77' title='bbox 2615 1368 2724 1441; x_wconf 80' lang='lat' dir='ltr'><em>qui</em></span> <span class='ocrx_word' id='word_1_78' title='bbox 2758 1384 2835 1426; x_wconf 77' lang='lat' dir='ltr'><em>ex</em></span> 
     </span>
     <span class='ocr_line' id='line_1_11' title="bbox 529 1477 2837 1557; baseline -0.003 -19"><span class='ocrx_word' id='word_1_79' title='bbox 529 1480 790 1552; x_wconf 80' lang='lat' dir='ltr'><em>floribus</em></span> <span class='ocrx_word' id='word_1_80' title='bbox 855 1481 1031 1539; x_wconf 81' lang='lat' dir='ltr'><em>nucis</em></span> <span class='ocrx_word' id='word_1_81' title='bbox 1089 1496 1363 1552; x_wconf 73' lang='lat' dir='ltr'><em>yraecae</em></span> <span class='ocrx_word' id='word_1_82' title='bbox 1428 1485 1488 1537; x_wconf 89' lang='lat' dir='ltr'><em>et</em></span> <span class='ocrx_word' id='word_1_83' title='bbox 1550 1495 1746 1537; x_wconf 82' lang='lat' dir='ltr'><em>cornu</em></span> <span class='ocrx_word' id='word_1_84' title='bbox 1808 1480 1996 1557; x_wconf 80' lang='lat' dir='ltr'><em>fiunt,</em></span> <span class='ocrx_word' id='word_1_85' title='bbox 2057 1478 2366 1536; x_wconf 85' lang='lat' dir='ltr'><em>caeliacas</em></span> <span class='ocrx_word' id='word_1_86' title='bbox 2423 1477 2594 1550; x_wconf 78' lang='grc' dir='ltr'><em>βενὶ,</em></span> <span class='ocrx_word' id='word_1_87' title='bbox 2656 1479 2837 1548; x_wconf 81' lang='lat' dir='ltr'><em>atque</em></span> 
     </span>
     <span class='ocr_line' id='line_1_12' title="bbox 538 1577 2836 1664; baseline -0.003 -20"><span class='ocrx_word' id='word_1_88' title='bbox 538 1587 726 1645; x_wconf 85' lang='lat' dir='ltr'><em>urina</em></span> <span class='ocrx_word' id='word_1_89' title='bbox 767 1592 914 1661; x_wconf 93' lang='lat' dir='ltr'><em>pota</em></span> <span class='ocrx_word' id='word_1_90' title='bbox 961 1587 1152 1656; x_wconf 80' lang='lat' dir='ltr'><em>refici.</em></span> <span class='ocrx_word' id='word_1_91' title='bbox 1228 1586 1303 1644; x_wconf 90' lang='lat' dir='ltr'><em>de</em></span> <span class='ocrx_word' id='word_1_92' title='bbox 1348 1585 1442 1644; x_wconf 79' lang='lat' dir='ltr'><em>bis</em></span> <span class='ocrx_word' id='word_1_93' title='bbox 1483 1585 1784 1659; x_wconf 82' lang='lat' dir='ltr'><em>propolim</em></span> <span class='ocrx_word' id='word_1_94' title='bbox 1831 1589 2067 1664; x_wconf 89' lang='lat' dir='ltr'><em>vocant,</em></span> <span class='ocrx_word' id='word_1_95' title='bbox 2114 1582 2219 1643; x_wconf 89' lang='lat' dir='ltr'><em>ubi</em></span> <span class='ocrx_word' id='word_1_96' title='bbox 2266 1584 2557 1643; x_wconf 86' lang='lat' dir='ltr'><em>dicantur</em></span> <span class='ocrx_word' id='word_1_97' title='bbox 2603 1577 2836 1640; x_wconf 92' lang='lat' dir='ltr'><em>Beroal-</em></span> 
     </span>
     <span class='ocr_line' id='line_1_13' title="bbox 539 1675 2838 1772; baseline -0.002 -22"><span class='ocrx_word' id='word_1_98' title='bbox 539 1690 668 1769; x_wconf 89' lang='lat' dir='ltr'><em>dus,</em></span> <span class='ocrx_word' id='word_1_99' title='bbox 689 1675 1004 1767; x_wconf 89' lang='lat' dir='ltr'><em>primores</em></span> <span class='ocrx_word' id='word_1_100' title='bbox 1044 1689 1361 1772; x_wconf 80' lang='lat' dir='ltr'><em>iucundus,</em></span> <span class='ocrx_word' id='word_1_101' title='bbox 1391 1710 1485 1771; x_wconf 92' lang='lat' dir='ltr'><em>ne,</em></span> <span class='ocrx_word' id='word_1_102' title='bbox 1514 1693 1571 1750; x_wconf 87' lang='lat' dir='ltr'><em>si</em></span> <span class='ocrx_word' id='word_1_103' title='bbox 1606 1707 1725 1751; x_wconf 92' lang='lat' dir='ltr'><em>non</em></span> <span class='ocrx_word' id='word_1_104' title='bbox 1765 1691 2330 1765; x_wconf 80' lang='lat' dir='ltr'><em>animadverterint,</em></span> <span class='ocrx_word' id='word_1_105' title='bbox 2360 1690 2627 1765; x_wconf 90' lang='lat' dir='ltr'><em>inopiam</em></span> <span class='ocrx_word' id='word_1_106' title='bbox 2663 1703 2838 1747; x_wconf 82' lang='lat' dir='ltr'><em>escae</em></span> 
     </span>
     <span class='ocr_line' id='line_1_14' title="bbox 539 1793 2832 1873; baseline -0.002 -16"><span class='ocrx_word' id='word_1_107' title='bbox 539 1798 826 1858; x_wconf 80' lang='lat' dir='ltr'><em>habuisse</em></span> <span class='ocrx_word' id='word_1_108' title='bbox 873 1800 1180 1858; x_wconf 88' lang='lat' dir='ltr'><em>dicantur.</em></span> <span class='ocrx_word' id='word_1_109' title='bbox 1259 1805 1325 1857; x_wconf 91' lang='lat' dir='ltr'><em>at</em></span> <span class='ocrx_word' id='word_1_110' title='bbox 1360 1815 1497 1858; x_wconf 81' lang='lat' dir='ltr'><em>cum</em></span> <span class='ocrx_word' id='word_1_111' title='bbox 1533 1804 1677 1858; x_wconf 83' lang='lat' dir='ltr'><em>sunt</em></span> <span class='ocrx_word' id='word_1_112' title='bbox 1721 1815 1865 1873; x_wconf 82' lang='lat' dir='ltr'><em>apes</em></span> <span class='ocrx_word' id='word_1_113' title='bbox 1903 1798 2219 1857; x_wconf 85' lang='lat' dir='ltr'><em>morbidae</em></span> <span class='ocrx_word' id='word_1_114' title='bbox 2257 1803 2316 1856; x_wconf 90' lang='lat' dir='ltr'><em>et</em></span> <span class='ocrx_word' id='word_1_115' title='bbox 2353 1793 2569 1854; x_wconf 88' lang='lat' dir='ltr'><em>deinde</em></span> <span class='ocrx_word' id='word_1_116' title='bbox 2609 1795 2832 1854; x_wconf 85' lang='lat' dir='ltr'><em>caelia-</em></span> 
     </span>
     <span class='ocr_line' id='line_1_15' title="bbox 540 1900 2835 1983; baseline -0.003 -19"><span class='ocrx_word' id='word_1_117' title='bbox 540 1922 649 1964; x_wconf 82' lang='lat' dir='ltr'><em>cas</em></span> <span class='ocrx_word' id='word_1_118' title='bbox 687 1906 836 1977; x_wconf 77' lang='lat' dir='ltr'><em>fieri</em></span> <span class='ocrx_word' id='word_1_119' title='bbox 871 1906 1162 1965; x_wconf 83' lang='lat' dir='ltr'><em>dicuntur</em></span> <span class='ocrx_word' id='word_1_120' title='bbox 1200 1903 1498 1983; x_wconf 83' lang='lat' dir='ltr'><em>Angelius.</em></span> <span class='ocrx_word' id='word_1_121' title='bbox 1575 1902 1819 1963; x_wconf 86' lang='lat' dir='ltr'><em>Aldinae</em></span> <span class='ocrx_word' id='word_1_122' title='bbox 1868 1903 2143 1963; x_wconf 80' lang='lat' dir='ltr'><em>editionis</em></span> <span class='ocrx_word' id='word_1_123' title='bbox 2180 1902 2500 1963; x_wconf 87' lang='lat' dir='ltr'><em>lectionem</em></span> <span class='ocrx_word' id='word_1_124' title='bbox 2539 1900 2835 1961; x_wconf 88' lang='lat' dir='ltr'><em>Victorius</em></span> 
     </span>
     <span class='ocr_line' id='line_1_16' title="bbox 540 2009 2835 2089; baseline -0.002 -20"><span class='ocrx_word' id='word_1_125' title='bbox 540 2016 601 2070; x_wconf 93' lang='lat' dir='ltr'><em>et</em></span> <span class='ocrx_word' id='word_1_126' title='bbox 658 2009 870 2069; x_wconf 93' lang='lat' dir='ltr'><em>deinde</em></span> <span class='ocrx_word' id='word_1_127' title='bbox 924 2009 1142 2089; x_wconf 85' lang='lat' dir='ltr'><em>reliqui</em></span> <span class='ocrx_word' id='word_1_128' title='bbox 1209 2010 1468 2070; x_wconf 86' lang='lat' dir='ltr'><em>editores</em></span> <span class='ocrx_word' id='word_1_129' title='bbox 1536 2019 1914 2089; x_wconf 89' lang='lat' dir='ltr'><em>receperunt.</em></span> <span class='ocrx_word' id='word_1_130' title='bbox 2011 2009 2315 2089; x_wconf 83' lang='lat' dir='ltr'><em>archetypi</em></span> <span class='ocrx_word' id='word_1_131' title='bbox 2381 2009 2742 2088; x_wconf 84' lang='lat' dir='ltr'><em>scripturam</em></span> <span class='ocrx_word' id='word_1_132' title='bbox 2805 2024 2835 2065; x_wconf 90' lang='lat' dir='ltr'><em>a</em></span> 
     </span>
     <span class='ocr_line' id='line_1_17' title="bbox 538 2112 2835 2195; baseline -0.001 -20"><span class='ocrx_word' id='word_1_133' title='bbox 538 2115 800 2176; x_wconf 90' lang='lat' dir='ltr'><em>Victorio</em></span> <span class='ocrx_word' id='word_1_134' title='bbox 862 2116 1179 2176; x_wconf 88' lang='lat' dir='ltr'><em>indicatam</em></span> <span class='ocrx_word' id='word_1_135' title='bbox 1240 2116 1501 2195; x_wconf 85' lang='lat' dir='ltr'><em>Scaliger</em></span> <span class='ocrx_word' id='word_1_136' title='bbox 1563 2115 1882 2176; x_wconf 90' lang='lat' dir='ltr'><em>emendare</em></span> <span class='ocrx_word' id='word_1_137' title='bbox 1944 2117 2175 2177; x_wconf 88' lang='lat' dir='ltr'><em>studuit</em></span> <span class='ocrx_word' id='word_1_138' title='bbox 2231 2117 2294 2177; x_wconf 89' lang='lat' dir='ltr'><em>in</em></span> <span class='ocrx_word' id='word_1_139' title='bbox 2353 2115 2515 2176; x_wconf 90' lang='lat' dir='ltr'><em>hunc</em></span> <span class='ocrx_word' id='word_1_140' title='bbox 2580 2112 2835 2192; x_wconf 89' lang='lat' dir='ltr'><em>modum,</em></span> 
     </span>
     <span class='ocr_line' id='line_1_18' title="bbox 534 2222 2835 2305; baseline -0.002 -22"><span class='ocrx_word' id='word_1_141' title='bbox 534 2241 665 2297; x_wconf 86' lang='lat' dir='ltr'><em>nec,</em></span> <span class='ocrx_word' id='word_1_142' title='bbox 712 2240 849 2283; x_wconf 83' lang='lat' dir='ltr'><em>cum</em></span> <span class='ocrx_word' id='word_1_143' title='bbox 900 2224 1446 2283; x_wconf 86' lang='lat' dir='ltr'><em>animadverterint</em></span> <span class='ocrx_word' id='word_1_144' title='bbox 1490 2226 1665 2285; x_wconf 80' lang='lat' dir='ltr'><em>baud</em></span> <span class='ocrx_word' id='word_1_145' title='bbox 1707 2226 1973 2300; x_wconf 89' lang='lat' dir='ltr'><em>inopiam</em></span> <span class='ocrx_word' id='word_1_146' title='bbox 2020 2242 2174 2305; x_wconf 84' lang='lat' dir='ltr'><em>esse,</em></span> <span class='ocrx_word' id='word_1_147' title='bbox 2221 2224 2481 2283; x_wconf 83' lang='lat' dir='ltr'><em>abivisse</em></span> <span class='ocrx_word' id='word_1_148' title='bbox 2528 2224 2696 2283; x_wconf 90' lang='lat' dir='ltr'><em>dicit.</em></span> <span class='ocrx_word' id='word_1_149' title='bbox 2786 2222 2835 2278; x_wconf 82' lang='lat' dir='ltr'><em>is</em></span> 
     </span>
     <span class='ocr_line' id='line_1_19' title="bbox 535 2325 2831 2411; baseline -0.002 -22"><span class='ocrx_word' id='word_1_150' title='bbox 535 2331 643 2407; x_wconf 88' lang='lat' dir='ltr'><em>ait,</em></span> <span class='ocrx_word' id='word_1_151' title='bbox 691 2347 827 2389; x_wconf 83' lang='lat' dir='ltr'><em>cum</em></span> <span class='ocrx_word' id='word_1_152' title='bbox 873 2338 1014 2390; x_wconf 81' lang='lat' dir='ltr'><em>sunt</em></span> <span class='ocrx_word' id='word_1_153' title='bbox 1051 2349 1196 2407; x_wconf 87' lang='lat' dir='ltr'><em>apes</em></span> <span class='ocrx_word' id='word_1_154' title='bbox 1234 2331 1548 2390; x_wconf 86' lang='lat' dir='ltr'><em>morbidae</em></span> <span class='ocrx_word' id='word_1_155' title='bbox 1587 2339 1717 2411; x_wconf 88' lang='lat' dir='ltr'><em>etc.,</em></span> <span class='ocrx_word' id='word_1_156' title='bbox 1764 2330 1820 2390; x_wconf 91' lang='lat' dir='ltr'><em>h.</em></span> <span class='ocrx_word' id='word_1_157' title='bbox 1854 2349 1903 2390; x_wconf 93' lang='lat' dir='ltr'><em>e.</em></span> <span class='ocrx_word' id='word_1_158' title='bbox 1943 2325 2088 2389; x_wconf 71' lang='lat' dir='ltr'><em>enec</em></span> <span class='ocrx_word' id='word_1_159' title='bbox 2135 2347 2294 2408; x_wconf 81' lang='lat' dir='ltr'><em>apeS,</em></span> <span class='ocrx_word' id='word_1_160' title='bbox 2331 2329 2544 2410; x_wconf 89' lang='lat' dir='ltr'><em>inquit,</em></span> <span class='ocrx_word' id='word_1_161' title='bbox 2582 2325 2831 2386; x_wconf 86' lang='lat' dir='ltr'><em>abivisse</em></span> 
     </span>
     <span class='ocr_line' id='line_1_20' title="bbox 536 2431 2822 2517; baseline -0.001 -22"><span class='ocrx_word' id='word_1_162' title='bbox 536 2436 697 2516; x_wconf 90' lang='lat' dir='ltr'><em>dicit,</em></span> <span class='ocrx_word' id='word_1_163' title='bbox 746 2453 882 2496; x_wconf 91' lang='lat' dir='ltr'><em>cum</em></span> <span class='ocrx_word' id='word_1_164' title='bbox 929 2436 1455 2497; x_wconf 85' lang='lat' dir='ltr'><em>animadverterint</em></span> <span class='ocrx_word' id='word_1_165' title='bbox 1502 2454 1621 2497; x_wconf 88' lang='lat' dir='ltr'><em>non</em></span> <span class='ocrx_word' id='word_1_166' title='bbox 1671 2455 1802 2497; x_wconf 89' lang='lat' dir='ltr'><em>esse</em></span> <span class='ocrx_word' id='word_1_167' title='bbox 1849 2438 2109 2517; x_wconf 89' lang='lat' dir='ltr'><em>inopiam</em></span> <span class='ocrx_word' id='word_1_168' title='bbox 2157 2431 2324 2515; x_wconf 86' lang='lat' dir='ltr'><em>cibi&#39;,</em></span> <span class='ocrx_word' id='word_1_169' title='bbox 2375 2442 2442 2494; x_wconf 90' lang='lat' dir='ltr'><em>ut</em></span> <span class='ocrx_word' id='word_1_170' title='bbox 2487 2433 2636 2494; x_wconf 91' lang='lat' dir='ltr'><em>haec</em></span> <span class='ocrx_word' id='word_1_171' title='bbox 2685 2451 2822 2512; x_wconf 89' lang='lat' dir='ltr'><em>quo·</em></span> 
     </span>
     <span class='ocr_line' id='line_1_21' title="bbox 541 2540 2829 2621; baseline -0.001 -18"><span class='ocrx_word' id='word_1_172' title='bbox 541 2561 657 2621; x_wconf 91' lang='lat' dir='ltr'><em>que</em></span> <span class='ocrx_word' id='word_1_173' title='bbox 706 2542 775 2602; x_wconf 90' lang='lat' dir='ltr'><em>ad</em></span> <span class='ocrx_word' id='word_1_174' title='bbox 815 2541 1214 2604; x_wconf 90' lang='lat' dir='ltr'><em>Menecratem</em></span> <span class='ocrx_word' id='word_1_175' title='bbox 1263 2543 1617 2604; x_wconf 83' lang='lat' dir='ltr'><em>referantur.</em></span> <span class='ocrx_word' id='word_1_176' title='bbox 1693 2545 1914 2604; x_wconf 90' lang='lat' dir='ltr'><em>maiore</em></span> <span class='ocrx_word' id='word_1_177' title='bbox 1962 2541 2199 2605; x_wconf 87' lang='lat' dir='ltr'><em>licentia</em></span> <span class='ocrx_word' id='word_1_178' title='bbox 2238 2560 2382 2603; x_wconf 87' lang='lat' dir='ltr'><em>usus</em></span> <span class='ocrx_word' id='word_1_179' title='bbox 2431 2547 2524 2602; x_wconf 88' lang='lat' dir='ltr'><em>est</em></span> <span class='ocrx_word' id='word_1_180' title='bbox 2565 2540 2829 2620; x_wconf 83' lang='lat' dir='ltr'><em>UrsinuS,</em></span> 
     </span>
     <span class='ocr_line' id='line_1_22' title="bbox 534 2650 2834 2732; baseline -0.001 -24"><span class='ocrx_word' id='word_1_181' title='bbox 534 2651 638 2727; x_wconf 93' lang='lat' dir='ltr'><em>qui</em></span> <span class='ocrx_word' id='word_1_182' title='bbox 703 2650 950 2709; x_wconf 85' lang='lat' dir='ltr'><em>eandem</em></span> <span class='ocrx_word' id='word_1_183' title='bbox 1009 2652 1366 2710; x_wconf 89' lang='lat' dir='ltr'><em>sententiam</em></span> <span class='ocrx_word' id='word_1_184' title='bbox 1425 2652 1502 2710; x_wconf 86' lang='lat' dir='ltr'><em>ita</em></span> <span class='ocrx_word' id='word_1_185' title='bbox 1566 2653 1885 2732; x_wconf 82' lang='lat' dir='ltr'><em>expressit,</em></span> <span class='ocrx_word' id='word_1_186' title='bbox 1940 2670 2041 2727; x_wconf 85' lang='lat' dir='ltr'><em>ne,</em></span> <span class='ocrx_word' id='word_1_187' title='bbox 2099 2667 2235 2710; x_wconf 87' lang='lat' dir='ltr'><em>cum</em></span> <span class='ocrx_word' id='word_1_188' title='bbox 2290 2651 2834 2710; x_wconf 88' lang='lat' dir='ltr'><em>animadverterint</em></span> 
     </span>
     <span class='ocr_line' id='line_1_23' title="bbox 541 2758 2829 2833; baseline -0.001 -18"><span class='ocrx_word' id='word_1_189' title='bbox 541 2758 667 2815; x_wconf 90' lang='lat' dir='ltr'><em>cibi</em></span> <span class='ocrx_word' id='word_1_190' title='bbox 711 2759 973 2832; x_wconf 88' lang='lat' dir='ltr'><em>inopiam</em></span> <span class='ocrx_word' id='word_1_191' title='bbox 1014 2776 1157 2832; x_wconf 83' lang='lat' dir='ltr'><em>esse,</em></span> <span class='ocrx_word' id='word_1_192' title='bbox 1197 2759 1434 2818; x_wconf 90' lang='lat' dir='ltr'><em>abeant.</em></span> <span class='ocrx_word' id='word_1_193' title='bbox 1511 2758 1900 2819; x_wconf 84' lang='lat' dir='ltr'><em>Menecrates</em></span> <span class='ocrx_word' id='word_1_194' title='bbox 1939 2762 2030 2817; x_wconf 93' lang='lat' dir='ltr'><em>ait</em></span> <span class='ocrx_word' id='word_1_195' title='bbox 2066 2775 2212 2833; x_wconf 82' lang='lat' dir='ltr'><em>apes</em></span> <span class='ocrx_word' id='word_1_196' title='bbox 2242 2762 2500 2833; x_wconf 90' lang='lat' dir='ltr'><em>propter</em></span> <span class='ocrx_word' id='word_1_197' title='bbox 2533 2758 2829 2832; x_wconf 82' lang='lat' dir='ltr'><em>primores</em></span> 
     </span>
     <span class='ocr_line' id='line_1_24' title="bbox 535 2865 2826 2939; baseline -0 -18"><span class='ocrx_word' id='word_1_198' title='bbox 535 2880 752 2922; x_wconf 85' lang='lat' dir='ltr'><em>vernos</em></span> <span class='ocrx_word' id='word_1_199' title='bbox 791 2870 1006 2938; x_wconf 83' lang='lat' dir='ltr'><em>pastus</em></span> <span class='ocrx_word' id='word_1_200' title='bbox 1054 2883 1132 2923; x_wconf 68' lang='lat' dir='ltr'><em>esc</em></span> <span class='ocrx_word' id='word_1_201' title='bbox 1171 2866 1431 2937; x_wconf 76' lang='lat' dir='ltr'><em>floribus</em></span> <span class='ocrx_word' id='word_1_202' title='bbox 1476 2868 1654 2924; x_wconf 84' lang='lat' dir='ltr'><em>nucis</em></span> <span class='ocrx_word' id='word_1_203' title='bbox 1696 2882 1970 2939; x_wconf 71' lang='lat' dir='ltr'><em>yraecae</em></span> <span class='ocrx_word' id='word_1_204' title='bbox 2016 2870 2076 2924; x_wconf 93' lang='lat' dir='ltr'><em>et</em></span> <span class='ocrx_word' id='word_1_205' title='bbox 2121 2881 2315 2923; x_wconf 86' lang='lat' dir='ltr'><em>cornu</em></span> <span class='ocrx_word' id='word_1_206' title='bbox 2362 2865 2559 2923; x_wconf 81' lang='lat' dir='ltr'><em>solere</em></span> <span class='ocrx_word' id='word_1_207' title='bbox 2606 2865 2826 2921; x_wconf 88' lang='lat' dir='ltr'><em>caelia·</em></span> 
     </span>
     <span class='ocr_line' id='line_1_25' title="bbox 537 2966 2826 3048; baseline -0.001 -20"><span class='ocrx_word' id='word_1_208' title='bbox 537 2986 645 3028; x_wconf 83' lang='lat' dir='ltr'><em>cas</em></span> <span class='ocrx_word' id='word_1_209' title='bbox 685 2972 847 3042; x_wconf 77' lang='lat' dir='ltr'><em>fieri,</em></span> <span class='ocrx_word' id='word_1_210' title='bbox 886 2988 1110 3044; x_wconf 80' lang='lat' dir='ltr'><em>easque</em></span> <span class='ocrx_word' id='word_1_211' title='bbox 1148 2973 1334 3030; x_wconf 83' lang='lat' dir='ltr'><em>urina</em></span> <span class='ocrx_word' id='word_1_212' title='bbox 1368 2969 1533 3045; x_wconf 81' lang='lat' dir='ltr'><em>fotas</em></span> <span class='ocrx_word' id='word_1_213' title='bbox 1571 2974 1765 3044; x_wconf 75' lang='lat' dir='ltr'><em>refici.</em></span> <span class='ocrx_word' id='word_1_214' title='bbox 1840 2969 1994 3029; x_wconf 88' lang='lat' dir='ltr'><em>idem</em></span> <span class='ocrx_word' id='word_1_215' title='bbox 2035 2979 2171 3048; x_wconf 92' lang='lat' dir='ltr'><em>post</em></span> <span class='ocrx_word' id='word_1_216' title='bbox 2206 2968 2353 3029; x_wconf 89' lang='lat' dir='ltr'><em>haec</em></span> <span class='ocrx_word' id='word_1_217' title='bbox 2393 2966 2577 3028; x_wconf 90' lang='lat' dir='ltr'><em>multa</em></span> <span class='ocrx_word' id='word_1_218' title='bbox 2617 2970 2826 3027; x_wconf 88' lang='lat' dir='ltr'><em>omissa</em></span> 
     </span>
     <span class='ocr_line' id='line_1_26' title="bbox 539 3072 2825 3155; baseline -0.001 -21"><span class='ocrx_word' id='word_1_219' title='bbox 539 3093 670 3134; x_wconf 89' lang='lat' dir='ltr'><em>esse</em></span> <span class='ocrx_word' id='word_1_220' title='bbox 732 3076 1049 3135; x_wconf 82' lang='lat' dir='ltr'><em>adnotavit.</em></span> <span class='ocrx_word' id='word_1_221' title='bbox 1141 3075 1349 3135; x_wconf 88' lang='lat' dir='ltr'><em>lacuna</em></span> <span class='ocrx_word' id='word_1_222' title='bbox 1411 3085 1691 3155; x_wconf 89' lang='lat' dir='ltr'><em>corrupta</em></span> <span class='ocrx_word' id='word_1_223' title='bbox 1756 3094 1887 3136; x_wconf 89' lang='lat' dir='ltr'><em>esse</em></span> <span class='ocrx_word' id='word_1_224' title='bbox 1949 3075 2127 3135; x_wconf 88' lang='lat' dir='ltr'><em>verba</em></span> <span class='ocrx_word' id='word_1_225' title='bbox 2185 3075 2485 3135; x_wconf 89' lang='lat' dir='ltr'><em>Gesnerus</em></span> <span class='ocrx_word' id='word_1_226' title='bbox 2547 3082 2608 3134; x_wconf 85' lang='lat' dir='ltr'><em>et</em></span> <span class='ocrx_word' id='word_1_227' title='bbox 2669 3072 2825 3133; x_wconf 91' lang='lat' dir='ltr'><em>Zahl-</em></span> 
     </span>
     <span class='ocr_line' id='line_1_27' title="bbox 529 3180 2826 3261; baseline -0.001 -21"><span class='ocrx_word' id='word_1_228' title='bbox 529 3180 769 3243; x_wconf 87' lang='lat' dir='ltr'><em>feldtius</em></span> <span class='ocrx_word' id='word_1_229' title='bbox 808 3190 1031 3260; x_wconf 89' lang='lat' dir='ltr'><em>quaest.</em></span> <span class='ocrx_word' id='word_1_230' title='bbox 1074 3184 1205 3242; x_wconf 87' lang='lat' dir='ltr'><em>crit.</em></span> <span class='ocrx_word' id='word_1_231' title='bbox 1246 3185 1304 3242; x_wconf 90' lang='lat' dir='ltr'><em>in</em></span> <span class='ocrx_word' id='word_1_232' title='bbox 1347 3181 1510 3241; x_wconf 90' lang='lat' dir='ltr'><em>Varr.</em></span> <span class='ocrx_word' id='word_1_233' title='bbox 1542 3200 1658 3243; x_wconf 90' lang='lat' dir='ltr'><em>rer.</em></span> <span class='ocrx_word' id='word_1_234' title='bbox 1688 3192 1836 3243; x_wconf 90' lang='lat' dir='ltr'><em>rust.</em></span> <span class='ocrx_word' id='word_1_235' title='bbox 1876 3182 2008 3243; x_wconf 87' lang='lat' dir='ltr'><em>libr.</em></span> <span class='ocrx_word' id='word_1_236' title='bbox 2040 3201 2094 3261; x_wconf 90' lang='lat' dir='ltr'><em>p.</em></span> <span class='ocrx_word' id='word_1_237' title='bbox 2117 3180 2203 3244; x_wconf 83' lang='lat'><em>24</em></span> <span class='ocrx_word' id='word_1_238' title='bbox 2237 3190 2611 3242; x_wconf 90' lang='lat' dir='ltr'><em>monuerunt.</em></span> <span class='ocrx_word' id='word_1_239' title='bbox 2697 3198 2826 3240; x_wconf 89' lang='lat' dir='ltr'><em>nam</em></span> 
     </span>
     <span class='ocr_line' id='line_1_28' title="bbox 534 3287 2826 3366; baseline 0 -21"><span class='ocrx_word' id='word_1_240' title='bbox 534 3306 669 3346; x_wconf 88' lang='lat' dir='ltr'><em>cum</em></span> <span class='ocrx_word' id='word_1_241' title='bbox 717 3289 976 3365; x_wconf 91' lang='lat' dir='ltr'><em>primum</em></span> <span class='ocrx_word' id='word_1_242' title='bbox 1026 3288 1098 3347; x_wconf 93' lang='lat' dir='ltr'><em>de</em></span> <span class='ocrx_word' id='word_1_243' title='bbox 1147 3287 1577 3348; x_wconf 83' lang='lat' dir='ltr'><em>transferendis</em></span> <span class='ocrx_word' id='word_1_244' title='bbox 1635 3288 1872 3366; x_wconf 82' lang='lat' dir='ltr'><em>apihuS,</em></span> <span class='ocrx_word' id='word_1_245' title='bbox 1931 3288 2143 3348; x_wconf 89' lang='lat' dir='ltr'><em>deinde</em></span> <span class='ocrx_word' id='word_1_246' title='bbox 2207 3288 2280 3349; x_wconf 94' lang='lat' dir='ltr'><em>de</em></span> <span class='ocrx_word' id='word_1_247' title='bbox 2341 3287 2618 3349; x_wconf 90' lang='lat' dir='ltr'><em>sanandis</em></span> <span class='ocrx_word' id='word_1_248' title='bbox 2675 3304 2826 3346; x_wconf 88' lang='lat' dir='ltr'><em>mor·</em></span> 
     </span>
     <span class='ocr_line' id='line_1_29' title="bbox 535 3392 2829 3475; baseline 0.001 -25"><span class='ocrx_word' id='word_1_249' title='bbox 535 3392 688 3452; x_wconf 85' lang='lat' dir='ltr'><em>hidis</em></span> <span class='ocrx_word' id='word_1_250' title='bbox 735 3396 1162 3474; x_wconf 81' lang='lat' dir='ltr'><em>praecipiatur,</em></span> <span class='ocrx_word' id='word_1_251' title='bbox 1210 3396 1369 3455; x_wconf 85' lang='lat' dir='ltr'><em>inter</em></span> <span class='ocrx_word' id='word_1_252' title='bbox 1415 3394 1563 3455; x_wconf 86' lang='lat' dir='ltr'><em>haec</em></span> <span class='ocrx_word' id='word_1_253' title='bbox 1612 3395 1729 3456; x_wconf 91' lang='lat' dir='ltr'><em>duo</em></span> <span class='ocrx_word' id='word_1_254' title='bbox 1778 3414 1997 3474; x_wconf 86' lang='lat' dir='ltr'><em>genera</em></span> <span class='ocrx_word' id='word_1_255' title='bbox 2043 3403 2497 3475; x_wconf 87' lang='lat' dir='ltr'><em>praeceptorum</em></span> <span class='ocrx_word' id='word_1_256' title='bbox 2546 3394 2829 3473; x_wconf 89' lang='lat' dir='ltr'><em>quaedam</em></span> 
     </span>
     <span class='ocr_line' id='line_1_30' title="bbox 534 3498 2829 3581; baseline 0.001 -24"><span class='ocrx_word' id='word_1_257' title='bbox 534 3498 917 3581; x_wconf 86' lang='lat' dir='ltr'><em>exciderunt,</em></span> <span class='ocrx_word' id='word_1_258' title='bbox 972 3501 1031 3560; x_wconf 92' lang='lat' dir='ltr'><em>in</em></span> <span class='ocrx_word' id='word_1_259' title='bbox 1092 3499 1310 3579; x_wconf 88' lang='lat' dir='ltr'><em>quihus</em></span> <span class='ocrx_word' id='word_1_260' title='bbox 1368 3520 1585 3562; x_wconf 91' lang='lat' dir='ltr'><em>nomen</em></span> <span class='ocrx_word' id='word_1_261' title='bbox 1645 3505 1775 3562; x_wconf 90' lang='lat' dir='ltr'><em>eius</em></span> <span class='ocrx_word' id='word_1_262' title='bbox 1837 3505 2009 3563; x_wconf 89' lang='lat' dir='ltr'><em>cuius</em></span> <span class='ocrx_word' id='word_1_263' title='bbox 2054 3510 2369 3581; x_wconf 88' lang='lat' dir='ltr'><em>praecepta</em></span> <span class='ocrx_word' id='word_1_264' title='bbox 2419 3500 2632 3561; x_wconf 90' lang='lat' dir='ltr'><em>deinde</em></span> <span class='ocrx_word' id='word_1_265' title='bbox 2682 3501 2829 3560; x_wconf 79' lang='lat' dir='ltr'><em>refe-</em></span> 
     </span>
     <span class='ocr_line' id='line_1_31' title="bbox 532 3606 2823 3687; baseline 0 -24"><span class='ocrx_word' id='word_1_266' title='bbox 532 3612 748 3664; x_wconf 86' lang='lat' dir='ltr'><em>runtur</em></span> <span class='ocrx_word' id='word_1_267' title='bbox 794 3606 1150 3684; x_wconf 87' lang='lat' dir='ltr'><em>appellatum</em></span> <span class='ocrx_word' id='word_1_268' title='bbox 1198 3616 1341 3667; x_wconf 87' lang='lat' dir='ltr'><em>erat.</em></span> <span class='ocrx_word' id='word_1_269' title='bbox 1434 3610 1633 3687; x_wconf 88' lang='lat' dir='ltr'><em>itaque</em></span> <span class='ocrx_word' id='word_1_270' title='bbox 1683 3608 1952 3670; x_wconf 89' lang='lat' dir='ltr'><em>lacunam</em></span> <span class='ocrx_word' id='word_1_271' title='bbox 1999 3616 2135 3687; x_wconf 86' lang='lat' dir='ltr'><em>post</em></span> <span class='ocrx_word' id='word_1_272' title='bbox 2189 3611 2454 3685; x_wconf 89' lang='lat' dir='ltr'><em>inopiam</em></span> <span class='ocrx_word' id='word_1_273' title='bbox 2501 3626 2630 3668; x_wconf 83' lang='lat' dir='ltr'><em>esse</em></span> <span class='ocrx_word' id='word_1_274' title='bbox 2675 3606 2823 3666; x_wconf 91' lang='lat' dir='ltr'><em>indi-</em></span> 
     </span>
     <span class='ocr_line' id='line_1_32' title="bbox 530 3711 2830 3797; baseline 0 -26"><span class='ocrx_word' id='word_1_275' title='bbox 530 3713 674 3792; x_wconf 87' lang='lat' dir='ltr'><em>cavi,</em></span> <span class='ocrx_word' id='word_1_276' title='bbox 722 3711 947 3789; x_wconf 91' lang='lat' dir='ltr'><em>reliqua</em></span> <span class='ocrx_word' id='word_1_277' title='bbox 1008 3715 1066 3772; x_wconf 90' lang='lat' dir='ltr'><em>in</em></span> <span class='ocrx_word' id='word_1_278' title='bbox 1128 3712 1288 3774; x_wconf 90' lang='lat' dir='ltr'><em>hunc</em></span> <span class='ocrx_word' id='word_1_279' title='bbox 1346 3713 1585 3774; x_wconf 90' lang='lat' dir='ltr'><em>modum</em></span> <span class='ocrx_word' id='word_1_280' title='bbox 1647 3717 1889 3797; x_wconf 79' lang='lat' dir='ltr'><em>scripsi,</em></span> <span class='ocrx_word' id='word_1_281' title='bbox 1936 3734 2037 3790; x_wconf 91' lang='lat' dir='ltr'><em>ne,</em></span> <span class='ocrx_word' id='word_1_282' title='bbox 2086 3733 2224 3776; x_wconf 86' lang='lat' dir='ltr'><em>cum</em></span> <span class='ocrx_word' id='word_1_283' title='bbox 2279 3716 2830 3776; x_wconf 90' lang='lat' dir='ltr'><em>animadverterint</em></span> 
     </span>
     <span class='ocr_line' id='line_1_33' title="bbox 530 3821 2827 3897; baseline 0.001 -20"><span class='ocrx_word' id='word_1_284' title='bbox 530 3825 640 3878; x_wconf 84' lang='lat' dir='ltr'><em>aut</em></span> <span class='ocrx_word' id='word_1_285' title='bbox 686 3821 950 3894; x_wconf 88' lang='lat' dir='ltr'><em>inopiam</em></span> <span class='ocrx_word' id='word_1_286' title='bbox 1005 3837 1134 3879; x_wconf 81' lang='lat' dir='ltr'><em>esse</em></span> <span class='ocrx_word' id='word_1_287' title='bbox 1161 3837 1193 3875; x_wconf 88' lang='lat'><em>*</em></span> <span class='ocrx_word' id='word_1_288' title='bbox 1223 3821 1507 3880; x_wconf 82' lang='lat' dir='ltr'><em>habuisse</em></span> <span class='ocrx_word' id='word_1_289' title='bbox 1565 3824 1731 3881; x_wconf 89' lang='lat' dir='ltr'><em>dicit.</em></span> <span class='ocrx_word' id='word_1_290' title='bbox 1825 3824 1875 3881; x_wconf 87' lang='lat' dir='ltr'><em>is</em></span> <span class='ocrx_word' id='word_1_291' title='bbox 1931 3824 2044 3897; x_wconf 85' lang='lat' dir='ltr'><em>ait,</em></span> <span class='ocrx_word' id='word_1_292' title='bbox 2102 3839 2240 3881; x_wconf 84' lang='lat' dir='ltr'><em>cum</em></span> <span class='ocrx_word' id='word_1_293' title='bbox 2295 3823 2418 3881; x_wconf 83' lang='lat' dir='ltr'><em>sint</em></span> <span class='ocrx_word' id='word_1_294' title='bbox 2470 3838 2616 3896; x_wconf 84' lang='lat' dir='ltr'><em>apes</em></span> <span class='ocrx_word' id='word_1_295' title='bbox 2672 3836 2827 3880; x_wconf 89' lang='lat' dir='ltr'><em>mor-</em></span> 
     </span>
     <span class='ocr_line' id='line_1_34' title="bbox 531 3927 2830 4006; baseline 0 -21"><span class='ocrx_word' id='word_1_296' title='bbox 531 3927 710 3986; x_wconf 89' lang='lat' dir='ltr'><em>bidae</em></span> <span class='ocrx_word' id='word_1_297' title='bbox 766 3932 1023 4001; x_wconf 89' lang='lat' dir='ltr'><em>propter</em></span> <span class='ocrx_word' id='word_1_298' title='bbox 1081 3928 1374 4001; x_wconf 83' lang='lat' dir='ltr'><em>primoris</em></span> <span class='ocrx_word' id='word_1_299' title='bbox 1438 3944 1656 3987; x_wconf 83' lang='lat' dir='ltr'><em>vernos</em></span> <span class='ocrx_word' id='word_1_300' title='bbox 1715 3933 1957 4006; x_wconf 73' lang='lat' dir='ltr'><em>pastuS,</em></span> <span class='ocrx_word' id='word_1_301' title='bbox 2023 3929 2130 4001; x_wconf 81' lang='lat' dir='ltr'><em>qui</em></span> <span class='ocrx_word' id='word_1_302' title='bbox 2192 3944 2271 3987; x_wconf 69' lang='lat' dir='ltr'><em>ecc</em></span> <span class='ocrx_word' id='word_1_303' title='bbox 2326 3928 2588 4001; x_wconf 76' lang='lat' dir='ltr'><em>floribus</em></span> <span class='ocrx_word' id='word_1_304' title='bbox 2652 3928 2830 3987; x_wconf 82' lang='lat' dir='ltr'><em>nucis</em></span> 
     </span>
     <span class='ocr_line' id='line_1_35' title="bbox 521 4035 2828 4110; baseline 0.001 -19"><span class='ocrx_word' id='word_1_305' title='bbox 521 4050 794 4106; x_wconf 69' lang='lat' dir='ltr'><em>qraecae</em></span> <span class='ocrx_word' id='word_1_306' title='bbox 849 4038 908 4091; x_wconf 89' lang='lat' dir='ltr'><em>et</em></span> <span class='ocrx_word' id='word_1_307' title='bbox 961 4049 1187 4092; x_wconf 83' lang='lat' dir='ltr'><em>cornus</em></span> <span class='ocrx_word' id='word_1_308' title='bbox 1236 4035 1420 4107; x_wconf 77' lang='lat' dir='ltr'><em>fiunt,</em></span> <span class='ocrx_word' id='word_1_309' title='bbox 1469 4035 1774 4093; x_wconf 84' lang='lat' dir='ltr'><em>coeliacas</em></span> <span class='ocrx_word' id='word_1_310' title='bbox 1825 4035 1976 4105; x_wconf 79' lang='lat' dir='ltr'><em>fieri</em></span> <span class='ocrx_word' id='word_1_311' title='bbox 2018 4038 2200 4107; x_wconf 80' lang='lat' dir='ltr'><em>atque</em></span> <span class='ocrx_word' id='word_1_312' title='bbox 2245 4035 2432 4093; x_wconf 84' lang='lat' dir='ltr'><em>urina</em></span> <span class='ocrx_word' id='word_1_313' title='bbox 2473 4040 2622 4110; x_wconf 91' lang='lat' dir='ltr'><em>pota</em></span> <span class='ocrx_word' id='word_1_314' title='bbox 2685 4036 2828 4105; x_wconf 88' lang='grc' dir='ltr'><em>νεβ-</em></span> 
     </span>
     <span class='ocr_line' id='line_1_36' title="bbox 526 4137 2828 4217; baseline -0 -18"><span class='ocrx_word' id='word_1_315' title='bbox 526 4141 793 4199; x_wconf 79' lang='lat' dir='ltr'><em>ciendas,</em></span> <span class='ocrx_word' id='word_1_316' title='bbox 880 4141 1178 4215; x_wconf 84' lang='lat' dir='ltr'><em>propolim</em></span> <span class='ocrx_word' id='word_1_317' title='bbox 1225 4145 1444 4198; x_wconf 88' lang='lat' dir='ltr'><em>vocant</em></span> <span class='ocrx_word' id='word_1_318' title='bbox 1489 4157 1618 4217; x_wconf 88' lang='lat' dir='ltr'><em>sqq.</em></span> <span class='ocrx_word' id='word_1_319' title='bbox 1668 4171 1748 4180; x_wconf 91' lang='lat'><em>——</em></span> <span class='ocrx_word' id='word_1_320' title='bbox 1800 4142 1981 4199; x_wconf 92' lang='lat' dir='ltr'><em>corni</em></span> <span class='ocrx_word' id='word_1_321' title='bbox 2025 4137 2427 4198; x_wconf 88' lang='lat' dir='ltr'><em>Schneiderus</em></span> <span class='ocrx_word' id='word_1_322' title='bbox 2487 4140 2547 4198; x_wconf 92' lang='lat' dir='ltr'><em>in</em></span> <span class='ocrx_word' id='word_1_323' title='bbox 2597 4138 2828 4199; x_wconf 89' lang='lat' dir='ltr'><em>Colum.</em></span> 
     </span>
     <span class='ocr_line' id='line_1_37' title="bbox 531 4240 2826 4324; baseline 0.001 -22"><span class='ocrx_word' id='word_1_324' title='bbox 531 4242 608 4302; x_wconf 91' lang='lat' dir='ltr'><em>lX</em></span> <span class='ocrx_word' id='word_1_325' title='bbox 649 4240 749 4324; x_wconf 84' lang='lat'><em>13,</em></span> <span class='ocrx_word' id='word_1_326' title='bbox 787 4241 845 4303; x_wconf 79' lang='lat'><em>2.</em></span> <span class='ocrx_word' id='word_1_327' title='bbox 929 4262 1038 4322; x_wconf 90' lang='lat' dir='ltr'><em>pro</em></span> <span class='ocrx_word' id='word_1_328' title='bbox 1084 4242 1198 4303; x_wconf 91' lang='lat' dir='ltr'><em>hoc</em></span> <span class='ocrx_word' id='word_1_329' title='bbox 1244 4262 1470 4305; x_wconf 81' lang='lat' dir='ltr'><em>cornus</em></span> <span class='ocrx_word' id='word_1_330' title='bbox 1516 4246 1758 4324; x_wconf 89' lang='lat' dir='ltr'><em>scripsi:</em></span> <span class='ocrx_word' id='word_1_331' title='bbox 1808 4262 1941 4304; x_wconf 91' lang='lat' dir='ltr'><em>nam</em></span> <span class='ocrx_word' id='word_1_332' title='bbox 1990 4251 2152 4303; x_wconf 85' lang='lat' dir='ltr'><em>certa</em></span> <span class='ocrx_word' id='word_1_333' title='bbox 2205 4244 2471 4323; x_wconf 90' lang='lat' dir='ltr'><em>exempla</em></span> <span class='ocrx_word' id='word_1_334' title='bbox 2524 4245 2826 4306; x_wconf 88' lang='lat' dir='ltr'><em>secundae</em></span> 
     </span>
     <span class='ocr_line' id='line_1_38' title="bbox 526 4349 2106 4427; baseline 0.001 -18"><span class='ocrx_word' id='word_1_335' title='bbox 526 4349 935 4409; x_wconf 90' lang='lat' dir='ltr'><em>declinationis</em></span> <span class='ocrx_word' id='word_1_336' title='bbox 981 4352 1044 4409; x_wconf 91' lang='lat' dir='ltr'><em>in</em></span> <span class='ocrx_word' id='word_1_337' title='bbox 1093 4349 1376 4427; x_wconf 86' lang='lat' dir='ltr'><em>singulari</em></span> <span class='ocrx_word' id='word_1_338' title='bbox 1425 4369 1674 4411; x_wconf 89' lang='lat' dir='ltr'><em>numero</em></span> <span class='ocrx_word' id='word_1_339' title='bbox 1724 4369 1843 4411; x_wconf 91' lang='lat' dir='ltr'><em>non</em></span> <span class='ocrx_word' id='word_1_340' title='bbox 1891 4353 2106 4410; x_wconf 90' lang='lat' dir='ltr'><em>inveni.</em></span> 
     </span>
    </p>

    <p class='ocr_par' dir='ltr' id='par_1_4' title="bbox 705 4453 2823 4536">
     <span class='ocr_line' id='line_1_39' title="bbox 705 4453 2823 4536; baseline 0.001 -20"><span class='ocrx_word' id='word_1_341' title='bbox 705 4453 789 4516; x_wconf 82' lang='lat'><em>23</em></span> <span class='ocrx_word' id='word_1_342' title='bbox 829 4455 876 4515; x_wconf 93' lang='lat' dir='ltr'>E</span> <span class='ocrx_word' id='word_1_343' title='bbox 918 4475 1052 4535; x_wconf 88' lang='lat' dir='ltr'><em>quo</em></span> <span class='ocrx_word' id='word_1_344' title='bbox 1094 4457 1366 4516; x_wconf 87' lang='lat' dir='ltr'><em>faciunt</em></span> <span class='ocrx_word' id='word_1_345' title='bbox 1405 4458 1483 4517; x_wconf 91' lang='lat' dir='ltr'><em>ad</em></span> <span class='ocrx_word' id='word_1_346' title='bbox 1528 4459 1844 4518; x_wconf 78' lang='lat' dir='ltr'><em>foramen</em></span> <span class='ocrx_word' id='word_1_347' title='bbox 1893 4459 2246 4518; x_wconf 87' lang='lat' dir='ltr'><em>introitus</em></span> <span class='ocrx_word' id='word_1_348' title='bbox 2293 4465 2708 4536; x_wconf 86' lang='lat' dir='ltr'><em>protectum</em></span> <span class='ocrx_word' id='word_1_349' title='bbox 2750 4460 2823 4519; x_wconf 89' lang='lat' dir='ltr'><em>in</em></span> 
     </span>
    </p>
   </div>
  </div>
 </body>
</html>
