3178 5185
625 379 748 475 28'
1310 420 1692 476 GOMMENT.
1732 421 1809 474 IN
1848 421 2223 475 VARRONIS

625 585 852 650 quarta
900 578 977 636 de
1022 578 1407 652 temporibuS,
1454 594 1618 650 quae
1665 594 1793 654 sqq.
1886 578 2095 636 tertiae
2143 577 2329 655 partis
2377 576 2586 636 divisio
2635 576 2918 656 bipertita

626 692 716 743 est
772 682 844 742 de
902 683 975 742 iis
1031 680 1213 741 rebus
1270 700 1419 760 quae
1480 682 1920 761 praeparandae
1978 692 2037 743 et
2095 682 2197 743 ubi
2254 701 2357 743 eae
2413 683 2717 744 faciendae
2773 686 2922 762 sint,

624 791 766 848 item
805 766 1012 867 quarta
1061 789 1134 849 de
1181 789 1552 867 temporibus
1603 808 1751 868 quae
1799 789 1868 850 ad
1919 789 2104 851 solem
2153 800 2213 851 et
2258 809 2408 870 quae
2457 790 2527 850 ad
2576 790 2775 851 lunam
2822 810 2920 851 re-

625 897 916 957 feruntur.

802 1002 893 1062 De
959 1005 1213 1081 primis
1280 1010 1626 1082 quattuor
1691 1003 2024 1084 partibus
2090 1005 2291 1083 prius
2357 1003 2585 1065 dicam
2656 1003 2924 1064 deinde

622 1109 971 1170 subtilius
1019 1110 1100 1171 de
1157 1119 1316 1170 octo
1374 1110 1751 1188 secundis]
1814 1110 1898 1171 De
1947 1119 2228 1190 quattuor
2274 1110 2544 1190 partibus
2592 1114 2923 1190 separatim

623 1235 741 1276 non
789 1204 933 1297 dici,
990 1216 1093 1276 sed
1143 1218 1340 1296 statim
1389 1216 1761 1278 subtiliorem
1814 1217 1885 1278 de
1943 1226 2077 1278 octo
2133 1218 2401 1298 partibus
2450 1217 2925 1296 disputationem

623 1327 794 1402 sequi
848 1326 1040 1402 iisque
1098 1324 1370 1403 partibus
1426 1343 1606 1385 novas
1665 1324 1915 1386 subinde
1970 1334 2169 1404 partes
2217 1324 2409 1386 subici
2457 1324 2760 1387 Gesnerus
2816 1326 2924 1386 ad-

625 1432 857 1493 notavit.
945 1430 1102 1490 idem
1163 1426 1357 1492 tamen
1414 1433 1475 1491 in
1524 1440 1807 1513 quattuor
1861 1440 2062 1511 partes
2110 1450 2238 1492 eam
2285 1432 2750 1512 disputationem
2800 1434 2924 1494 dis-

621 1537 905 1598 tributam
943 1556 1075 1598 esse
1123 1537 1553 1598 animadvertit.
1628 1556 1763 1598 nam
1811 1537 1883 1598 de
1933 1540 2129 1616 prima
2162 1547 2329 1617 parte
2359 1541 2553 1616 agitur
2592 1558 2642 1601 c.
2675 1537 2925 1622 6-16,

622 1646 693 1705 de
725 1644 984 1705 secunda
1023 1663 1073 1704 c.
1110 1642 1387 1726 17-22,
1426 1645 1498 1705 de
1528 1648 1704 1706 tertia
1733 1661 1783 1707 c.
1814 1642 2096 1728 23—26,
2126 1646 2199 1705 de
2230 1656 2436 1724 quarta
2469 1665 2517 1706 c.
2548 1643 2840 1730 27—37,
2863 1646 2926 1710 3.

623 1760 903 1832 quattuor
943 1762 1142 1813 autem
1180 1761 1379 1831 partes
1416 1752 1707 1812 indicatae
1756 1761 1896 1813 sunt
1933 1755 2031 1833 ita,
2069 1761 2136 1813 ut
2176 1755 2355 1813 unius
2383 1755 2689 1834 cuiusque
2729 1758 2928 1833 partis

622 1859 829 1920 divisio
876 1862 937 1919 in
984 1859 1154 1920 binas
1200 1862 1458 1941 specieS,
1515 1862 1747 1920 etiamsi
1803 1839 2069 1940 ipsarum
2125 1878 2328 1920 rerum
2388 1863 2664 1921 tractatio
2719 1861 2927 1942 biper-

619 1969 786 2027 titam
836 1967 1186 2028 divisionem
1227 1986 1342 2027 non
1384 1974 1661 2028 accurate
1699 1975 2002 2047 sequatur,
2041 1975 2236 2027 tamen
2277 1976 2572 2049 appareat,
2620 1970 2684 2028 in
2725 1972 2925 2048 prima

618 2083 787 2153 parte
838 2072 896 2155 6,
932 2074 962 2135 1
1017 2080 1206 2150 ἱρέων
1246 2078 1515 2153 primum
1564 2078 1640 2137 de
1685 2079 1810 2136 solo
1850 2075 2040 2151 fundi
2081 2078 2236 2137 haec
2282 2082 2572 2150 quattuor
2618 2085 2682 2136 et
2736 2075 2841 2158 11,
2883 2075 2926 2138 2

618 2187 760 2243 villa
799 2186 1227 2256 aedificandas
1264 2186 1323 2243 in
1355 2183 1616 2244 secunda
1663 2180 1761 2263 17,
1792 2180 1827 2243 1
1871 2186 1947 2244 de
1978 2182 2166 2258 fundi
2203 2189 2493 2257 quattuor
2518 2186 2815 2260 partibus
2842 2218 2919 2228 -

619 2293 782 2350 dixi:
829 2309 994 2351 nune
1042 2293 1262 2367 dicam,
1319 2294 1464 2365 aqrz‘
1508 2292 1726 2365 quibus
1772 2292 1957 2352 rebus
2003 2293 2286 2351 colantur
2334 2297 2394 2349 et
2447 2286 2552 2369 19,
2595 2288 2625 2350 1
2693 2293 2775 2351 de
2824 2311 2922 2353 re-

618 2401 784 2472 liqua
812 2404 1001 2474 parte
1038 2400 1426 2459 instrumenti
1431 2419 1456 2469 ;
1501 2400 1561 2457 in
1603 2399 1776 2457 tertia
1815 2394 1921 2478 23,
1965 2394 1996 2456 1
2048 2404 2109 2458 et
2143 2400 2429 2471 quoniam
2465 2399 2763 2457 habemus
2815 2402 2923 2458 illa

619 2508 738 2565 duo
796 2508 1003 2580 prima
1060 2523 1140 2565 ex
1196 2508 1490 2566 divisione
1534 2508 2018 2582 quadripertita,
2077 2508 2152 2565 de
2191 2504 2390 2580 fundo
2438 2512 2495 2564 et
2551 2507 2627 2564 de
2688 2507 2924 2565 instru-

620 2620 834 2684 mente,
883 2629 1000 2686 quo
1048 2616 1171 2672 coli
1211 2617 1375 2690 solet,
1424 2616 1500 2674 de
1546 2616 1731 2674 tertia
1771 2621 1955 2690 parte
2002 2621 2255 2689 expecto
2304 2620 2363 2671 et
2410 2610 2548 2672 ibid.
2597 2615 2722 2673 duo
2774 2632 2921 2674 eon-

617 2723 971 2793 sideranda,
1020 2738 1179 2795 quae
1234 2729 1293 2780 et
1337 2738 1454 2796 quo
1501 2723 1768 2795 quidque
1823 2724 1954 2781 Ioco
2008 2722 2274 2781 maxime
2329 2721 2618 2794 expediat
2671 2738 2924 2782 serere:

618 2829 679 2885 in
720 2834 927 2905 quarta
959 2823 1063 2907 27,
1100 2827 1128 2887 1
1173 2836 1231 2888 et
1266 2832 1551 2903 quoniam
1593 2834 1864 2905 tempora
1896 2830 2155 2889 duorum
2188 2844 2485 2901 qenerum
2522 2833 2682 2901 sunt,
2724 2846 2922 2888 unum

616 2937 869 3011 annale,
926 2937 1092 3008 quod
1143 2939 1236 2995 sol
1287 2937 1553 2995 circuitu
1611 2952 1721 2995 suo
1761 2938 1928 3008 finit,
1984 2938 2244 2995 alterum
2290 2941 2690 3008 menstruum,
2753 2938 2924 3010 quod

616 3046 762 3101 luna
810 3044 1178 3102 circumiens
1217 3044 1605 3119 conprendit,
1652 3045 1831 3118 prius
1879 3044 2081 3103 dicam
2128 3044 2204 3101 de
2248 3045 2374 3102 sole
2421 3049 2481 3100 et
2533 3039 2637 3119 37,
2682 3039 2720 3102 1
2790 3045 2919 3103 dies

615 3152 865 3209 lunares
930 3167 1166 3223 quoque
1238 3150 1615 3209 observandi.
1732 3148 1987 3226 denique
2062 3146 2201 3207 huic
2268 3147 2679 3228 disputationi,
2764 3169 2916 3229 quae

619 3253 862 3313 Scrofae
912 3254 1132 3314 tributa
1181 3263 1301 3334 est,
1357 3255 1489 3314 finis
1535 3257 1861 3333 imponitur
1908 3251 2020 3336 37,
2058 3252 2101 3314 4
2149 3257 2287 3315 dixi
2330 3257 2406 3315 de
2451 3257 2918 3332 quadripertita

610 3358 817 3433 forma
866 3365 926 3420 in
975 3365 1223 3422 cultura
1271 3364 1430 3435 ayri.
1522 3380 1656 3421 nam
1705 3364 1765 3421 in
1813 3361 2040 3440 reliqua
2087 3370 2255 3440 parte
2313 3360 2450 3422 libri
2497 3360 2748 3423 Scrofae
2800 3364 2915 3423 dis·

616 3468 847 3545 putatio
896 3486 928 3526 a
968 3467 1210 3527 Stolone
1259 3486 1362 3528 sex
1408 3467 1690 3546 gradibus
1738 3468 2006 3529 culturae
2053 3470 2180 3547 agri
2219 3468 2534 3547 descriptis
2573 3470 2913 3547 suppletur.

791 3580 869 3634 VI
913 3572 943 3634 1
1014 3574 1204 3645 Quae
1253 3578 1347 3635 sit
1395 3573 1657 3652 forma]
1726 3578 1858 3648 Qua
1895 3579 1974 3635 sit
2007 3575 2214 3651 forma
2254 3563 2324 3635 ut>
2359 3574 2733 3636 scriberetur
2776 3595 2912 3637 con·

614 3682 869 3741 cinnitas
917 3684 1202 3742 orationis
1248 3682 1549 3761 postulare
1597 3680 1920 3742 videbatur.

795 3787 1010 3859 Quam
1058 3789 1527 3868 persecutus]
1577 3807 1879 3864 quamque
1917 3795 2281 3865 prosecutus
2316 3787 2559 3868 Merula,
2609 3788 2715 3848 ubi
2755 3789 2906 3850 Poli-

616 3897 812 3955 tianus
860 3913 976 3969 que
1021 3894 1263 3970 delevit,
1314 3904 1677 3972 prosecutus
1725 3914 1840 3955 non
1889 3897 2173 3975 correxit,
2235 3896 2338 3955 sed
2386 3895 2422 3956 l'
2465 3914 2583 3972 per
2628 3915 2695 3956 se
2745 3904 2909 3957 tutus

615 4008 821 4080 postea
868 4001 1054 4062 rubro
1103 4002 1301 4062 colore
1341 4002 1672 4081 adscripsit.
1746 4021 1928 4077 quam
1965 4010 2325 4079 persecutus
2361 4001 2695 4082 apographa
2737 4003 2907 4063 Italo-

615 4127 767 4189 rum,
833 4127 1015 4183 quam
1066 4128 1183 4185 per
1224 4128 1292 4170 se
1338 4116 1501 4171 tutus
1555 4110 1603 4168 A
1651 4128 1745 4187 m,
1792 4118 1859 4170 ut
1914 4107 2173 4188 videtur,
2221 4116 2282 4167 et
2326 4117 2636 4170 corrector
2682 4111 2907 4171 codicis

613 4214 959 4296 Florentini,
1017 4217 1172 4294 quod
1220 4215 1522 4276 Iucundus
1570 4218 1814 4295 recepit.
1907 4216 1978 4276 ad
2036 4214 2289 4276 tuendos
2336 4216 2553 4277 fundos
2600 4220 2906 4296 pertinent

614 4340 763 4400 quae
811 4326 1033 4403 scripta
1081 4332 1220 4382 sunt
1265 4342 1315 4383 c.
1355 4319 1637 4383 14—16.
2396 4387 2408 4398 ,

790 4427 831 4489 2
895 4428 1125 4508 Igitur
1194 4447 1347 4489 cum
1414 4431 1553 4489 tria
1620 4447 1880 4509 genera
1948 4431 2094 4489 sint
2150 4448 2180 4488 a
2238 4432 2481 4508 specie
2544 4430 2902 4509 simplicia

614 4554 946 4616 agrorum
996 4545 1399 4615 campestre
1447 4536 1794 4596 collinum
1842 4545 2250 4597 montanum
2299 4548 2369 4601 et
2408 4555 2488 4597 ex
2537 4538 2630 4597 iis
2671 4536 2894 4599 tribus
