3178 5185
575 417 705 481 232
1260 425 1642 480 COMMENT.
1680 427 1760 481 IN
1797 427 2172 482 VARRONIS

578 581 615 641 1.
652 599 721 663 c.,
758 584 922 655 quod
958 581 1042 640 M.
1086 580 1284 641 Varro
1324 582 1385 640 in
1423 583 1582 641 libro
1623 584 1699 642 cle
1735 585 1881 657 ayri
1915 587 2162 643 cultura
2198 582 2409 658 refert*
2434 583 2517 642 M.
2564 584 2867 656 Catonem,

577 690 686 762 qui
733 695 871 763 post
927 688 1136 748 Uticae
1183 690 1399 763 periit,
1457 705 1595 748 cum
1640 690 1821 749 heres
1867 695 2217 750 testamento
2265 690 2514 751 Luculli
2565 696 2720 749 esset
2776 708 2868 749 re·

580 798 784 867 licluS,
843 796 1045 869 pisces
1103 796 1178 853 cle
1234 796 1479 869 piscina
1535 797 1667 854 eius
1720 797 2140 870 quadraginta
2205 798 2445 856 milibus
2509 798 2867 857 vendidisse.

580 901 840 978 piscinas
897 898 1127 959 Luculli
1192 899 1640 979 quadringentis
1708 900 1944 962 milibus
2012 905 2351 963 sestertium
2410 905 2670 987 veniisse
2729 901 2872 961 dicit

577 1005 895 1066 Columella
943 1005 977 1066 l.
1017 1024 1067 1066 c.
1116 1025 1194 1067 ac
1240 1012 1441 1068 tamen
1489 1010 1677 1068 isdem
1730 1011 2121 1085 temporibus,
2179 1012 2395 1085 quibus
2448 1012 2612 1070 hanc
2660 1026 2869 1069 memo-

578 1114 764 1173 rabat
822 1113 1020 1174 Varro
1067 1117 1399 1189 luaeuriam‚
1442 1118 1712 1176 maxime
1757 1118 2055 1177 laudatur
2099 1120 2393 1178 severitas
2446 1118 2711 1196 Catoni3‚
2768 1119 2873 1189 qui

574 1224 762 1282 nihilo
808 1224 1006 1281 minus
1044 1228 1102 1281 et
1140 1224 1266 1298 ipse
1303 1226 1469 1282 tutor
1505 1221 1753 1282 Luculli
1790 1225 2028 1297 ⁸arandi
2063 1241 2211 1284 aere
2248 1226 2589 1285 sestertium
2640 1225 2866 1283 milium

576 1330 1166 1403 quadringentorum
1204 1330 1482 1405 piscinas
1521 1330 1745 1405 pupilli
1785 1331 1887 1388 sui
1929 1331 2298 1391 venditabat.

760 1430 841 1495 18
908 1431 1037 1493 Ille
1098 1435 1221 1512 qui
1276 1434 1576 1494 simulac
1634 1436 2063 1513 promiseris
2119 1434 2473 1496 minerual
2530 1437 2870 1514 incipiam

577 1541 816 1618 inquit
861 1538 928 1599 id
979 1546 1087 1600 est
1134 1538 1412 1617 cenam]
1472 1542 1631 1613 Quin
1677 1544 1936 1602 simulac
1982 1541 2138 1602 edita
2187 1540 2321 1601 inde
2374 1540 2447 1601 ab
2494 1540 2706 1601 Aldina
2757 1541 2872 1601 edi-

575 1648 736 1706 tione
774 1645 1150 1723 exemplaria.
1223 1650 1333 1721 qui
1367 1664 1437 1706 ex
1478 1646 1798 1726 archetypo
1840 1649 2096 1729 restitui,
2136 1666 2493 1726 quamquam
2532 1648 2593 1708 id
2633 1647 2706 1708 ab
2747 1648 2870 1708 aliis

579 1772 713 1814 cum
772 1754 826 1812 vi
884 1752 1232 1813 adfirmandi
1288 1755 1348 1812 in
1405 1755 1572 1813 initio
1633 1756 1963 1814 sententiae
2018 1756 2281 1834 positum
2337 1772 2457 1814 non
2515 1756 2737 1815 inveni.
2811 1758 2874 1815 id

579 1867 668 1921 est
713 1877 943 1933 cenam,
1000 1878 1150 1938 quae
1197 1867 1334 1938 post
1387 1863 1690 1920 minerval
1740 1862 2107 1939 transposuit
2156 1860 2588 1942 SchneideruS‚
2638 1861 2867 1921 inclusi.

756 1965 898 2045 Ego
967 1984 1139 2026 uero
1205 1984 1343 2026 non
1410 1984 1670 2027 recuso
1737 1966 1852 2027 uel
1917 1966 2277 2027 hodieex
2341 1969 2478 2028 ista
2543 1970 2873 2047 pastione

580 2071 877 2149 crebro]
928 2073 1008 2132 Et
1044 2092 1123 2133 ex
1162 2076 1278 2132 ista
1308 2075 1592 2149 pastione
1630 2091 1701 2131 ex
1740 2072 1948 2132 Aldina
1989 2072 2252 2133 editione
2289 2071 2588 2134 Victorius
2629 2076 2872 2153 recepit,

576 2178 680 2239 ubi
727 2186 787 2240 et
831 2178 903 2238 ab
951 2181 1025 2240 iis
1072 2181 1175 2257 qui
1221 2187 1426 2258 postea
1474 2178 1796 2239 editionem
1836 2178 2080 2240 Victorii
2118 2189 2548 2258 expresserunt
2585 2182 2867 2240 omissum

578 2294 685 2346 est.
760 2294 942 2361 atque
989 2305 1069 2347 ex
1117 2289 1234 2346 ista
1283 2289 1567 2362 pastione
1613 2286 1945 2347 Pontedera
1993 2307 2049 2367 p.
2086 2284 2247 2367 4473
2302 2287 2548 2347 Aldinae
2599 2288 2872 2348 editionis

575 2392 894 2453 lectionem
925 2392 1086 2453 dedit
1117 2392 1535 2454 SchneideruS.
1611 2397 1707 2454 vel
1728 2396 1910 2455 hodie
1946 2398 2042 2455 vel
2085 2412 2165 2455 ex
2194 2397 2311 2455 ista
2344 2397 2628 2470 pastione
2657 2397 2872 2456 crebro

582 2502 814 2579 scripsi.
886 2501 1182 2578 promittit
1228 2501 1386 2560 enim
1433 2480 1617 2560 Axius
1664 2520 1727 2560 se
1776 2501 2117 2561 mercedem
2166 2501 2444 2562 daturum
2504 2519 2637 2562 esse
2677 2501 2769 2560 vel
2805 2520 2870 2560 eo

580 2610 710 2686 ipso
759 2607 854 2667 die
903 2607 995 2666 vel
1040 2615 1247 2685 postea
1294 2626 1366 2667 ex
1414 2608 1615 2668 fructu
1665 2610 1952 2687 pastionis
1999 2611 2253 2688 saepius.

756 2713 1047 2794 Expone
1087 2713 1357 2774 merula
1390 2732 1523 2774 non
1555 2724 1854 2794 grauate
1884 2713 2187 2794 primum
2219 2712 2498 2795 inquit]
2531 2716 2871 2792 Exponere,

581 2822 845 2901 Merula,
892 2838 1012 2896 non
1045 2838 1336 2895 pravare.
1412 2822 1687 2881 Primum
1727 2825 1923 2897 inquit
1957 2820 2278 2904 IucunduS,
2315 2841 2568 2900 expone,
2608 2823 2868 2895 Merula,

584 2946 703 2989 non
745 2934 1026 3003 yravate.
1100 2927 1372 2988 Primum
1421 2930 1617 3003 inquit
1652 2926 1969 3011 VictoriuS,
2015 2928 2121 3008 qui
2156 2927 2303 2988 haec
2346 2928 2667 3008 adnotavit,
2714 2923 2869 2987 ‘Ele-

589 3035 822 3113 gantior
860 3040 951 3093 est
991 3035 1230 3112 antiqua
1267 3033 1463 3117 lectio,
1501 3053 1677 3114 quam
1716 3037 1953 3096 restitui
1990 3034 2222 3096 duobus
2262 3034 2460 3095 verbis
2497 3029 2873 3095 immutatis'.

581 3158 821 3219 pravam
868 3138 1187 3199 verborum
1236 3124 1701 3222 distinctionem,
1748 3160 1898 3220 quae
1946 3149 2074 3202 erat
2120 3144 2182 3202 in
2231 3140 2611 3221 editionibus,
2664 3140 2870 3200 Ponte·

582 3247 724 3307 dera
771 3265 827 3325 p.
864 3242 994 3307 447
1047 3248 1321 3307 correxit.

758 3358 840 3412 III
882 3349 917 3412 1
986 3354 1141 3413 Dico
1189 3354 1384 3412 omnia
1432 3354 1768 3432 apographa
1816 3364 1872 3415 et
1923 3374 1995 3415 ex
2042 3356 2171 3435 ipso
2217 3354 2558 3435 archetypO,
2606 3362 2677 3415 ut
2725 3353 2872 3414 vide·

584 3466 701 3539 tur,
747 3456 1064 3538 VictoriuS‚
1122 3461 1323 3519 dicam
1382 3457 1538 3519 edita
1598 3468 1732 3520 ante
1780 3459 2105 3522 Victorium
2166 3461 2553 3543 exemplaria,
2613 3460 2771 3540 quod
2816 3462 2873 3519 in

581 3566 854 3643 principe
903 3564 1161 3624 editione
1207 3564 1535 3625 Politianus
1583 3584 1701 3626 non
1750 3570 2028 3628 correxit.

762 3669 802 3732 2
868 3669 996 3731 Ubi
1062 3670 1266 3732 soliti
1332 3671 1628 3751 lepores
1694 3672 1875 3751 sint]
1944 3675 2074 3736 Soli
2124 3678 2359 3751 lepores
2405 3673 2707 3735 Victorius
2761 3692 2873 3733 var.

583 3777 717 3838 lect.
758 3775 862 3857 32,
898 3775 973 3838 11
1031 3779 1297 3838 restituit
1352 3797 1422 3838 ex
1472 3777 1658 3839 Gellio
1706 3779 1759 3839 11
1796 3777 1910 3861 20,
1951 3777 1993 3840 2
2031 3782 2218 3841 verba
2280 3780 2575 3841 Varronis
2630 3782 2873 3855 subieci,

586 3880 926 3945 ‘villaticae
947 3887 1246 3961 pastionis
1270 3902 1505 3960 yenera
1533 3892 1677 3947 sunt
1703 3889 1828 3947 tria
1859 3919 1940 3929 —
1975 3890 2266 3948 animalia
2295 3904 2454 3962 quae
2476 3881 2870 3963 pascuntur'.

584 3989 656 4050 de
713 3989 920 4050 eadem
976 4009 1041 4051 re
1089 3989 1273 4051 Varro
1321 3991 1402 4051 111
1452 3989 1561 4073 12,
1603 3991 1638 4055 1
1703 3993 1912 4054 scribit
1967 4012 2108 4055 nam
2167 4011 2361 4068 neque
2406 3996 2597 4064 solum
2644 3997 2871 4070 lepores

586 4100 648 4158 in
697 4115 765 4158 eo
812 4099 1213 4158 includuntur
1257 4101 1411 4159 silva
1449 4132 1534 4142 —-
1572 4102 1685 4159 sed
1727 4102 1908 4160 etiam
1955 4102 2127 4160 cervi
2170 4106 2279 4158 aut
2322 4117 2611 4175 capreae.

762 4202 1110 4264 Animalia
1158 4222 1333 4282 quae
1381 4203 1809 4284 pascantur]
1852 4204 2203 4266 Pascuntur
2250 4203 2488 4264 codices
2537 4204 2709 4265 Gellii
2747 4206 2781 4266 1.
2819 4225 2867 4266 c.

584 4317 645 4369 et
691 4307 845 4388 apud
895 4307 1218 4370 Varronem
1266 4312 1451 4371 codex
1498 4310 1879 4373 Florentinus
1926 4319 1987 4371 et
2022 4310 2264 4391 Merula,
2303 4319 2667 4391 pascantur,
2715 4312 2866 4391 quod

471 4445 478 4453 ·
588 4415 700 4475 suit
745 4418 805 4474 in
855 4415 1195 4498 archetypO,
1242 4417 1396 4478 edita
1443 4417 1581 4478 inde
1630 4417 1702 4478 ab
1750 4417 1957 4478 Aldina
2005 4417 2264 4478 editione
2313 4416 2686 4495 exemplaria.

763 4519 804 4582 3
873 4520 1128 4580 Harum
1177 4524 1456 4601 singula
1504 4541 1767 4601 genera
1812 4525 2178 4584 minimum
2225 4526 2297 4584 in
2334 4522 2543 4584 binas
2586 4526 2864 4604 species
