3178 5185
612 414 743 478 224
1292 421 1673 477 COMMENT.
1710 422 1789 475 IN
1827 421 2200 477 VARRONIS

610 578 925 637 nescimus
994 594 1126 636 uam
1165 594 1343 636 vanae
1384 586 1522 637 sunt
1560 576 1634 637 de
1674 595 1739 637 ea
1779 595 1843 636 re
1883 579 2190 656 opiniones
2228 580 2642 658 interpretum.
2702 580 2885 641 taber-

610 703 742 743 nam
791 702 820 742 a
871 682 1177 744 candidato
1225 686 1286 743 in
1334 702 1540 763 campo
1591 684 1820 764 factam,
1869 686 1928 744 in
1981 704 2154 764 quam
2202 687 2329 764 ipse
2378 705 2513 747 cum
2560 687 2888 749 fautoribus

608 809 672 850 se
742 794 1060 869 reciperet,
1126 800 1371 869 propter
1436 792 1715 869 exiguum
1791 792 2045 870 spatium
2115 791 2201 850 vel
2275 801 2522 872 propter
2595 793 2885 855 defectum

609 908 944 958 structurae
1002 896 1361 957 dimidiatam
1419 896 1537 957 dici
1584 896 1902 958 Turnebus
1961 898 2188 958 advers,
2234 895 2294 979 4,
2334 896 2374 959 6
2431 913 2490 960 et
2552 896 2610 981 8,
2651 897 2708 980 7,
2756 880 2886 960 Sca-

607 1006 780 1086 liger,
838 1004 1137 1065 Gesnerus
1202 1014 1576 1084 putaverunt.
1672 1004 1973 1087 tabellam,
2036 1007 2097 1065 in
2155 1024 2269 1085 qua
2328 1024 2543 1066 nomen
2599 1007 2887 1068 candidati

606 1116 893 1191 scriptum
933 1121 1077 1191 erat,
1115 1112 1234 1172 dici
1270 1111 1454 1172 voluit
1489 1111 1757 1173 Valesius
1803 1114 1863 1172 in
1901 1113 2191 1172 Ammian.
2227 1112 2482 1174 Marcell.
2523 1112 2705 1173 XVIll
2736 1110 2794 1196 5,
2823 1112 2885 1175 6:

605 1220 756 1280 hanc
805 1223 961 1280 enim
1010 1238 1144 1280 cum
1185 1220 1365 1279 Axius
1414 1229 1474 1279 et
1513 1218 1695 1279 Varro
1744 1219 2177 1281 conscidissent
2223 1214 2314 1280 ‘et
2362 1220 2884 1301 dimidiatam‘qui-

606 1328 758 1405 dem,
794 1331 855 1387 in
905 1347 1017 1407 qua
1067 1329 1353 1407 scriptum
1403 1337 1527 1387 erat
1575 1327 1868 1388 candidati
1915 1329 2046 1389 eius
2092 1330 2190 1388 cui
2238 1327 2510 1388 favebant
2554 1346 2791 1403 nomen,
2829 1331 2885 1389 in

604 1438 811 1509 cistam
867 1436 1289 1515 coniecissent,
1348 1434 1572 1514 reliqua
1632 1434 1876 1495 tabellae
1941 1444 2109 1514 parte
2177 1435 2447 1495 umbram
2513 1435 2627 1495 sibi
2695 1435 2885 1496 facere

605 1538 931 1622 poterant’.
1024 1562 1140 1603 non
1207 1541 1343 1621 plus
1407 1543 1663 1622 profecit
1730 1541 2012 1604 Stobbius
2067 1541 2347 1622 Philolog.
2395 1561 2444 1604 a.
2489 1540 2658 1606 1868
2706 1564 2757 1604 v.
2804 1542 2883 1604 27

603 1669 657 1728 p.
681 1646 765 1711 98
805 1650 985 1710 divisa
1024 1652 1181 1709 inter
1218 1649 1502 1729 populum
1540 1658 1601 1710 et
1641 1651 1970 1729 principem
2020 1652 2256 1710 comitia
2308 1651 2629 1728 significari
2666 1660 2891 1730 putans

781 1756 925 1817 Non
991 1756 1217 1818 solum
1283 1757 1465 1835 quod
1525 1756 1799 1817 dicitur
1851 1757 2103 1818 malum
2163 1758 2549 1818 consilium
2607 1758 2888 1818 consul·

605 1865 746 1924 tori
792 1873 901 1923 est
946 1866 1331 1944 pessimum
1372 1863 1493 1924 sed
1541 1866 1754 1925 etiam
1806 1863 2065 1925 bonum
2122 1864 2512 1925 consilium
2559 1868 2683 1944 qui
2732 1884 2887 1926 con·

602 1968 777 2031 sulit
825 1979 891 2030 et
937 1972 1063 2050 qui
1120 1969 1533 2031 consulitur
1588 1971 1846 2032 bonum
1903 1970 2331 2049 habendum]
2381 1973 2530 2034 Esse
2568 1976 2888 2049 pessimum

606 2078 760 2138 edita
809 2087 943 2139 ante
993 2076 1319 2138 victorium
1367 2078 1750 2160 exemplaria,
1799 2079 1957 2158 quod
2005 2081 2065 2139 in
2116 2081 2384 2159 principe
2432 2079 2695 2140 editione
2743 2079 2887 2140 Poli-

603 2189 795 2247 tianus
844 2204 961 2245 non
1010 2188 1302 2268 correxit,
1350 2193 1437 2246 est
1474 2189 1801 2263 pessimum
1847 2185 2179 2266 apographa
2228 2189 2421 2246 omnia
2470 2193 2530 2247 et
2576 2185 2885 2247 Victorius,

600 2296 708 2368 qui
764 2296 1024 2354 consulit
1076 2299 1136 2353 et
1190 2296 1296 2353 cui
1348 2297 1688 2355 consulitur
1743 2293 2021 2376 UrsinuS,
2081 2293 2238 2372 quod
2297 2292 2701 2354 Schneiderus
2758 2313 2886 2374 pro·

599 2399 776 2461 bavit.
868 2398 1124 2460 consulit
1167 2400 1376 2482 AxiuS,
1424 2403 1527 2479 qui
1588 2401 1928 2479 quaerendo
1977 2420 2007 2461 a
2058 2400 2316 2461 Varrone
2373 2398 2688 2461 consilium
2744 2404 2884 2481 peti-

599 2515 786 2587 verat3
834 2505 1166 2567 consulitur
1215 2505 1423 2587 Varro,
1474 2509 1575 2587 qui
1625 2507 2037 2588 respondendo
2100 2508 2158 2568 id
2208 2507 2280 2567 de
2338 2526 2454 2586 quo
2512 2507 2611 2568 ille
2662 2510 2884 2597 quaesi-

603 2624 763 2675 verat
809 2615 1034 2694 probat.
1126 2633 1336 2676 versus
1383 2626 1601 2698 autem,
1648 2619 1819 2677 cuius
1869 2619 2248 2699 seutentiam,
2295 2634 2412 2678 non
2466 2615 2660 2695 verba,
2708 2615 2882 2677 Varro

599 2724 825 2782 referre
875 2721 1133 2803 volebat,
1191 2722 1342 2802 apud
1393 2721 1644 2783 Gellium
1692 2722 1767 2782 IV
1804 2720 1867 2804 5,
1904 2720 1945 2784 5
2005 2723 2248 2802 legitur,
2294 2730 2418 2783 tum
2464 2726 2684 2798 iqitur,
2731 2725 2887 2799 quod

598 2833 660 2889 in
711 2831 1003 2890 Etruscos
1051 2833 1368 2907 aruspices
1424 2833 1581 2891 male
1637 2835 2014 2892 consulentes
2070 2832 2559 2891 animadversum
2616 2833 2882 2891 vindica-

598 2943 840 3012 tumque
879 2935 1109 3011 fuerat‚
1148 2955 1358 2998 versus
1394 2939 1497 2998 hic
1542 2941 1695 2998 scite
1732 2937 1942 3013 factus
1989 2945 2392 3012 cantatusque
2428 2955 2557 2997 esse
2604 2956 2644 2997 a
2674 2940 2884 3014 pueris

598 3046 751 3104 urbe
798 3051 922 3104 tota
963 3043 1189 3119 fertur,
1238 3038 1494 3105 ‘Malum
1542 3048 1858 3106 consilium
1907 3048 2241 3107 consultori
2276 3047 2601 3120 pessimum
2649 3038 2785 3106 est'.

773 3149 814 3212 2
882 3151 1192 3211 Sedebat
1239 3151 1319 3211 ad
1369 3153 1739 3212 sinistram
1788 3150 1879 3230 ei]
1921 3154 2002 3213 Ei
2036 3172 2104 3214 ex
2146 3151 2349 3212 codice
2395 3150 2698 3212 adnotavit
2735 3150 2878 3211 Poli-

598 3261 811 3341 tianuS,
859 3258 931 3318 de
981 3276 1099 3336 quo
1150 3257 1288 3317 falsa
1337 3258 1570 3319 rettulit
1608 3258 1936 3341 Gesnerus3
1984 3258 2142 3318 idem
2188 3257 2405 3318 habent
2452 3259 2787 3338 apographa
2824 3265 2879 3317 et

596 3364 913 3445 VictoriuS,
960 3368 1091 3426 eius
1138 3383 1196 3425 m
1246 3373 1305 3424 et
1353 3365 1507 3426 edita
1554 3375 1690 3426 aute
1737 3365 2061 3427 Victorium
2112 3364 2482 3443 exemplaria.

773 3470 813 3534 3
878 3471 1024 3543 Quo
1091 3474 1199 3532 uis
1265 3471 1460 3549 aues]
1537 3475 1666 3545 Quo
1741 3477 1837 3533 uis
1911 3481 2147 3551 praeter
2213 3471 2544 3532 Parisinum
2620 3473 2873 3533 codicem

594 3579 816 3640 habent
861 3579 1241 3640 Florentinus
1289 3588 1347 3640 et
1394 3579 1712 3655 Caesenas,
1760 3583 1937 3641 cuius
1992 3581 2051 3639 in
2109 3581 2378 3659 principe
2426 3579 2688 3640 editione
2735 3579 2869 3639 Poli-

597 3690 792 3748 tianus
840 3705 959 3747 non
1007 3688 1282 3747 correxit.

772 3794 865 3854 Ad
913 3793 1139 3854 lacum
1200 3793 1426 3854 uelini
1481 3793 1710 3871 eunti]
1771 3794 2003 3855 Lacum
2059 3796 2251 3854 uelini
2307 3792 2421 3853 hoc
2476 3791 2608 3853 loco
2664 3793 2873 3853 habent

594 3902 728 3962 libri
779 3919 952 3962 manu
1000 3903 1211 3980 scripti
1257 3909 1317 3960 et
1377 3905 1519 3962 lacu
1574 3904 1767 3962 uelini
1818 3900 1891 3961 de
1948 3900 2085 3979 ling.
2135 3899 2231 3960 lat.
2278 3898 2323 3957 V
2364 3897 2444 3960 71
2509 3900 2694 3961 codex
2750 3899 2870 3959 Flo-

594 4013 881 4070 rentinus
969 4009 1238 4068 Velinum
1284 4012 1484 4069 lacum
1523 4008 1806 4069 dixerunt
1841 4007 1956 4088 alii,
1995 4010 2081 4067 ad
2124 4010 2413 4082 anyulum
2467 4007 2662 4069 Velini
2695 4006 2867 4066 Varro

592 4126 796 4196 postea
872 4115 910 4193 ἓ
960 4112 1017 4176 9.
1109 4115 1182 4175 de
1256 4114 1388 4176 lacu
1464 4114 1667 4176 Velino
1744 4116 2183 4176 controversiae
2260 4112 2743 4175 Interamnatium
2814 4121 2867 4172 et

592 4222 977 4284 Reatinorum
1051 4223 1295 4283 fuerunt
1367 4241 1520 4283 anno
1598 4220 1755 4283 700:
1829 4223 1947 4282 Cic.
2014 4222 2085 4282 ad
2150 4222 2266 4282 Att.
2331 4219 2404 4279 IV
2468 4217 2575 4303 15,
2625 4217 2695 4302 5,
2764 4237 2864 4300 pro

594 4329 796 4391 Scaur.
834 4327 894 4411 2,
940 4326 1045 4391 27.

768 4436 809 4498 4
878 4435 1050 4497 Num
1100 4439 1391 4497 minium
1442 4446 1561 4497 aut
1606 4437 2049 4497 harmonium
2100 4455 2259 4497 num
2307 4434 2492 4513 quod
2542 4435 2863 4496 emblema

591 4555 710 4605 aut
767 4544 1265 4605 lithostrotum
1325 4564 1499 4623 quae
1557 4544 1710 4605 illic
1767 4546 1996 4604 omnia
2055 4553 2303 4604 contra
2371 4540 2646 4619 aurum]
2714 4543 2858 4602 Har-
