3178 5185
780 411 1039 466 RERVM
1075 411 1544 467 RVSTICARVM
1582 411 1715 468 LIB.
1755 411 1781 463 Ι
1825 411 2068 468 16-17
2443 409 2570 472 153

286 579 621 639 obaerarios
678 583 870 640 nostri
937 582 1295 661 vocitarunt,
1352 588 1412 640 et
1468 582 1645 640 etiam
1701 598 1860 640 nunc
1918 589 2057 640 sunt
2103 581 2165 639 in
2212 579 2348 639 Asia
2395 586 2571 656 atque

284 686 541 766 Aegypto
601 694 664 746 et
721 689 781 746 in
829 686 1060 766 Illyrico
1108 688 1442 767 conplures,
1534 686 1607 746 de
1656 687 1874 765 quibus
1920 687 2215 747 universis
2261 686 2375 745 hoc
2422 684 2573 764 dic0,

282 796 473 872 gravia
528 793 659 854 loca
719 793 925 854 utilius
979 813 1111 855 esse
1171 797 1600 855 mercennariis
1657 794 1853 854 colere
1909 812 2085 872 quam
2133 795 2346 872 serviS,
2403 798 2464 851 et
2509 794 2571 851 in

283 900 620 960 salubribus
660 919 899 979 quoque
936 900 1083 961 locis
1121 921 1299 980 opera
1339 904 1561 962 rustica
1603 903 1839 981 maiora,
1879 909 1944 961 ut
1981 909 2120 961 sunt
2155 903 2213 960 in
2244 899 2571 961 condendis

231 1020 257 1059 ⁵
282 1006 573 1067 fructibus
624 1007 953 1068 vindemiae
992 1016 1093 1068 aut
1129 1010 1356 1069 messiS.
1451 1009 1523 1069 de
1562 1010 1654 1087 iis,
1702 1010 1872 1068 cuius
1909 992 2069 1067 modi
2106 1026 2238 1066 esse
2278 1014 2563 1086 oporteat,
2586 1008 2622 1065 3

285 1113 517 1174 Cassius
576 1113 791 1175 scribit
837 1115 1010 1176 haec:
1066 1118 1370 1195 operarios
1416 1116 1710 1195 parandos
1758 1133 1907 1194 esse,
1955 1117 2056 1194 qui
2103 1113 2365 1174 laborem
2412 1114 2571 1173 ferre

284 1223 532 1300 possint,
591 1240 667 1281 ne
726 1224 988 1282 minores
1044 1241 1332 1282 annorum
1387 1237 1535 1282 XXII
1597 1230 1655 1283 et
1702 1222 1772 1281 ad
1821 1224 1947 1300 agri
1994 1220 2285 1281 culturam
2333 1220 2571 1280 dociles

286 1345 404 1388 eam
458 1331 872 1388 coniecturam
928 1329 1060 1389 fieri
1115 1348 1289 1408 posse
1346 1348 1416 1388 ex
1473 1329 1720 1388 aliarum
1768 1347 1971 1388 rerum
2017 1330 2349 1407 imperatiS,
2406 1336 2465 1387 et
2513 1329 2573 1386 in

287 1452 349 1493 eo
414 1453 630 1496 eorum
699 1455 731 1494 e
799 1439 1046 1496 noviciis
1111 1437 1359 1515 reliquis
1424 1438 1529 1495 itio
1595 1436 1665 1495 ad
1730 1438 1993 1514 priorem
2058 1436 2362 1495 dominum
2430 1433 2573 1512 quid

209 1552 259 1591 1⁰
284 1542 635 1604 factitarent.
747 1545 1036 1622 mancipia
1113 1562 1243 1604 esse
1319 1551 1598 1621 oportere
1673 1561 1867 1622 neque
1935 1542 2316 1603 formidulosa
2382 1559 2574 1619 neque

283 1651 555 1710 animosa.
670 1652 773 1728 qui
842 1653 1106 1728 praesint
1170 1670 1301 1711 esse
1366 1657 1670 1730 oportere,
1745 1653 1847 1729 qui
1912 1650 2127 1710 litteris
2192 1649 2381 1727 aliqua
2450 1650 2627 1708 sint4

284 1755 645 1816 humanitate
693 1756 907 1837 inbuti,
954 1759 1128 1837 frugi,
1175 1765 1365 1817 aetate
1404 1759 1628 1817 maiore
1668 1776 1843 1835 quam
1882 1759 2202 1836 operarioS,
2250 1774 2400 1835 quos
2437 1755 2574 1814 dixi.

283 1863 507 1923 facilius
548 1865 710 1923 enim
749 1866 792 1923 ii
832 1882 1007 1943 quam
1044 1867 1258 1924 minori
1296 1872 1439 1925 natu
1482 1871 1625 1925 suut
1662 1865 1821 1925 dicto
1860 1864 2185 1924 audientes,
2269 1870 2574 1941 praeterea

283 1971 661 2057 potissimum·
721 1989 825 2030 eos
889 1989 1166 2049 praeesse
1232 1979 1493 2052 oportet,
1562 1975 1665 2051 qui
1730 1974 1906 2050 periti
1964 1973 2084 2030 sint
2139 1987 2341 2029 rerum
2398 1972 2574 2054 rusti-

212 2093 259 2133 15
285 2094 498 2137 carum.
594 2096 716 2136 non
765 2077 955 2138 solum
1003 2079 1159 2137 enim
1209 2078 1428 2139 debere
1476 2082 1800 2158 imperare,
1856 2078 1959 2138 sed
2007 2079 2183 2137 etiam
2231 2077 2451 2156 facere,
2512 2085 2577 2136 ut

422 2432 450 2479 1
509 2426 834 2482 obaerarios
881 2428 1059 2480 PAB
1105 2429 1399 2482 obaeratos
1436 2445 1481 2483 v.
1558 2429 1658 2482 ‘In
1701 2446 1872 2483 manu
1915 2429 2161 2497 scriptae,
2219 2427 2572 2483 Obaerarios’

294 2515 560 2570 Victorius
708 2522 769 2570 et
822 2517 994 2570 etiam
1030 2516 1152 2571 AB
1205 2515 1478 2571 Victorius
1531 2523 1598 2571 ut
1642 2518 1814 2572 etiam
1862 2518 1915 2572 V
2054 2524 2086 2571 2
2125 2516 2316 2586 egipto
2355 2516 2411 2571 A

288 2604 498 2674 illyrico
536 2606 591 2660 V
622 2603 829 2660 illirico
858 2605 978 2660 AB
1125 2607 1440 2677 complures
1478 2608 1655 2663 VAB
1800 2608 1908 2662 hoc
1938 2607 2064 2661 dico
2093 2606 2212 2661 AB
2242 2607 2334 2662 hic
2363 2606 2489 2662 dico
2531 2608 2584 2661 V

421 2702 453 2748 3
498 2693 900 2749 mercennariis
937 2695 994 2747 B
1030 2696 1387 2750 mercenariis
1436 2697 1547 2750 VA
1694 2703 1727 2750 4
1765 2695 2093 2768 condendis]
2132 2695 2425 2751 condensis
2463 2696 2580 2751 Am

421 2789 453 2838 8
492 2799 562 2837 ex
599 2800 702 2838 om.
734 2783 787 2835 A
930 2782 1206 2851 inperatis
1235 2784 1291 2837 A
1435 2787 1493 2839 et
1527 2784 1585 2839 in
1615 2802 1680 2839 eo
1710 2801 1901 2840 eorum
1939 2784 2207 2840 enouiciis
2244 2784 2579 2854 reliquisitio

291 2874 354 2926 ad
382 2873 628 2943 priorem
658 2873 776 2926 PB
805 2873 864 2926 et
889 2870 949 2924 in
978 2887 1044 2926 eo
1076 2888 1267 2926 eorum
1304 2890 1488 2927 rerum
1529 2874 1797 2928 enouiciis
1836 2874 2171 2943 reliquisitio
2210 2875 2281 2929 ad
2319 2874 2577 2943 priorem,

293 2962 378 3015 sed
439 2978 629 3015 rerum
695 2962 924 3015 deletum
975 2961 1029 3014 A
1089 2964 1147 3014 et
1200 2979 1352 3016 more
1408 2961 1720 3018 incolarum
1777 2980 1808 3016 e
1863 2964 2099 3018 nouioiis
2153 2962 2449 3033 requisitio
2505 2964 2578 3017 ad

288 3050 519 3118 priorem
540 3067 574 3105 v
597 3092 610 3104 .
632 3050 684 3103 N
687 3050 857 3105 ouicii
883 3051 947 3104 in
973 3052 1222 3120 maryine
1248 3052 1545 3120 adscripsit
1566 3051 1651 3106 P.
1679 3052 1696 3077 ‘
1712 3051 1873 3105 Vetus
1903 3053 2074 3120 leetiO,
2102 3053 2177 3108 Et
2203 3054 2261 3107 in
2290 3069 2355 3107 eo
2386 3070 2577 3107 eorum

291 3155 318 3192 e
351 3138 586 3193 nouitiis
624 3138 960 3209 reliquisitio
999 3140 1072 3194 ad
1108 3138 1369 3209 priorem,
1410 3140 1543 3195 etc'.
1582 3139 1857 3196 Victorius
1888 3184 1898 3196 .
1926 3131 2158 3208 sortfisse
2196 3144 2253 3196 et
2289 3142 2348 3195 in
2387 3158 2577 3196 eorum

288 3228 510 3283 novitiis
558 3226 924 3296 requisitione
974 3227 1047 3282 ad
1093 3226 1337 3297 priorem
1384 3229 1674 3284 dominum
1723 3229 1859 3298 quid
1895 3229 2208 3285 factitarint
2355 3237 2422 3285 10
2467 3230 2578 3284 for-

286 3317 560 3371 midulosa
589 3317 708 3370 PB
743 3316 1109 3372 formidolosa
1136 3317 1237 3371 Av
1382 3335 1561 3387 neque
1602 3318 1852 3373 animosa
1880 3336 1965 3373 om
1994 3363 2005 3375 .
2036 3318 2092 3373 A
2241 3326 2301 3373 11
2343 3319 2576 3391 litteris]

286 3407 474 3462 lateris
512 3406 569 3461 A
733 3404 923 3472 aliqua.
970 3404 1085 3460 sint
1121 3406 1300 3461 PAB
1348 3405 1464 3461 sint
1500 3407 1693 3476 aliqua
1728 3425 1760 3461 v
1812 3407 1927 3462 sint
1963 3409 2019 3462 et
2056 3407 2249 3475 aliqua
2287 3410 2580 3463 Iucundus

426 3501 492 3549 12
530 3493 736 3548 imbuti
781 3494 957 3549 VAB
1104 3501 1170 3549 13
1217 3495 1326 3549 faci
1365 3495 1604 3563 facilius,
1641 3497 1734 3551 sed
1768 3496 1882 3549 faci
1918 3497 2147 3551 deletum
2174 3496 2230 3551 A
2259 3541 2270 3551 .
2305 3497 2578 3552 ‘Facilius

286 3585 430 3639 enim
467 3585 574 3652 his,
613 3600 783 3652 quam
818 3582 1130 3638 minoribus
1167 3587 1305 3638 natu
1336 3626 1347 3639 .
1390 3584 1599 3638 Veteres
1635 3585 1766 3639 libri
1809 3586 1913 3639 hac
1956 3592 2115 3655 parte
2151 3587 2492 3655 perturbati,
2529 3591 2580 3640 et

284 3676 512 3750 fmtasse
566 3673 762 3728 uitiosi
770 3693 788 3725 .-
842 3672 1086 3727 Facilius
1143 3674 1292 3727 enim
1339 3673 1405 3740 ii,
1463 3691 1631 3742 quam
1678 3672 1916 3743 minore,
1976 3678 2065 3729 etc
2096 3717 2108 3728 .
2136 3674 2252 3729 nisi
2297 3674 2365 3727 Ei
2411 3691 2578 3741 quam

287 3763 484 3817 minori
497 3806 511 3832 ,
567 3762 851 3831 leyendum
900 3763 975 3816 sit
1012 3783 1025 3817 ε
1065 3764 1210 3831 quod
1263 3768 1443 3817 tamen
1489 3763 1692 3817 durum
1736 3769 1867 3817 esset
1904 3785 1917 3817 e
1959 3768 2122 3817 antea
2166 3765 2311 3819 enim
2354 3780 2580 3818 numero

287 3852 664 3907 multitudinis
708 3852 776 3906 de
817 3851 1027 3905 uit-licis
1073 3852 1286 3906 locutus
1329 3851 1538 3917 suerat,
1587 3856 1638 3905 et
1682 3852 1744 3905 id
1779 3853 1965 3907 statim
2002 3854 2165 3908 etiam
2200 3854 2330 3920 fecit
2359 3895 2371 3907 .
2405 3851 2577 3906 Prae·

289 3947 429 3996 terea
464 3942 655 4008 infra,
690 3940 790 3995 ubi
826 3941 891 3995 de
929 3940 1200 4009 operariis
1234 3955 1404 3994 sermo
1442 3946 1537 4008 est,
1573 3941 1817 3996 unitatis
1847 3959 2073 3999 numero
2108 3944 2173 3998 in
2208 3943 2324 3997 illis
2360 3942 2578 4010 leyitur,

290 4030 545 4085 Imitetur
580 4051 596 4083 ε
636 4032 702 4097 et,
740 4026 1170 4081 Animaduertat
1197 4069 1208 4083 .
1239 4029 1338 4084 ubi
1373 4033 1552 4083 autem
1589 4031 1656 4085 de
1690 4030 1794 4098 hia,
1831 4032 1930 4100 qui
1959 4038 2227 4099 praesunt
2261 4047 2374 4085 non
2408 4030 2579 4085 multo

281 4125 431 4188 post,
496 4117 648 4187 Illis,
704 4122 756 4172 et
806 4115 1136 4186 Coerceant,
1195 4122 1388 4172 eontra
1429 4115 1496 4173 ac
1539 4119 1605 4172 in
1651 4119 1945 4187 impressis’
2004 4120 2279 4175 Victorius
2308 4163 2320 4175 .
2348 4121 2579 4187 fortasse

284 4206 501 4263 facilius
550 4206 705 4262 enim
749 4206 844 4273 iis,
891 4222 1059 4273 quam
1105 4206 1202 4274 qui
1247 4205 1488 4261 minores
1533 4208 1701 4276 natu,
1748 4210 1878 4263 sunt
1914 4208 2066 4264 dicto
2102 4208 2391 4264 audientes
2535 4207 2578 4262 ii

283 4314 445 4364 quam
502 4295 720 4349 minore
766 4295 903 4348 natu
950 4296 1080 4349 sunt
1125 4294 1276 4350 dicto
1319 4295 1436 4348 PB
1481 4296 1524 4349 ii
1569 4313 1738 4364 quam
1782 4298 2025 4353 minores
2073 4301 2210 4353 natu
2244 4298 2373 4351 sunt
2407 4296 2571 4370 nati}

284 4383 431 4440 dieto
469 4384 526 4439 A
583 4382 670 4438 hii
724 4401 893 4453 quam
946 4384 1192 4439 minores
1244 4386 1380 4439 natu
1427 4388 1558 4439 sunt
1605 4386 1758 4441 dicto
1801 4404 1855 4441 m
1900 4387 1990 4441 his
2035 4387 2291 4455 quamuis
2337 4387 2577 4443 minores

284 4475 415 4529 natu
461 4471 619 4528 dicto
669 4474 802 4527 sunt
843 4489 879 4527 v
1023 4478 1090 4526 14
1124 4474 1358 4540 sortasse
1403 4490 1661 4543 praeesse
1700 4476 1955 4543 oportere
2099 4474 2268 4545 periti
2307 4475 2421 4530 sint
2463 4476 2577 4530 VB

283 4562 448 4632 periti
485 4564 617 4616 sunt
655 4561 712 4616 A
859 4565 926 4614 15
965 4559 1113 4615 enim
1150 4562 1214 4615 in
1248 4564 1492 4632 maryine
1527 4565 1791 4633 seriptum
1826 4565 1890 4618 i‘n
1926 4565 1982 4619 B
2584 4565 2600 4579 ⁰
