3178 5185
567 398 654 462 94
910 471 919 474 k
1135 449 1138 453 ι
1255 406 1637 462 ΟΟΜΜΕΝΤ.
1676 407 1754 461 IN
1793 407 2168 462 VARRONIS

567 565 629 620 in
679 579 747 621 eo
796 580 930 622 cum
982 561 1160 622 verbo
1208 565 1384 622 nasci
1429 564 1910 643 coniungeretur,
1958 566 2021 622 in
2057 580 2143 637 eo,
2180 565 2237 622 si
2281 565 2341 621 in
2378 564 2572 622 medio
2610 564 2870 622 robusta

566 672 776 743 aliqua
840 672 1100 731 materia
1162 673 1242 729 sit
1305 672 1594 747 depacta,
1651 676 1879 745 neqant
1931 677 2272 747 serpentem
2325 672 2514 730 nasci.
2604 686 2749 727 nam
2808 672 2870 728 in

565 778 758 836 medio
790 779 912 855 'per
959 796 1022 837 se
1071 777 1331 855 positum
1380 784 1490 857 est,
1537 776 1611 836 de
1661 794 1777 855 quo
1825 775 1945 836 dixi
1998 775 2023 834 Ι
2064 773 2122 853 8,
2161 773 2222 837 4.

742 881 1034 944 XXXIXI
1088 883 1405 943 Sationis
1444 891 1678 944 autem
1717 882 1983 962 gradus
2022 882 2391 943 secundus
2429 881 2610 942 hanc
2647 880 2874 941 habet

566 997 889 1050 naturam
938 991 1017 1052 ad
1065 989 1250 1069 quod
1315 999 1594 1069 tempus
1652 992 2002 1069 cuiusque
2062 990 2357 1049 seminis
2411 995 2569 1067 apta
2627 990 2731 1048 sit
2789 988 2870 1047 ad

565 1096 974 1175 serendum]
1024 1097 1109 1158 Ita
1156 1097 1329 1179 haec,
1378 1098 1532 1158 sicut
1580 1098 1640 1157 in
1686 1114 1866 1157 manu
1914 1098 2152 1175 scriptis
2208 1095 2374 1156 libris
2432 1097 2654 1173 scripta
2706 1102 2872 1176 sunt,

563 1205 623 1263 in
675 1204 848 1265 editis
898 1204 1332 1284 exemplaribus
1380 1203 1742 1265 ferebantur.
1834 1222 2028 1283 neque
2083 1212 2282 1263 tamen
2330 1204 2688 1262 sententiam
2741 1221 2872 1262 ver·

565 1310 776 1371 borum
817 1329 847 1371 a
887 1330 1183 1391 quoquam
1222 1310 1391 1371 video
1429 1310 1778 1390 explicatam
1818 1329 1966 1371 esse.
2015 1312 2076 1370 in
2116 1309 2378 1371 secundo
2417 1318 2622 1370 autem
2658 1309 2874 1392 gradu,

563 1419 664 1496 qui
723 1426 814 1477 est
871 1420 1143 1495 sationiS‚
1200 1436 1337 1479 cum
1397 1425 1457 1478 et
1512 1417 1583 1477 de
1642 1416 1962 1496 generibus
2010 1419 2303 1478 seminum
2351 1424 2410 1477 et
2470 1415 2542 1476 de
2592 1424 2873 1495 tempore

565 1524 816 1603 locoque
865 1544 981 1604 quo
1042 1525 1290 1586 serenda
1347 1533 1488 1585 sunt
1543 1524 1965 1604 disputandum
2013 1527 2121 1605 sit,
2169 1526 2324 1585 sicut
2369 1531 2572 1603 postea
2623 1523 2874 1602 dicitur,

562 1632 622 1690 in
688 1633 895 1710 primis
953 1640 1222 1692 naturam
1280 1633 1569 1709 cuiusque
1639 1633 1882 1692 seminis
1944 1633 2005 1691 in
2070 1630 2178 1691 hac
2245 1639 2412 1709 parte
2480 1630 2875 1710 spectandam

560 1756 692 1797 esse
751 1747 1011 1817 apparet.
1104 1755 1174 1797 ex
1234 1738 1410 1797 variis
1465 1739 1649 1815 igitur
1705 1737 2245 1816 emendationibus,
2304 1735 2521 1815 quibus
2581 1737 2656 1797 ad
2717 1737 2877 1798 hanc

563 1846 853 1906 rationem
917 1843 1094 1912 verba
1170 1843 1606 1904 accommodari
1678 1838 1980 1926 poterant,
2045 1843 2300 1923 praetuli
2363 1843 2543 1925 hanc,
2607 1848 2878 1905 sationis

560 1960 760 2013 autem
820 1945 1058 2028 qradus
1114 1954 1416 2013 secundus
1472 1954 1627 2012 llaec
1691 1953 1902 2012 habet:
1960 1956 2195 2011 'natura
2261 1953 2346 2011 ad
2406 1955 2571 2026 quod
2636 1960 2879 2030 tempus

561 2064 855 2135 cuiusque
899 2063 1141 2120 seminis
1189 2066 1332 2137 apta
1378 2062 1458 2119 sit
1503 2061 1589 2119 ad
1630 2061 1972 2120 serendum.
2065 2077 2198 2118 nam
2246 2060 2505 2137 genetivi
2563 2063 2877 2134 cuiusque

559 2171 803 2228 seminis
850 2185 880 2227 a
929 2185 1037 2227 suo
1086 2169 1325 2226 nomine
1365 2168 1735 2245 interpositis
1773 2164 1970 2225 verbis
2012 2168 2098 2225 ad
2132 2168 2296 2240 quod
2329 2172 2558 2242 tempus
2601 2168 2877 2245 separati

561 2283 727 2356 sunt,
774 2276 930 2335 sicut
976 2273 1056 2333 111
1095 2272 1154 2355 2,
1201 2270 1280 2335 15
1327 2282 1395 2335 ut
1448 2277 1998 2349 sexaqinla'milia
2054 2292 2128 2333 ea
2178 2291 2331 2350 pars
2390 2275 2750 2334 reddiderit
2806 2293 2876 2335 eo

564 2399 724 2441 anno
771 2385 965 2443 villae.
1057 2380 1272 2441 similia
1318 2383 1497 2442 etiam
1544 2381 1691 2441 haec
1740 2389 1907 2461 sunt,
1952 2379 1977 2439 1
2015 2379 2075 2460 4,
2113 2377 2155 2440 3
2219 2383 2281 2440 in
2329 2383 2643 2457 pestilenti
2700 2386 2876 2442 cala-

561 2491 737 2548 mitas
783 2491 1053 2563 quamvis
1101 2492 1164 2548 in
1205 2487 1415 2563 feraci
1459 2506 1634 2563 ayro,
1683 2487 1763 2547 111
1802 2483 1863 2569 5,
1904 2485 1938 2547 7
1990 2489 2064 2547 de
2111 2490 2212 2546 illo
2245 2504 2474 2561 qenere
2509 2495 2660 2546 sunt
2700 2492 2881 2549 turdi

565 2598 930 2671 adventicio,
997 2592 1183 2675 1116,
1222 2592 1262 2656 6
1328 2598 1492 2671 quod
1545 2599 1764 2673 potius·
1809 2594 2046 2670 factum
2112 2602 2234 2654 tum
2309 2597 2617 2654 luxuriosi
2683 2615 2874 2671 quam
2943 2600 2946 2603 ’

569 2705 769 2763 severi
813 2703 956 2763 boni
997 2705 1121 2763 viri
1163 2704 1516 2763 laudabant.
1592 2701 1700 2762 alia
1747 2700 2044 2762 liberioris
2087 2700 2405 2761 verborum
2452 2700 2875 2764 collocationis

568 2809 832 2889 exempla
872 2809 1008 2870 dedi
1053 2806 1210 2890 120,
1239 2806 1300 2870 5.
1357 2817 1562 2870 contra
1602 2808 1979 2869 librariorum
2021 2810 2158 2869 vitio
2207 2807 2404 2869 tribuo
2444 2827 2592 2887 quae
2646 2809 2873 2872 deinde

561 2918 621 2975 in
670 2916 973 2977 codicibus
1022 2918 1242 2994 scripta
1290 2924 1429 2977 sunt
1477 2917 1563 2974 ad
1606 2918 1770 2989 quod
1824 2932 2100 2990 quaeque
2148 2921 2375 2992 tempus
2422 2933 2521 2975 res
2561 2913 2876 2989 facillime

563 3031 830 3099 crescat,
879 3041 1028 3103 quae
1084 3032 1276 3104 recte,
1324 3032 1391 3083 ut
1445 3022 1705 3103 videtur,
1751 3021 2054 3083 Iucundus
2110 3024 2507 3102 transposuit,
2556 3025 2646 3083 ad
2703 3028 2878 3099 quod

562 3137 791 3208 tempus
864 3149 1139 3206 quaeque
1211 3149 1311 3191 res
1379 3129 1676 3205 facillime
1748 3137 2040 3191 crescat.·
2106 3129 2332 3190 ibidem·
2399 3131 2460 3188 in
2534 3129 2871 3215 archetypo

553 3236 910 3312 facilissime
976 3237 1207 3299 videtur
1273 3239 1563 3316 scriptum
1620 3237 1831 3315 fuisse,
1886 3246 2091 3314 postea
2148 3245 2485 3297 correctum
2542 3235 2871 3311 facillime.

569 3363 703 3405 nam
763 3345 1120 3421 facilissime
1184 3343 1404 3405 habent
1458 3343 1504 3402 B
1561 3352 1622 3404 et
1677 3344 2057 3406 Florentinus
2113 3344 2325 3425 codex,
2365 3342 2756 3418 facillissime
2805 3351 2872 3422 A,

559 3447 855 3527 facillime
901 3451 1079 3512 editio
1129 3452 1407 3529 princeps
1457 3469 1488 3511 a
1535 3450 1825 3511 Politiano
1874 3470 1990 3512 non
2040 3461 2323 3512 correcta.

740 3556 780 3618 2
848 3557 1012 3619 Cum
1077 3557 1424 3637 pleraque
1496 3577 1667 3619 uere
1726 3578 1926 3638 quam
1993 3534 2332 3621 autu'mno
2390 3559 2866 3637 inserantur]

575 3666 725 3726 Vere
780 3667 990 3725 melius
1045 3682 1227 3739 quam
1281 3672 1570 3726 autumno
1629 3683 1698 3724 ex
1757 3665 1963 3725 Aldina
2027 3666 2284 3726 editione
2342 3671 2652 3744 receptum
2715 3677 2868 3727 erat.

559 3789 740 3848 quam
797 3789 914 3831 non
973 3771 1171 3832 addito
1230 3775 1627 3852 comparativo
1694 3772 1813 3855 vel,
1869 3782 1937 3834 ut
2000 3772 2140 3834 olim
2194 3771 2573 3853 credebatur,
2633 3776 2867 3834 omisso

551 3882 755 3956 potius
803 3878 917 3938 dici
965 3878 1037 3939 de
1084 3881 1160 3938 iis
1200 3897 1349 3958 quae
1397 3878 1527 3939 aliis
1564 3880 1987 3958 praeferuntur
2034 3887 2239 3940 notum
2289 3888 2396 3939 est.
2461 3897 2530 3939 ex
2579 3878 2676 3938 his
2717 3880 2864 3941 Var-

559 3987 722 4046 ronis
769 3984 938 4045 libris
977 3985 1243 4064 exempla
1281 3987 1410 4046 eius
1448 4004 1596 4047 usus
1634 3985 1906 4046 adnotavi
1944 3986 2107 4066 haec,
2153 3984 2234 4045 111
2271 3983 2332 4066 4,
2374 3983 2407 4046 1
2453 3987 2530 4045 ab
2568 3987 2664 4046 his
2714 3995 2862 4048 tem·

551 4094 808 4170 poribus
854 4110 1034 4167 quam
1080 4094 1516 4175 superioribus,
1562 4100 1625 4152 et.
1678 4111 1813 4153 cum
1862 4091 2093 4153 duobus
2142 4094 2555 4171 comparativis
2601 4092 2626 4152 1
2665 4092 2779 4176 41,
2820 4092 2865 4156 5

558 4204 624 4260 in
667 4199 783 4262 hoc
829 4202 985 4260 enim
1031 4202 1338 4260 umidiora
1384 4218 1564 4274 quam
1605 4202 1905 4274 aridiora,
1951 4199 2005 4259 11
2043 4195 2106 4282 5,
2143 4196 2182 4259 9
2233 4202 2309 4260 de
2354 4203 2568 4261 mediis
2616 4204 2862 4264 duobus

551 4311 732 4383 prior
768 4324 949 4382 quam
979 4311 1304 4387 posterior,
1332 4306 1726 4386 praecedente
1759 4310 1961 4384 potius
1998 4305 2052 4366 ΙΙ
2086 4304 2141 4389 1,
2175 4303 2257 4366 14
2295 4309 2382 4367 ita
2412 4311 2617 4382 potius
2646 4311 2860 4371 bovem

558 4422 760 4475 emunt
804 4415 1094 4474 cornibus
1139 4416 1528 4489 niqrantibus
1584 4431 1767 4488 quam
1822 4415 2001 4488 albis,
2048 4430 2302 4489 capram
2359 4418 2622 4489 amplam
2668 4433 2858 4491 quam

553 4538 827 4598 parvam.
