3178 5185
599 375 719 439 186
1276 383 1659 440 COMMENT.
1695 384 1775 438 m
1811 362 2187 439 VARRONIS

593 557 812 614 equum
857 541 1087 601 habere
1133 558 1323 600 annos
1362 541 1531 600 XVI
1562 539 1804 600 Merula.
1881 541 2138 614 intelliqi
2182 546 2410 614 neqant
2450 556 2627 615 posse
2670 537 2879 598 lucun-

593 645 722 726 duS,
758 650 881 708 sint
917 647 1083 724 facti
1117 648 1371 708 brocchi
1404 645 1702 708 Victorius
1741 666 1811 707 ex
1857 665 2036 707 manu
2084 647 2327 723 scriptis
2364 643 2533 705 libris
2573 643 2881 705 dederunt..

591 762 896 831 praeterea
944 756 1059 815 hoc
1104 757 1392 829 maiores,
1450 756 1487 814 i.
1527 773 1577 814 e.
1618 756 1869 834 septimo
1917 772 2070 815 anno
2119 754 2399 835 maioreS,
2446 770 2518 812 ex
2565 750 2881 831 archetypo

589 862 842 942 restitui,
890 861 1119 940 reliqua
1165 863 1244 921 ita
1302 861 1637 944 emendavi,
1697 880 1837 923 cum
1893 864 2101 923 dentes
2154 864 2275 921 sint
2322 858 2488 935 facti
2530 861 2788 921 brocchi
2829 865 2884 919 et

587 971 920 1043 supercilia
966 987 1128 1029 cana
1175 976 1236 1029 et
1269 972 1379 1030 sub
1427 973 1513 1030 eis
1558 974 1839 1044 lacunae,
1891 989 1969 1030 ex
2006 987 2076 1030 eo
2124 971 2445 1030 observatu
2492 968 2709 1026 dicunt
2754 983 2883 1026 eum

592 1092 802 1149 equom
866 1078 1096 1137 habere
1162 1093 1352 1137 annos
1415 1079 1694 1138 sedecim.
1796 1075 2120 1137 Varronem
2191 1083 2434 1135 secutus
2501 1082 2594 1133 est
2660 1071 2883 1132 Plinius

591 1178 670 1238 Xl
713 1177 838 1241 169
888 1184 1205 1258 absumpta
1260 1185 1381 1244 lzac
1437 1186 1858 1245 observatione
1902 1189 2182 1244 senectus
2229 1185 2292 1241 in
2339 1183 2508 1255 equis
2558 1187 2620 1240 et
2667 1183 2884 1241 ceteris

591 1290 880 1348 veterinis
927 1291 1297 1363 intelleqitur
1346 1290 1614 1350 dentium
1664 1291 2069 1366 brocchitate‚
2124 1290 2594 1363 superciliorum
2652 1290 2886 1347 canitia

592 1401 650 1454 et
696 1397 871 1454 circa
919 1412 992 1455 ea
1040 1398 1306 1469 lacunis,
1364 1413 1501 1455 cum
1551 1395 1693 1471 fere
1745 1398 2008 1456 sedecim
2063 1412 2363 1455 annorum
2419 1396 2856 1454 existimantur
2864 1415 2887 1465 ;

591 1501 733 1559 item
775 1499 1094 1561 Columella
1125 1501 1197 1561 VI
1226 1499 1340 1583 29,
1372 1499 1413 1564 5
1449 1512 1586 1582 post
1634 1521 1700 1563 ea
1748 1521 1901 1582 quae
1948 1521 2127 1580 supra
2172 1502 2478 1580 adscripsi,
2522 1519 2643 1562 nec
2674 1510 2886 1578 postea

590 1613 734 1681 quot
780 1626 1080 1669 annorum
1138 1613 1220 1670 sit
1263 1609 1582 1686 manifesto
1635 1612 2052 1687 conprehendi
2097 1615 2313 1685 potest.
2395 1610 2630 1668 decimo
2689 1616 2887 1670 tamen

591 1731 753 1774 anno
801 1708 1073 1791 tempora
1122 1720 1342 1776 cavari
1387 1719 1689 1794 incipiunt
1733 1724 1793 1777 et
1835 1719 2166 1792 supercilia
2213 1732 2667 1788 nonnumquam
2712 1734 2888 1776 cane-

591 1838 767 1881 scere
819 1829 879 1882 et
933 1824 1141 1883 dentes
1193 1826 1560 1900 prominere.
1660 1825 1996 1884 accuratius
2052 1823 2342 1901 Apsyrtus
2399 1823 2461 1880 in
2517 1821 2887 1900 hippiatricis

591 1946 645 2006 p.
687 1925 815 1988 227
873 1921 984 1989 καὶ
1042 1919 1167 1990 οὐκ
1224 1927 1360 1990 ἔστι
1419 1922 1663 2013 ῥᾴδιον
1720 1921 2283 2007 ἐπιγινώσκεσθαι
2346 1924 2482 1989 τῶν
2539 1923 2712 1989 ἐτῶν
2766 1923 2885 1989 τὸν

593 2029 832 2095 λοιπὸν
878 2026 1149 2115 χρόνον.
1240 2030 1498 2114 λέγεται
1547 2027 1622 2095 δὲ
1678 2025 1846 2096 ὅταν
1905 2024 2063 2108 τοὺς
2117 2023 2400 2106 ὀδόντας
2465 2032 2637 2114 ἔχων
2705 2031 2885 2115 φανῇ

590 2134 1163 2222 προπεπτωκότας,
1203 2140 1316 2224 ἔχῃ
1359 2133 1432 2203 δὲ
1468 2134 1579 2202 καὶ
1619 2136 1737 2215 τὰς
1776 2132 1997 2222 ὀφρῦς
2034 2133 2269 2214 πολιὰς
2307 2134 2418 2201 καὶ
2456 2133 2534 2202 τὰ
2578 2132 2885 2203 ὑποκάτω

589 2245 726 2309 τῶν
790 2240 1072 2330 ὀφρύων
1136 2241 1485 2326 κοιλότερα
1541 2242 1652 2309 καὶ
1717 2243 1875 2321 τοὺς
1932 2238 2330 2328 ὀφθαλμούς
2368 2264 2434 2327 *‚
2493 2255 2884 2330 παρατηρεῖ-

591 2358 756 2416 σθαι
794 2353 1021 2435 πᾶσιν,
1062 2347 1164 2418 ὅτι
1202 2350 1383 2417 ἐστὶν
1413 2350 1486 2417 ἐν
1513 2352 1605 2441 τῷ
1637 2347 2077 2438 ἑκκαιδεκάτῳ
2109 2354 2236 2417 ἔτει
2276 2347 2311 2416 ὅ
2350 2351 2566 2429 ἵππος.
2642 2356 2884 2418 brocchi

591 2461 802 2522 dentes
861 2471 1002 2535 sunt
1058 2465 1161 2543 qui
1214 2464 1274 2522 iu
1309 2462 1706 2542 'hippiatricis
1765 2462 2046 2523 dIcuntur
2099 2455 2674 2545 προπεπωκότες,
2733 2464 2880 2545 apud

593 2568 971 2630 Columellam
1019 2571 1458 2653 prominenteS,
1516 2568 1671 2649 apud
1727 2569 2106 2631 Aristotelem
2162 2572 2225 2631 in
2279 2572 2352 2632 iis
2411 2589 2561 2650 quae
2621 2590 2693 2632 ex
2749 2571 2882 2633 hist.

594 2678 768 2736 anim.
809 2675 1016 2758 v121,
1053 2673 1178 2737 154
1217 2696 1399 2756 supra
1438 2677 1731 2757 adscripsi
1769 2676 1841 2737 de
1881 2679 2089 2738 canino
2128 2678 2307 2738 dente
2347 2696 2639 2757 equorum
2680 2669 2880 2758 ἄπηρ-

590 2777 887 2863 τημένος.
962 2784 1170 2844 eodem
1198 2783 1483 2846 vocabulo
1514 2784 1587 2844 de
1619 2784 1898 2844 dentibus
1927 2803 2140 2845 canum
2168 2804 2315 2845 usus
2344 2793 2436 2846 est
2465 2783 2650 2845 Varro
2683 2785 2736 2845 11
2764 2782 2822 2866 9,
2841 2783 2879 2847 3

588 2894 1009 2967 superioribus
1057 2894 1308 2953 directis
1356 2896 1563 2969 potius
1618 2910 1800 2966 quam
1856 2895 2154 2954 brocchis.
2248 2892 2321 2952 de
2369 2892 2650 2953 dentibus
2697 2892 2877 2953 homi-

589 3016 732 3058 num
788 2999 1219 3076 interpretatur
1265 2997 1492 3059 Nonius
1548 3018 1607 3077 p.
1646 2995 1758 3081 25,
1801 2996 1884 3059 21
1944 3000 2178 3060 Bronci
2228 3006 2371 3059 sunt
2416 3000 2722 3075 producto
2778 3018 2880 3060 ore

589 3113 648 3165 et
694 3108 972 3166 dentibus
1019 3108 1530 3182 prominentibus:
1597 3106 1873 3167 Lucilius
1934 3109 2270 3166 satirarum
2325 3108 2423 3165 lib.
2463 3106 2576 3165 III
2625 3101 2877 3167 broncu’

589 3213 939 3273 Bovillanus
998 3214 1174 3273 dente
1239 3213 1497 3273 adverso
1555 3215 1816 3273 eminulo
1880 3214 1981 3273 liic
2039 3220 2152 3292 est,
2218 3212 2619 3275 Rhinoceros,
2708 3211 2879 3272 Nonii

589 3319 1002 3397 interpretatio
1061 3320 1313 3397 repetita
1371 3326 1463 3379 est
1518 3321 1580 3379 in
1638 3318 1830 3397 glossa
1887 3318 2041 3399 apud
2090 3318 2390 3379 Loewium
2446 3318 2623 3398 gloss,
2661 3321 2875 3379 nomin.

589 3445 644 3504 p.
690 3421 834 3485 144.
915 3424 1071 3485 idem
1121 3427 1356 3506 saepius
1405 3428 1468 3486 in
1514 3425 1728 3504 glossis
1777 3425 1994 3517 legitur
2043 3425 2114 3486 de
2163 3427 2236 3486 iis
2283 3428 2387 3505 qui
2424 3424 2657 3487 labrum
2704 3428 2877 3488 tumi-

590 3532 732 3592 dum
762 3531 999 3606 habent,
1029 3519 1220 3592 Loew.
1253 3532 1450 3611 prodr.
1471 3532 1647 3612 gloss,
1667 3552 1724 3612 p.
1746 3529 1894 3593 391.
1960 3541 2200 3612 praeter
2220 3531 2511 3594 Lucilium
2542 3552 2614 3594 eo
2643 3535 2874 3594 nomine

590 3658 734 3699 usus
783 3646 874 3699 est
919 3637 1164 3699 Plautus
1211 3639 1366 3719 apud
1413 3638 1656 3701 Festum
1703 3659 1758 3720 p.
1798 3636 1947 3721 375,
1976 3636 2080 3700 21.

766 3743 810 3806 4
865 3744 1113 3805 Forma
1153 3763 1310 3805 esse
1348 3754 1641 3825 oportet
1680 3746 2175 3825 magnitudine
2215 3746 2485 3806 modica
2528 3747 2713 3825 quod
2753 3765 2873 3806 nec

590 3853 819 3914 uallos
868 3872 996 3914 nec
1043 3854 1358 3913 minutos
1406 3853 1616 3914 decet
1653 3872 1811 3914 esse
1851 3872 2070 3933 equas
2111 3852 2445 3914 clunibus
2483 3871 2560 3914 ac
2602 3855 2872 3914 uentri-

588 3960 717 4021 bus
754 3961 925 4021 latis
965 3978 1188 4039 equos
1226 3959 1626 4022 admissura
1666 3979 1843 4040 quos
1883 3959 2067 4020 uelis
2097 3959 2358 4020 habere
2396 3958 2550 4039 lege
2590 3968 2876 4039 oportet

591 4066 818 4146 amplo
885 4085 1189 4145 corpore
1255 4067 1647 4146 formosos]
1715 4070 1940 4129 Forma
1996 4086 2125 4129 esse
2179 4073 2415 4144 oportet
2463 4070 2875 4142 maynitudine

587 4178 821 4235 media:
866 4192 980 4235 nec
1027 4181 1225 4235 vastos
1281 4194 1393 4236 nec
1449 4179 1710 4237 minutos
1765 4178 1940 4236 decet
1993 4193 2135 4235 esse.
2227 4192 2414 4249 equas
2469 4176 2751 4234 clunibus
2803 4191 2874 4233 ac

589 4283 900 4342 ventribus
945 4284 1101 4342 latis,
1186 4300 1369 4357 equos
1425 4284 1512 4342 ad
1555 4284 1964 4342 admissuram
2020 4299 2167 4356 quos
2213 4284 2358 4342 velis
2402 4282 2635 4341 habere
2680 4284 2873 4356 iecere

589 4395 827 4464 oportet
871 4392 1067 4463 amplo
1114 4407 1376 4466 corpore
1414 4387 1716 4464 formosos
1764 4387 2005 4469 Merula,
2063 4387 2165 4447 ubi
2211 4390 2412 4449 media
2457 4391 2625 4462 quod
2666 4387 2872 4448 Iucun-

589 4494 719 4575 duS,
765 4496 1003 4554 modica
1050 4499 1215 4570 quod
1257 4495 1537 4574 Angelius
1585 4496 1866 4556 restituit.
1936 4494 2143 4570 forma
2190 4513 2318 4555 esse
2363 4501 2600 4603 oportet
2644 4496 2869 4571 maqni·
