3178 5185
569 395 700 461 258
1257 401 1639 460 COMMENT.
1675 402 1756 459 IN
1792 401 2167 460 VARRONIS

569 570 636 624 ut
683 561 861 645 solet,
907 563 1168 642 novavit,
1215 563 1374 623 inter
1420 564 1687 637 reliquos
1742 563 1819 622 ab
1877 563 1992 623 imo
2049 565 2136 623 ad
2189 579 2497 624 cameram
2554 563 2642 623 ad
2693 564 2859 623 semi·

561 672 778 746 pedem
850 688 1042 745 aeque
1105 673 1292 730 latum
1365 687 1443 731 ac
1516 673 1780 730 mutulus
1856 688 1896 731 a
1961 673 2206 747 pariete
2278 677 2464 731 extat.
2557 669 2862 750 archetypi

567 776 880 838 lectionem
930 776 1225 838 Victorius
1281 778 1571 855 restituit,
1628 776 1731 838 ubi
1785 795 2076 838 summum
2133 796 2172 838 a
2231 796 2488 839 camara
2548 781 2637 839 ad
2692 781 2861 839 semi-

556 887 772 961 pedem
820 903 1013 961 aeque
1058 888 1244 945 latum
1292 883 1676 945 scribendum
1725 883 2126 946 Schneiderus
2174 887 2448 946 coniecit.
2541 884 2614 946 de
2665 893 2855 947 turtu-

563 989 731 1052 ribus
778 992 932 1071 apud
983 989 1364 1052 Columellam
1412 990 1542 1051 VIII
1579 988 1642 1071 9,
1681 988 1722 1052 3
1770 993 1990 1072 scripta
2049 999 2189 1052 sunt
2243 992 2419 1073 haec,
2466 997 2863 1070 receptacula

562 1116 683 1159 non
739 1105 1045 1175 tamquam
1100 1100 1390 1160 columbis
1446 1103 1857 1160 loculamenta
1910 1103 2006 1161 vel
2063 1102 2320 1161 cellulae
2374 1107 2636 1162 cavatae
2686 1104 2859 1175 fiunt,

560 1208 674 1266 sed
715 1207 801 1267 ad
843 1209 1066 1267 lineam
1120 1209 1339 1267 mutuli
1373 1225 1491 1283 per
1538 1209 1840 1283 parietem
1889 1209 2015 1280 fixi
2066 1210 2423 1284 teqetieulas
2478 1209 2862 1269 cannabinas

559 1316 874 1390 accipiunt
900 1317 1242 1391 praetentis
1271 1316 1518 1392 retibus,
1555 1316 1774 1390 quibus
1804 1317 2252 1392 prohibeantur
2289 1319 2514 1395 volare,
2545 1318 2853 1396 quoniam,

558 1423 617 1481 si
670 1423 739 1482 id
784 1420 1055 1499 faciant,
1104 1423 1467 1499 corporibus
1523 1424 1870 1483 detrahunt.
1955 1425 2016 1483 in
2063 1424 2157 1483 his
2212 1424 2471 1484 adsidue
2508 1430 2861 1500 pascuntur

559 1519 940 1609 (pascantur
996 1526 1181 1588 codex
1240 1524 1800 1609 sangermanensis)
1865 1532 2028 1590 milio
2093 1535 2203 1590 aut
2266 1533 2490 1591 tritico.
2584 1530 2862 1591 similiter

559 1633 743 1695 Varro
807 1637 869 1695 in
940 1634 1071 1696 loco
1136 1635 1478 1698 turturibus
1545 1636 1963 1697 constituendo
2028 1654 2138 1716 pro
2204 1635 2587 1698 columbariis
2663 1646 2859 1699 certos

561 1741 801 1802 ordines
848 1742 1216 1805 mutulorum
1264 1751 1365 1805 aut
1410 1742 1686 1824 palorum
1732 1743 2070 1824 tegeticulis
2128 1743 2474 1805 cannabinis
2527 1751 2751 1828 tectos,
2796 1747 2856 1806 iu

563 1848 780 1928 quibus
827 1869 963 1912 aves
1012 1851 1275 1934 sedeant,
1313 1853 1375 1911 in
1412 1853 1640 1930 pariete
1678 1853 1807 1912 fieri
1855 1850 2039 1913 iubet.
2113 1869 2322 1912 eorum
2359 1851 2640 1913 ordinum
2678 1855 2856 1932 igitur

481 1954 483 1957 ’
561 1959 749 2036 spatia
796 1960 877 2020 ita
924 1961 1392 2042 constituuntur,
1440 1969 1507 2022 ut
1552 1960 1792 2021 infimus
1840 1959 1986 2020 ordo
2033 1979 2065 2021 a
2114 1967 2274 2021 terra
2322 1978 2439 2021 nou
2487 1962 2690 2021 minus
2734 1968 2856 2022 tres

557 2063 742 2144 pedes
802 2064 983 2148 absit,
1037 2068 1197 2128 inter
1255 2067 1519 2146 reliquos
1585 2068 1891 2128 dodrantis
1955 2069 2141 2147 spatia
2204 2068 2346 2149 sint,
2405 2086 2436 2127 a
2495 2084 2731 2129 summo
2787 2067 2854 2128 ad

557 2191 849 2234 camaram
908 2175 1228 2254 semipedis
1285 2176 1559 2255 spatium.
1653 2174 1900 2235 latitudo
1966 2183 2162 2235 autem
2228 2173 2533 2256 ordinum,
2599 2194 2855 2255 quorum

558 2289 759 2341 certus
825 2280 1037 2342 modus
1103 2300 1222 2342 non
1288 2291 1406 2364 est,
1473 2281 1844 2362 longitudine
1910 2280 2277 2343 mutulorum
2339 2282 2651 2344 definitur:
2719 2290 2853 2344 sunt

559 2388 718 2448 enim
765 2395 884 2449 tam
930 2388 1051 2465 lati,
1090 2408 1266 2469 quam
1314 2389 1529 2452 mutuli
1566 2397 1769 2450 extare
1808 2407 1880 2450 ex
1927 2390 2153 2468 pariete
2190 2397 2460 2468 possunt.
2536 2388 2854 2471 neglegen-

558 2498 709 2557 tiore
748 2505 945 2558 autem
986 2499 1413 2577 compositione
1452 2488 1769 2558 rerborum
1809 2516 1878 2558 ea
1917 2515 2067 2576 quae
2106 2496 2179 2558 de
2218 2496 2494 2558 omnibus
2542 2497 2856 2559 ordinibus

556 2602 805 2664 dicenda
854 2614 1025 2666 erant
1071 2605 1139 2665 ad
1191 2624 1375 2667 unum
1422 2606 1703 2667 translata
1763 2614 1822 2667 et
1878 2614 2014 2684 post
2069 2606 2531 2684 descriptionem
2588 2608 2856 2667 universi

555 2720 871 2791 apparatus
909 2713 1073 2794 haec,
1113 2732 1263 2793 quae
1302 2714 1373 2775 ad
1415 2713 1675 2775 mutulos
1712 2713 1845 2774 illos
1884 2720 1944 2774 et
1981 2712 2330 2793 tegeticulas
2367 2714 2679 2792 impositas
2718 2732 2850 2794 per-

555 2820 764 2903 tinent,
812 2822 875 2882 in
921 2823 1139 2896 quibus
1186 2824 1315 2882 dies
1360 2827 1685 2898 noctesque
1722 2828 2085 2898 pascuntur,
2133 2819 2331 2881 addita
2378 2829 2534 2882 sunt.
2632 2819 2738 2882 sed
2791 2823 2851 2881 in

554 2927 966 3006 superioribus
1033 2930 1119 2990 ad
1179 2930 1539 3009 praepositio
1606 2937 1743 2990 ante
1813 2930 2174 3006 semipedem
2246 2946 2451 2989 errore
2527 2927 2847 2991 scribentis

553 3035 787 3097 videtur
852 3038 1104 3116 repetita
1172 3054 1321 3097 esse.
1414 3056 1550 3098 nam
1618 3046 1843 3098 certam
1910 3038 2086 3116 spatii
2141 3035 2547 3097 definitionem
2613 3037 2676 3096 in
2743 3035 2849 3095 bac

554 3142 955 3222 descriptione
1003 3143 1428 3227 desideramuS,
1468 3164 1507 3205 a
1552 3162 1780 3206 summo
1820 3148 1906 3206 ad
1949 3161 2266 3206 camaram
2313 3144 2693 3224 semipedem,
2733 3161 2847 3203 non

556 3251 754 3311 minus
813 3259 1176 3332 accuratam,
1234 3250 1466 3331 qualem
1533 3252 1729 3313 addita
1796 3251 1867 3312 ad
1923 3269 2204 3312 numeros
2258 3251 2619 3330 praepositio
2676 3252 2851 3330 signi-

552 3357 715 3418 ficat:
780 3356 832 3417 ΙΙ
876 3356 930 3440 1,
969 3356 1056 3421 20
1115 3358 1255 3435 fere
1320 3361 1406 3419 ad
1466 3366 1758 3434 quattuor
1828 3377 2083 3436 menses,
2157 3355 2227 3440 3,
2270 3355 2352 3418 10
2416 3360 2505 3418 ad
2564 3365 2849 3419 centenas

545 3472 826 3541 pascunt,
875 3464 956 3525 III
995 3460 1054 3547 5,
1099 3462 1179 3527 14
1227 3468 1315 3526 ad
1357 3468 1476 3527 duo
1516 3469 1707 3543 pedes
1753 3444 1958 3543 altum,
1996 3469 2185 3527 latum
2224 3467 2311 3527 ad
2344 3468 2629 3548 quinque,
2684 3462 2781 3546 11,
2804 3462 2844 3525 2

551 3575 739 3632 altum
787 3591 915 3634 esse
962 3579 1198 3649 oportet
1242 3576 1328 3634 ad
1363 3576 1551 3650 pedes
1599 3577 1960 3649 quindecim.

733 3676 774 3740 3
830 3680 921 3739 Ac
971 3689 1300 3740 stercore
1349 3698 1432 3740 ne
1489 3678 1985 3757 offendantur]
2038 3681 2128 3742 Ac
2172 3687 2447 3742 stercore
2492 3682 2845 3762 apographa,

551 3804 590 3846 a
627 3792 901 3847 stercore
946 3788 1007 3846 in
1054 3788 1323 3867 principe
1364 3786 1624 3848 editione
1662 3787 1989 3848 Politianus
2028 3805 2147 3848 non
2194 3789 2471 3849 correxit.
2538 3789 2601 3848 in
2642 3787 2843 3849 arche·

550 3904 690 3972 typo
728 3891 963 3954 videtur
1011 3912 1088 3955 ac
1136 3896 1426 3975 scriptum
1466 3895 1671 3977 fuisse,
1708 3904 1914 3975 postea
1953 3903 2290 3957 correctum
2330 3914 2386 3957 a.
2464 3913 2651 3975 quare
2691 3896 2846 3976 olim,

549 4009 617 4061 ut
674 4006 931 4061 veterem
993 4003 1349 4082 scripturam
1414 4010 1954 4083 repraesentarem,
2010 4021 2088 4064 ac
2142 4001 2375 4064 inclusi.
2469 4002 2574 4064 sed
2641 4021 2844 4065 verum

550 4108 783 4169 videtur
829 4127 869 4170 a
914 4115 1205 4187 stercore,
1252 4109 1324 4171 de
1372 4129 1490 4189 quo
1538 4109 1661 4170 dixi
1706 4109 1732 4169 I
1770 4106 1875 4185 27,
1912 4107 1972 4171 2.

725 4215 819 4276 Ad
861 4216 1326 4295 saginandum
1367 4216 1445 4278 ad
1484 4218 1941 4297 potissimum
1982 4215 2288 4297 tempus]
2321 4218 2841 4295 Appositissimum

548 4321 883 4404 apographa
941 4324 1228 4403 quaedam
1275 4326 1609 4386 recentiora
1667 4333 1726 4385 et
1782 4324 1937 4386 edita
1995 4325 2133 4385 inde
2189 4324 2262 4385 ab
2316 4323 2527 4386 Aldina
2583 4327 2838 4387 editione

548 4410 921 4511 exemplaria,
968 4433 1338 4507 aptissimum
1385 4430 1658 4492 Ursinus

726 4535 987 4596 Matres
1036 4554 1277 4597 eorum
1324 4544 1469 4599 tum
1517 4539 1827 4618 optimae
1877 4546 2044 4600 sunt
2102 4557 2258 4600 eum
2310 4538 2493 4619 pulli
2548 4539 2839 4620 plurimi
