<?xml version="1.0" encoding="UTF-8"?>
<!DOCTYPE html PUBLIC "-//W3C//DTD XHTML 1.0 Transitional//EN"
    "http://www.w3.org/TR/xhtml1/DTD/xhtml1-transitional.dtd">
<html xmlns="http://www.w3.org/1999/xhtml" xml:lang="en" lang="en">
 <head>
  <title>
</title>
<meta http-equiv="Content-Type" content="text/html;charset=utf-8" />
  <meta name='ocr-system' content='tesseract 3.04.00' />
  <meta name='ocr-capabilities' content='ocr_page ocr_carea ocr_par ocr_line ocrx_word'/>
</head>
<body>
  <div class='ocr_page' id='page_1' title='image "./mporcicatonisde01catogoog_0466.png"; bbox 0 0 3178 5185; ppageno 0'>
   <div class='ocr_carea' id='block_1_1' title="bbox 556 403 2148 466">
    <p class='ocr_par' dir='ltr' id='par_1_1' title="bbox 556 403 2148 466">
     <span class='ocr_line' id='line_1_1' title="bbox 556 403 2148 466; baseline -0.003 0"><span class='ocrx_word' id='word_1_1' title='bbox 556 403 685 466; x_wconf 81' lang='grc'><strong><em>212</em></strong></span> <span class='ocrx_word' id='word_1_2' title='bbox 1237 408 1618 464; x_wconf 83' lang='grc' dir='ltr'><strong>ΟΟΜΜΕΝΤ.</strong></span> <span class='ocrx_word' id='word_1_3' title='bbox 1656 408 1737 462; x_wconf 89' lang='lat' dir='ltr'><strong><em>IN</em></strong></span> <span class='ocrx_word' id='word_1_4' title='bbox 1774 407 2148 463; x_wconf 85' lang='lat' dir='ltr'><strong>VARRONIS</strong></span> 
     </span>
    </p>
   </div>
   <div class='ocr_carea' id='block_1_2' title="bbox 546 562 2843 4614">
    <p class='ocr_par' dir='ltr' id='par_1_2' title="bbox 546 562 2843 4282">
     <span class='ocr_line' id='line_1_2' title="bbox 557 562 2835 645; baseline -0.002 -20"><span class='ocrx_word' id='word_1_5' title='bbox 557 568 787 645; x_wconf 82' lang='lat' dir='ltr'><strong>pimus</strong></span> <span class='ocrx_word' id='word_1_6' title='bbox 851 565 1281 643; x_wconf 88' lang='lat' dir='ltr'><strong><em>liquentium</em></strong></span> <span class='ocrx_word' id='word_1_7' title='bbox 1341 566 1631 624; x_wconf 82' lang='lat' dir='ltr'><strong>maxime</strong></span> <span class='ocrx_word' id='word_1_8' title='bbox 1690 562 1934 623; x_wconf 84' lang='lat' dir='ltr'><strong><em>alibile</em></strong></span> <span class='ocrx_word' id='word_1_9' title='bbox 1992 572 2059 623; x_wconf 89' lang='lat' dir='ltr'><strong><em>et</em></strong></span> <span class='ocrx_word' id='word_1_10' title='bbox 2114 562 2182 622; x_wconf 92' lang='lat' dir='ltr'><strong><em>id</em></strong></span> <span class='ocrx_word' id='word_1_11' title='bbox 2250 563 2546 623; x_wconf 84' lang='lat' dir='ltr'><strong><em>ouillum</em></strong></span> <span class='ocrx_word' id='word_1_12' title='bbox 2604 564 2673 623; x_wconf 91' lang='lat' dir='ltr'><strong><em>in</em></strong></span> <span class='ocrx_word' id='word_1_13' title='bbox 2730 581 2835 622; x_wconf 80' lang='lat' dir='ltr'><strong><em>ca·</em></strong></span> 
     </span>
     <span class='ocr_line' id='line_1_3' title="bbox 556 670 2835 749; baseline -0.001 -17"><span class='ocrx_word' id='word_1_14' title='bbox 556 670 867 749; x_wconf 90' lang='lat' dir='ltr'><strong><em>prinum]</em></strong></span> <span class='ocrx_word' id='word_1_15' title='bbox 917 672 1043 732; x_wconf 90' lang='lat' dir='ltr'><strong><em>Sed</em></strong></span> <span class='ocrx_word' id='word_1_16' title='bbox 1087 675 1332 747; x_wconf 81' lang='lat' dir='ltr'><strong><em>inquam</em></strong></span> <span class='ocrx_word' id='word_1_17' title='bbox 1370 674 1521 746; x_wconf 81' lang='lat' dir='ltr'><strong><em>quid</em></strong></span> <span class='ocrx_word' id='word_1_18' title='bbox 1556 673 1948 732; x_wconf 82' lang='lat' dir='ltr'><strong><em>adieceritis?</em></strong></span> <span class='ocrx_word' id='word_1_19' title='bbox 1995 673 2071 731; x_wconf 95' lang='lat' dir='ltr'><strong><em>de</em></strong></span> <span class='ocrx_word' id='word_1_20' title='bbox 2108 673 2615 731; x_wconf 86' lang='lat' dir='ltr'><strong><em>extraordinario</em></strong></span> <span class='ocrx_word' id='word_1_21' title='bbox 2657 689 2835 747; x_wconf 89' lang='lat' dir='ltr'><strong><em>pecu-</em></strong></span> 
     </span>
     <span class='ocr_line' id='line_1_4' title="bbox 556 778 2837 855; baseline -0.001 -16"><span class='ocrx_word' id='word_1_22' title='bbox 556 782 697 839; x_wconf 88' lang='lat' dir='ltr'><strong><em>dum</em></strong></span> <span class='ocrx_word' id='word_1_23' title='bbox 747 778 961 854; x_wconf 87' lang='lat' dir='ltr'><strong><em>fructu</em></strong></span> <span class='ocrx_word' id='word_1_24' title='bbox 1012 782 1403 855; x_wconf 89' lang='lat' dir='ltr'><strong><em>praedictum</em></strong></span> <span class='ocrx_word' id='word_1_25' title='bbox 1468 786 1579 852; x_wconf 89' lang='lat' dir='ltr'><strong><em>est,</em></strong></span> <span class='ocrx_word' id='word_1_26' title='bbox 1638 781 1714 839; x_wconf 96' lang='lat' dir='ltr'><strong><em>de</em></strong></span> <span class='ocrx_word' id='word_1_27' title='bbox 1771 782 1930 838; x_wconf 86' lang='lat' dir='ltr'><strong><em>lacte</em></strong></span> <span class='ocrx_word' id='word_1_28' title='bbox 1950 818 1963 829; x_wconf 81' lang='lat'><em>-</em></span> <span class='ocrx_word' id='word_1_29' title='bbox 1986 781 2046 837; x_wconf 90' lang='lat' dir='ltr'><strong><em>in</em></strong></span> <span class='ocrx_word' id='word_1_30' title='bbox 2103 795 2173 838; x_wconf 96' lang='lat' dir='ltr'><strong><em>eo</em></strong></span> <span class='ocrx_word' id='word_1_31' title='bbox 2220 785 2279 838; x_wconf 91' lang='lat' dir='ltr'><strong><em>et</em></strong></span> <span class='ocrx_word' id='word_1_32' title='bbox 2334 786 2588 839; x_wconf 81' lang='lat' dir='ltr'><em>tonsura</em></span> <span class='ocrx_word' id='word_1_33' title='bbox 2645 782 2837 839; x_wconf 87' lang='lat' dir='ltr'><strong><em>lanae.</em></strong></span> 
     </span>
     <span class='ocr_line' id='line_1_5' title="bbox 555 887 2838 961; baseline 0 -16"><span class='ocrx_word' id='word_1_34' title='bbox 555 893 644 946; x_wconf 85' lang='lat' dir='ltr'><strong><em>est</em></strong></span> <span class='ocrx_word' id='word_1_35' title='bbox 688 888 844 946; x_wconf 86' lang='lat' dir='ltr'><strong><em>enim</em></strong></span> <span class='ocrx_word' id='word_1_36' title='bbox 891 890 991 946; x_wconf 86' lang='lat' dir='ltr'><strong><em>lac</em></strong></span> <span class='ocrx_word' id='word_1_37' title='bbox 1037 889 1296 946; x_wconf 89' lang='lat' dir='ltr'><strong><em>omnium</em></strong></span> <span class='ocrx_word' id='word_1_38' title='bbox 1342 902 1550 946; x_wconf 87' lang='lat' dir='ltr'><strong><em>rerum</em></strong></span> <span class='ocrx_word' id='word_1_39' title='bbox 1597 903 1751 960; x_wconf 80' lang='lat' dir='ltr'><strong><em>quas</em></strong></span> <span class='ocrx_word' id='word_1_40' title='bbox 1797 887 1987 945; x_wconf 85' lang='lat' dir='ltr'><strong><em>cibali</em></strong></span> <span class='ocrx_word' id='word_1_41' title='bbox 2038 903 2229 945; x_wconf 88' lang='lat' dir='ltr'><strong><em>causa</em></strong></span> <span class='ocrx_word' id='word_1_42' title='bbox 2285 889 2560 961; x_wconf 85' lang='lat' dir='ltr'><strong><em>cupimus</em></strong></span> <span class='ocrx_word' id='word_1_43' title='bbox 2617 889 2838 960; x_wconf 80' lang='lat' dir='ltr'><strong><em>liquen-</em></strong></span> 
     </span>
     <span class='ocr_line' id='line_1_6' title="bbox 558 992 2843 1073; baseline 0 -21"><span class='ocrx_word' id='word_1_44' title='bbox 558 995 705 1052; x_wconf 88' lang='lat' dir='ltr'><strong><em>tium</em></strong></span> <span class='ocrx_word' id='word_1_45' title='bbox 751 996 1014 1053; x_wconf 81' lang='lat' dir='ltr'><strong><em>maxime</em></strong></span> <span class='ocrx_word' id='word_1_46' title='bbox 1074 995 1304 1071; x_wconf 79' lang='lat' dir='ltr'><strong><em>utibile,</em></strong></span> <span class='ocrx_word' id='word_1_47' title='bbox 1350 1000 1411 1053; x_wconf 92' lang='lat' dir='ltr'><strong><em>et</em></strong></span> <span class='ocrx_word' id='word_1_48' title='bbox 1465 995 1532 1052; x_wconf 90' lang='lat' dir='ltr'><strong><em>id</em></strong></span> <span class='ocrx_word' id='word_1_49' title='bbox 1588 995 1812 1053; x_wconf 86' lang='lat' dir='ltr'><strong><em>ouilum</em></strong></span> <span class='ocrx_word' id='word_1_50' title='bbox 1868 994 2010 1052; x_wconf 87' lang='lat' dir='ltr'><strong><em>inde</em></strong></span> <span class='ocrx_word' id='word_1_51' title='bbox 2063 995 2383 1068; x_wconf 88' lang='lat' dir='ltr'><strong><em>caprinum</em></strong></span> <span class='ocrx_word' id='word_1_52' title='bbox 2429 992 2684 1073; x_wconf 83' lang='lat' dir='ltr'><strong>Merula,</strong></span> <span class='ocrx_word' id='word_1_53' title='bbox 2738 995 2843 1053; x_wconf 88' lang='lat' dir='ltr'><strong><em>sed</em></strong></span> 
     </span>
     <span class='ocr_line' id='line_1_7' title="bbox 556 1099 2837 1175; baseline 0 -16"><span class='ocrx_word' id='word_1_54' title='bbox 556 1102 801 1174; x_wconf 80' lang='lat' dir='ltr'><strong><em>inquam</em></strong></span> <span class='ocrx_word' id='word_1_55' title='bbox 858 1103 915 1159; x_wconf 89' lang='lat' dir='ltr'><strong><em>si</em></strong></span> <span class='ocrx_word' id='word_1_56' title='bbox 964 1102 1116 1174; x_wconf 81' lang='lat' dir='ltr'><strong><em>quid</em></strong></span> <span class='ocrx_word' id='word_1_57' title='bbox 1168 1102 1521 1161; x_wconf 85' lang='lat' dir='ltr'><strong><em>adieceritis</em></strong></span> <span class='ocrx_word' id='word_1_58' title='bbox 1577 1102 1654 1159; x_wconf 91' lang='lat' dir='ltr'><strong><em>de</em></strong></span> <span class='ocrx_word' id='word_1_59' title='bbox 1708 1101 2211 1159; x_wconf 85' lang='lat' dir='ltr'><strong><em>extraordinario</em></strong></span> <span class='ocrx_word' id='word_1_60' title='bbox 2257 1102 2565 1175; x_wconf 82' lang='lat' dir='ltr'><strong><em>pecudum</em></strong></span> <span class='ocrx_word' id='word_1_61' title='bbox 2605 1099 2837 1175; x_wconf 87' lang='lat' dir='ltr'><strong><em>fructu,</em></strong></span> 
     </span>
     <span class='ocr_line' id='line_1_8' title="bbox 556 1194 2839 1282; baseline 0 -16"><span class='ocrx_word' id='word_1_62' title='bbox 556 1214 617 1266; x_wconf 92' lang='lat' dir='ltr'><strong><em>et</em></strong></span> <span class='ocrx_word' id='word_1_63' title='bbox 652 1209 727 1267; x_wconf 96' lang='lat' dir='ltr'><strong><em>de</em></strong></span> <span class='ocrx_word' id='word_1_64' title='bbox 773 1210 932 1267; x_wconf 86' lang='lat' dir='ltr'><strong><em>lacte</em></strong></span> <span class='ocrx_word' id='word_1_65' title='bbox 969 1210 1031 1267; x_wconf 90' lang='lat' dir='ltr'><strong><em>in</em></strong></span> <span class='ocrx_word' id='word_1_66' title='bbox 1051 1194 1156 1282; x_wconf 58' lang='lat' dir='ltr'><strong><em>‘eo,</em></strong></span> <span class='ocrx_word' id='word_1_67' title='bbox 1195 1215 1254 1268; x_wconf 88' lang='lat' dir='ltr'><strong><em>et</em></strong></span> <span class='ocrx_word' id='word_1_68' title='bbox 1299 1215 1550 1268; x_wconf 83' lang='lat' dir='ltr'><em>tonsura</em></span> <span class='ocrx_word' id='word_1_69' title='bbox 1589 1211 1786 1267; x_wconf 89' lang='lat' dir='ltr'><strong><em>lanae.</em></strong></span> <span class='ocrx_word' id='word_1_70' title='bbox 1861 1214 1951 1266; x_wconf 88' lang='lat' dir='ltr'><strong><em>est</em></strong></span> <span class='ocrx_word' id='word_1_71' title='bbox 1986 1209 2143 1266; x_wconf 89' lang='lat' dir='ltr'><strong><em>enim</em></strong></span> <span class='ocrx_word' id='word_1_72' title='bbox 2180 1211 2278 1267; x_wconf 86' lang='lat' dir='ltr'><strong><em>lac</em></strong></span> <span class='ocrx_word' id='word_1_73' title='bbox 2315 1210 2578 1267; x_wconf 85' lang='lat' dir='ltr'><strong><em>omnium</em></strong></span> <span class='ocrx_word' id='word_1_74' title='bbox 2615 1225 2839 1281; x_wconf 88' lang='lat' dir='ltr'><strong><em>rerum,</em></strong></span> 
     </span>
     <span class='ocr_line' id='line_1_9' title="bbox 555 1316 2839 1391; baseline 0 -17"><span class='ocrx_word' id='word_1_75' title='bbox 555 1331 708 1388; x_wconf 81' lang='lat' dir='ltr'><strong><em>quas</em></strong></span> <span class='ocrx_word' id='word_1_76' title='bbox 754 1316 880 1374; x_wconf 86' lang='lat' dir='ltr'><strong><em>cibi</em></strong></span> <span class='ocrx_word' id='word_1_77' title='bbox 922 1332 1113 1375; x_wconf 85' lang='lat' dir='ltr'><strong><em>causa</em></strong></span> <span class='ocrx_word' id='word_1_78' title='bbox 1159 1317 1449 1391; x_wconf 88' lang='lat' dir='ltr'><strong><em>capimus,</em></strong></span> <span class='ocrx_word' id='word_1_79' title='bbox 1497 1316 1851 1389; x_wconf 82' lang='lat' dir='ltr'><strong><em>liquentium</em></strong></span> <span class='ocrx_word' id='word_1_80' title='bbox 1898 1316 2161 1374; x_wconf 79' lang='lat' dir='ltr'><strong><em>maxime</em></strong></span> <span class='ocrx_word' id='word_1_81' title='bbox 2207 1316 2436 1388; x_wconf 85' lang='lat' dir='ltr'><strong><em>alibile,</em></strong></span> <span class='ocrx_word' id='word_1_82' title='bbox 2484 1322 2544 1375; x_wconf 91' lang='lat' dir='ltr'><strong><em>et</em></strong></span> <span class='ocrx_word' id='word_1_83' title='bbox 2591 1317 2659 1375; x_wconf 91' lang='lat' dir='ltr'><strong><em>id</em></strong></span> <span class='ocrx_word' id='word_1_84' title='bbox 2703 1318 2839 1376; x_wconf 84' lang='lat' dir='ltr'><strong><em>ovil-</em></strong></span> 
     </span>
     <span class='ocr_line' id='line_1_10' title="bbox 556 1418 2841 1501; baseline 0.001 -21"><span class='ocrx_word' id='word_1_85' title='bbox 556 1424 703 1501; x_wconf 88' lang='lat' dir='ltr'><strong><em>lum,</em></strong></span> <span class='ocrx_word' id='word_1_86' title='bbox 767 1423 909 1481; x_wconf 90' lang='lat' dir='ltr'><strong><em>inde</em></strong></span> <span class='ocrx_word' id='word_1_87' title='bbox 973 1424 1298 1498; x_wconf 82' lang='lat' dir='ltr'><strong><em>caprinum</em></strong></span> <span class='ocrx_word' id='word_1_88' title='bbox 1349 1418 1669 1480; x_wconf 80' lang='lat' dir='ltr'><strong><em>IucunduS.</em></strong></span> <span class='ocrx_word' id='word_1_89' title='bbox 1764 1419 2067 1498; x_wconf 77' lang='lat' dir='ltr'>archetypi</span> <span class='ocrx_word' id='word_1_90' title='bbox 2133 1422 2486 1499; x_wconf 80' lang='lat' dir='ltr'><strong>scripturam</strong></span> <span class='ocrx_word' id='word_1_91' title='bbox 2544 1420 2841 1482; x_wconf 88' lang='lat' dir='ltr'><strong><em>Victorius</em></strong></span> 
     </span>
     <span class='ocr_line' id='line_1_11' title="bbox 557 1527 2837 1608; baseline 0.002 -22"><span class='ocrx_word' id='word_1_92' title='bbox 557 1529 848 1608; x_wconf 88' lang='lat' dir='ltr'><strong><em>restituit,</em></strong></span> <span class='ocrx_word' id='word_1_93' title='bbox 897 1527 1000 1586; x_wconf 87' lang='lat' dir='ltr'><strong><em>sed</em></strong></span> <span class='ocrx_word' id='word_1_94' title='bbox 1048 1535 1117 1587; x_wconf 89' lang='lat' dir='ltr'><strong><em>ut</em></strong></span> <span class='ocrx_word' id='word_1_95' title='bbox 1151 1530 1541 1604; x_wconf 84' lang='lat' dir='ltr'><strong><em>praedictum</em></strong></span> <span class='ocrx_word' id='word_1_96' title='bbox 1589 1533 1680 1587; x_wconf 83' lang='lat' dir='ltr'><strong><em>est</em></strong></span> <span class='ocrx_word' id='word_1_97' title='bbox 1725 1528 1988 1608; x_wconf 73' lang='lat' dir='ltr'><strong><em>scripsit,</em></strong></span> <span class='ocrx_word' id='word_1_98' title='bbox 2036 1529 2162 1587; x_wconf 83' lang='lat' dir='ltr'><strong><em>cibi</em></strong></span> <span class='ocrx_word' id='word_1_99' title='bbox 2205 1545 2396 1588; x_wconf 87' lang='lat' dir='ltr'><strong><em>causa</em></strong></span> <span class='ocrx_word' id='word_1_100' title='bbox 2444 1536 2504 1588; x_wconf 88' lang='lat' dir='ltr'><strong><em>et</em></strong></span> <span class='ocrx_word' id='word_1_101' title='bbox 2550 1531 2695 1589; x_wconf 88' lang='lat' dir='ltr'><strong><em>inde</em></strong></span> <span class='ocrx_word' id='word_1_102' title='bbox 2740 1548 2837 1590; x_wconf 89' lang='lat' dir='ltr'><strong><em>ca-</em></strong></span> 
     </span>
     <span class='ocr_line' id='line_1_12' title="bbox 550 1633 2840 1712; baseline 0.001 -19"><span class='ocrx_word' id='word_1_103' title='bbox 550 1637 800 1711; x_wconf 88' lang='lat' dir='ltr'><strong><em>prinum</em></strong></span> <span class='ocrx_word' id='word_1_104' title='bbox 847 1653 916 1693; x_wconf 89' lang='lat' dir='ltr'><strong><em>ex</em></strong></span> <span class='ocrx_word' id='word_1_105' title='bbox 958 1633 1162 1693; x_wconf 80' lang='lat' dir='ltr'>Aldina</span> <span class='ocrx_word' id='word_1_106' title='bbox 1211 1633 1470 1693; x_wconf 79' lang='lat' dir='ltr'><strong><em>editione</em></strong></span> <span class='ocrx_word' id='word_1_107' title='bbox 1521 1634 1761 1712; x_wconf 81' lang='lat' dir='ltr'><strong><em>recepit.</em></strong></span> <span class='ocrx_word' id='word_1_108' title='bbox 1836 1636 1894 1693; x_wconf 87' lang='lat' dir='ltr'><strong><em>si</em></strong></span> <span class='ocrx_word' id='word_1_109' title='bbox 1937 1636 2178 1708; x_wconf 83' lang='lat' dir='ltr'><strong><em>quidem</em></strong></span> <span class='ocrx_word' id='word_1_110' title='bbox 2220 1637 2539 1709; x_wconf 89' lang='lat' dir='ltr'><strong><em>adieceris,</em></strong></span> <span class='ocrx_word' id='word_1_111' title='bbox 2580 1639 2840 1711; x_wconf 80' lang='lat' dir='ltr'><strong><em>inquam,</em></strong></span> 
     </span>
     <span class='ocr_line' id='line_1_13' title="bbox 555 1738 2837 1817; baseline 0.001 -17"><span class='ocrx_word' id='word_1_112' title='bbox 555 1743 631 1802; x_wconf 88' lang='lat' dir='ltr'><strong><em>de</em></strong></span> <span class='ocrx_word' id='word_1_113' title='bbox 677 1743 1180 1801; x_wconf 86' lang='lat' dir='ltr'><strong><em>extraordinario</em></strong></span> <span class='ocrx_word' id='word_1_114' title='bbox 1217 1743 1523 1817; x_wconf 79' lang='lat' dir='ltr'><strong><em>pecudum</em></strong></span> <span class='ocrx_word' id='word_1_115' title='bbox 1564 1738 1798 1814; x_wconf 87' lang='lat' dir='ltr'><strong><em>fructu,</em></strong></span> <span class='ocrx_word' id='word_1_116' title='bbox 1844 1747 1913 1800; x_wconf 91' lang='lat' dir='ltr'><strong><em>ut</em></strong></span> <span class='ocrx_word' id='word_1_117' title='bbox 1950 1743 2338 1817; x_wconf 86' lang='lat' dir='ltr'><strong><em>praedictum</em></strong></span> <span class='ocrx_word' id='word_1_118' title='bbox 2384 1749 2496 1816; x_wconf 90' lang='lat' dir='ltr'><strong><em>est,</em></strong></span> <span class='ocrx_word' id='word_1_119' title='bbox 2545 1745 2622 1802; x_wconf 87' lang='lat' dir='ltr'><strong><em>de</em></strong></span> <span class='ocrx_word' id='word_1_120' title='bbox 2668 1746 2837 1817; x_wconf 87' lang='lat' dir='ltr'><strong><em>lacte,</em></strong></span> 
     </span>
     <span class='ocr_line' id='line_1_14' title="bbox 554 1850 2842 1924; baseline 0 -16"><span class='ocrx_word' id='word_1_121' title='bbox 554 1851 816 1922; x_wconf 80' lang='lat' dir='ltr'><strong><em>inquam,</em></strong></span> <span class='ocrx_word' id='word_1_122' title='bbox 865 1855 922 1908; x_wconf 88' lang='lat' dir='ltr'><strong><em>et</em></strong></span> <span class='ocrx_word' id='word_1_123' title='bbox 968 1855 1220 1908; x_wconf 88' lang='lat' dir='ltr'><strong><em>tonsura</em></strong></span> <span class='ocrx_word' id='word_1_124' title='bbox 1266 1852 1460 1909; x_wconf 90' lang='lat' dir='ltr'><strong><em>lanae.</em></strong></span> <span class='ocrx_word' id='word_1_125' title='bbox 1553 1851 1713 1908; x_wconf 84' lang='lat' dir='ltr'><strong><em>lacte</em></strong></span> <span class='ocrx_word' id='word_1_126' title='bbox 1759 1854 1849 1908; x_wconf 83' lang='lat' dir='ltr'><strong><em>est</em></strong></span> <span class='ocrx_word' id='word_1_127' title='bbox 1892 1850 2154 1908; x_wconf 87' lang='lat' dir='ltr'><strong><em>omnium</em></strong></span> <span class='ocrx_word' id='word_1_128' title='bbox 2200 1865 2409 1909; x_wconf 86' lang='lat' dir='ltr'><strong><em>rerum</em></strong></span> <span class='ocrx_word' id='word_1_129' title='bbox 2456 1867 2609 1924; x_wconf 81' lang='lat' dir='ltr'><strong><em>quas</em></strong></span> <span class='ocrx_word' id='word_1_130' title='bbox 2656 1851 2842 1910; x_wconf 85' lang='lat' dir='ltr'><strong><em>cibali</em></strong></span> 
     </span>
     <span class='ocr_line' id='line_1_15' title="bbox 561 1950 2836 2036; baseline 0 -21"><span class='ocrx_word' id='word_1_131' title='bbox 561 1973 753 2015; x_wconf 90' lang='lat' dir='ltr'><strong><em>causa</em></strong></span> <span class='ocrx_word' id='word_1_132' title='bbox 799 1958 1098 2032; x_wconf 87' lang='lat' dir='ltr'><strong><em>capimus,</em></strong></span> <span class='ocrx_word' id='word_1_133' title='bbox 1145 1957 1496 2030; x_wconf 82' lang='lat' dir='ltr'><strong><em>liquentium</em></strong></span> <span class='ocrx_word' id='word_1_134' title='bbox 1555 1957 1820 2015; x_wconf 81' lang='lat' dir='ltr'><strong><em>maxime</em></strong></span> <span class='ocrx_word' id='word_1_135' title='bbox 1866 1957 2071 2015; x_wconf 85' lang='lat' dir='ltr'><strong><em>alibile</em></strong></span> <span class='ocrx_word' id='word_1_136' title='bbox 2117 1953 2367 2015; x_wconf 85' lang='lat' dir='ltr'><strong><em>Ursinus</em></strong></span> <span class='ocrx_word' id='word_1_137' title='bbox 2417 1950 2519 2015; x_wconf 76' lang='lat' dir='ltr'><strong><em>‘ex</em></strong></span> <span class='ocrx_word' id='word_1_138' title='bbox 2580 1957 2836 2036; x_wconf 85' lang='lat' dir='ltr'><strong><em>vestigiis</em></strong></span> 
     </span>
     <span class='ocr_line' id='line_1_16' title="bbox 553 2056 2835 2142; baseline 0.001 -21"><span class='ocrx_word' id='word_1_139' title='bbox 553 2064 771 2123; x_wconf 85' lang='lat' dir='ltr'><strong><em>veteris</em></strong></span> <span class='ocrx_word' id='word_1_140' title='bbox 829 2056 1210 2142; x_wconf 85' lang='lat' dir='ltr'><strong><em>scripturae&#39;.</em></strong></span> <span class='ocrx_word' id='word_1_141' title='bbox 1302 2070 1371 2122; x_wconf 89' lang='lat' dir='ltr'><strong><em>ut</em></strong></span> <span class='ocrx_word' id='word_1_142' title='bbox 1426 2065 1814 2138; x_wconf 81' lang='lat' dir='ltr'><strong><em>praedictum</em></strong></span> <span class='ocrx_word' id='word_1_143' title='bbox 1879 2069 1969 2122; x_wconf 83' lang='lat' dir='ltr'><strong><em>est</em></strong></span> <span class='ocrx_word' id='word_1_144' title='bbox 2022 2065 2098 2122; x_wconf 92' lang='lat' dir='ltr'><strong><em>de</em></strong></span> <span class='ocrx_word' id='word_1_145' title='bbox 2153 2066 2311 2123; x_wconf 86' lang='lat' dir='ltr'><strong><em>lacte</em></strong></span> <span class='ocrx_word' id='word_1_146' title='bbox 2365 2081 2546 2124; x_wconf 87' lang='lat' dir='ltr'><strong><em>caseo</em></strong></span> <span class='ocrx_word' id='word_1_147' title='bbox 2602 2072 2663 2125; x_wconf 86' lang='lat' dir='ltr'><strong><em>et</em></strong></span> <span class='ocrx_word' id='word_1_148' title='bbox 2714 2072 2835 2124; x_wconf 90' lang='lat' dir='ltr'><strong><em>ton·</em></strong></span> 
     </span>
     <span class='ocr_line' id='line_1_17' title="bbox 552 2171 2837 2249; baseline 0.001 -20"><span class='ocrx_word' id='word_1_149' title='bbox 552 2187 719 2230; x_wconf 88' lang='lat' dir='ltr'><strong><em>sura.</em></strong></span> <span class='ocrx_word' id='word_1_150' title='bbox 810 2174 995 2246; x_wconf 84' lang='lat' dir='ltr'><strong><em>lacte,</em></strong></span> <span class='ocrx_word' id='word_1_151' title='bbox 1060 2172 1174 2249; x_wconf 90' lang='lat' dir='ltr'><strong><em>ait,</em></strong></span> <span class='ocrx_word' id='word_1_152' title='bbox 1241 2171 1503 2230; x_wconf 90' lang='lat' dir='ltr'><strong><em>omnium</em></strong></span> <span class='ocrx_word' id='word_1_153' title='bbox 1568 2186 1779 2229; x_wconf 86' lang='lat' dir='ltr'><strong><em>rerum</em></strong></span> <span class='ocrx_word' id='word_1_154' title='bbox 1844 2187 1996 2244; x_wconf 81' lang='lat' dir='ltr'><strong><em>quas</em></strong></span> <span class='ocrx_word' id='word_1_155' title='bbox 2063 2171 2252 2229; x_wconf 71' lang='lat' dir='ltr'><strong><em>cibati</em></strong></span> <span class='ocrx_word' id='word_1_156' title='bbox 2311 2187 2504 2230; x_wconf 88' lang='lat' dir='ltr'><strong><em>causa</em></strong></span> <span class='ocrx_word' id='word_1_157' title='bbox 2570 2174 2837 2248; x_wconf 78' lang='lat' dir='ltr'><strong><em>capimus</em></strong></span> 
     </span>
     <span class='ocr_line' id='line_1_18' title="bbox 558 2272 2836 2355; baseline 0.001 -20"><span class='ocrx_word' id='word_1_158' title='bbox 558 2275 886 2336; x_wconf 82' lang='lat' dir='ltr'><strong><em>Pontedera</em></strong></span> <span class='ocrx_word' id='word_1_159' title='bbox 926 2296 979 2355; x_wconf 92' lang='lat' dir='ltr'><strong><em>p.</em></strong></span> <span class='ocrx_word' id='word_1_160' title='bbox 1020 2272 1169 2337; x_wconf 84' lang='lat'>443.</span> <span class='ocrx_word' id='word_1_161' title='bbox 1246 2275 1319 2334; x_wconf 91' lang='lat' dir='ltr'><strong><em>de</em></strong></span> <span class='ocrx_word' id='word_1_162' title='bbox 1358 2275 1826 2335; x_wconf 88' lang='lat' dir='ltr'><strong><em>extraordinario</em></strong></span> <span class='ocrx_word' id='word_1_163' title='bbox 1866 2275 2161 2354; x_wconf 83' lang='lat' dir='ltr'><strong><em>pecudum</em></strong></span> <span class='ocrx_word' id='word_1_164' title='bbox 2211 2277 2407 2336; x_wconf 86' lang='lat' dir='ltr'><strong><em>fructu</em></strong></span> <span class='ocrx_word' id='word_1_165' title='bbox 2448 2276 2672 2337; x_wconf 87' lang='lat' dir='ltr'><strong><em>dictum</em></strong></span> <span class='ocrx_word' id='word_1_166' title='bbox 2711 2287 2836 2337; x_wconf 89' lang='lat' dir='ltr'><strong><em>erat</em></strong></span> 
     </span>
     <span class='ocr_line' id='line_1_19' title="bbox 552 2380 2837 2463; baseline 0.002 -21"><span class='ocrx_word' id='word_1_167' title='bbox 552 2401 729 2462; x_wconf 88' lang='lat' dir='ltr'><strong><em>supra</em></strong></span> <span class='ocrx_word' id='word_1_168' title='bbox 777 2381 830 2442; x_wconf 93' lang='grc' dir='ltr'><strong><em>ΙΙ</em></strong></span> <span class='ocrx_word' id='word_1_169' title='bbox 877 2383 938 2463; x_wconf 91' lang='lat' dir='ltr'><strong><em>l,</em></strong></span> <span class='ocrx_word' id='word_1_170' title='bbox 979 2380 1061 2445; x_wconf 80' lang='lat'><strong><em>28</em></strong></span> <span class='ocrx_word' id='word_1_171' title='bbox 1119 2387 1666 2445; x_wconf 80' lang='lat' dir='ltr'><strong><em>extraordinariae</em></strong></span> <span class='ocrx_word' id='word_1_172' title='bbox 1715 2382 1989 2458; x_wconf 85' lang='lat' dir='ltr'><strong><em>fructum</em></strong></span> <span class='ocrx_word' id='word_1_173' title='bbox 2048 2386 2278 2460; x_wconf 89' lang='lat' dir='ltr'><strong><em>species</em></strong></span> <span class='ocrx_word' id='word_1_174' title='bbox 2324 2386 2485 2445; x_wconf 87' lang='lat' dir='ltr'><strong><em>duae</em></strong></span> <span class='ocrx_word' id='word_1_175' title='bbox 2537 2388 2837 2446; x_wconf 87' lang='lat' dir='ltr'><strong><em>accedunt</em></strong></span> 
     </span>
     <span class='ocr_line' id='line_1_20' title="bbox 553 2493 2835 2570; baseline 0.001 -21"><span class='ocrx_word' id='word_1_176' title='bbox 553 2508 837 2570; x_wconf 63' lang='lat' dir='ltr'><strong><em>mamae,</em></strong></span> <span class='ocrx_word' id='word_1_177' title='bbox 884 2508 1145 2566; x_wconf 82' lang='lat' dir='ltr'><strong><em>quarum</em></strong></span> <span class='ocrx_word' id='word_1_178' title='bbox 1190 2509 1315 2552; x_wconf 88' lang='lat' dir='ltr'><strong><em>una</em></strong></span> <span class='ocrx_word' id='word_1_179' title='bbox 1363 2498 1452 2551; x_wconf 87' lang='lat' dir='ltr'><strong><em>est</em></strong></span> <span class='ocrx_word' id='word_1_180' title='bbox 1496 2498 1775 2565; x_wconf 83' lang='lat' dir='ltr'><strong><em>tonsura,</em></strong></span> <span class='ocrx_word' id='word_1_181' title='bbox 1824 2522 1908 2533; x_wconf 89' lang='lat'>—</span> <span class='ocrx_word' id='word_1_182' title='bbox 1956 2493 2179 2564; x_wconf 87' lang='lat' dir='ltr'><strong><em>altera,</em></strong></span> <span class='ocrx_word' id='word_1_183' title='bbox 2226 2508 2386 2565; x_wconf 80' lang='lat' dir='ltr'><strong><em>quae</em></strong></span> <span class='ocrx_word' id='word_1_184' title='bbox 2430 2495 2614 2552; x_wconf 83' lang='lat' dir='ltr'><strong><em>latius</em></strong></span> <span class='ocrx_word' id='word_1_185' title='bbox 2652 2500 2835 2569; x_wconf 87' lang='lat' dir='ltr'><strong><em>patet,</em></strong></span> 
     </span>
     <span class='ocr_line' id='line_1_21' title="bbox 556 2598 2834 2678; baseline 0 -20"><span class='ocrx_word' id='word_1_186' title='bbox 556 2601 633 2658; x_wconf 88' lang='lat' dir='ltr'><strong><em>de</em></strong></span> <span class='ocrx_word' id='word_1_187' title='bbox 677 2603 836 2659; x_wconf 86' lang='lat' dir='ltr'><strong><em>lacte</em></strong></span> <span class='ocrx_word' id='word_1_188' title='bbox 882 2606 940 2659; x_wconf 87' lang='lat' dir='ltr'><strong><em>et</em></strong></span> <span class='ocrx_word' id='word_1_189' title='bbox 985 2617 1179 2660; x_wconf 88' lang='lat' dir='ltr'><strong><em>caseo.</em></strong></span> <span class='ocrx_word' id='word_1_190' title='bbox 1271 2599 1342 2658; x_wconf 89' lang='lat' dir='ltr'><strong><em>ad</em></strong></span> <span class='ocrx_word' id='word_1_191' title='bbox 1391 2599 1534 2659; x_wconf 87' lang='lat' dir='ltr'><strong><em>haec</em></strong></span> <span class='ocrx_word' id='word_1_192' title='bbox 1582 2598 1927 2659; x_wconf 82' lang='lat' dir='ltr'><strong><em>referuntur</em></strong></span> <span class='ocrx_word' id='word_1_193' title='bbox 1974 2617 2037 2658; x_wconf 91' lang='lat' dir='ltr'><strong><em>ea</em></strong></span> <span class='ocrx_word' id='word_1_194' title='bbox 2088 2617 2237 2677; x_wconf 85' lang='lat' dir='ltr'><strong><em>quae</em></strong></span> <span class='ocrx_word' id='word_1_195' title='bbox 2285 2599 2397 2658; x_wconf 89' lang='lat' dir='ltr'><strong><em>hoc</em></strong></span> <span class='ocrx_word' id='word_1_196' title='bbox 2444 2598 2573 2659; x_wconf 88' lang='lat' dir='ltr'><strong><em>loco</em></strong></span> <span class='ocrx_word' id='word_1_197' title='bbox 2622 2602 2834 2678; x_wconf 87' lang='lat' dir='ltr'><strong><em>scripta</em></strong></span> 
     </span>
     <span class='ocr_line' id='line_1_22' title="bbox 554 2708 2834 2786; baseline 0.002 -22"><span class='ocrx_word' id='word_1_198' title='bbox 554 2714 712 2786; x_wconf 83' lang='lat' dir='ltr'><strong><em>sunt,</em></strong></span> <span class='ocrx_word' id='word_1_199' title='bbox 758 2709 816 2765; x_wconf 89' lang='lat' dir='ltr'><strong><em>si</em></strong></span> <span class='ocrx_word' id='word_1_200' title='bbox 857 2709 1114 2781; x_wconf 80' lang='lat' dir='ltr'><strong><em>quidem,</em></strong></span> <span class='ocrx_word' id='word_1_201' title='bbox 1162 2709 1424 2786; x_wconf 82' lang='lat' dir='ltr'><strong><em>inquam,</em></strong></span> <span class='ocrx_word' id='word_1_202' title='bbox 1470 2709 1823 2767; x_wconf 82' lang='lat' dir='ltr'><strong><em>adieceritis</em></strong></span> <span class='ocrx_word' id='word_1_203' title='bbox 1870 2708 1945 2767; x_wconf 89' lang='lat' dir='ltr'><strong><em>de</em></strong></span> <span class='ocrx_word' id='word_1_204' title='bbox 1991 2709 2494 2768; x_wconf 87' lang='lat' dir='ltr'><strong><em>extraordinario</em></strong></span> <span class='ocrx_word' id='word_1_205' title='bbox 2534 2710 2834 2784; x_wconf 86' lang='lat' dir='ltr'><strong><em>pecudum</em></strong></span> 
     </span>
     <span class='ocr_line' id='line_1_23' title="bbox 546 2810 2833 2900; baseline 0.002 -29"><span class='ocrx_word' id='word_1_206' title='bbox 546 2810 779 2893; x_wconf 88' lang='lat' dir='ltr'><strong><em>fructu,</em></strong></span> <span class='ocrx_word' id='word_1_207' title='bbox 826 2820 895 2874; x_wconf 84' lang='lat' dir='ltr'><strong><em>ut</em></strong></span> <span class='ocrx_word' id='word_1_208' title='bbox 930 2816 1320 2890; x_wconf 87' lang='lat' dir='ltr'><strong><em>praedictum</em></strong></span> <span class='ocrx_word' id='word_1_209' title='bbox 1367 2820 1477 2886; x_wconf 88' lang='lat' dir='ltr'><strong><em>est,</em></strong></span> <span class='ocrx_word' id='word_1_210' title='bbox 1526 2816 1603 2873; x_wconf 95' lang='lat' dir='ltr'><strong><em>de</em></strong></span> <span class='ocrx_word' id='word_1_211' title='bbox 1656 2817 1816 2873; x_wconf 84' lang='lat' dir='ltr'><strong><em>lacte</em></strong></span> <span class='ocrx_word' id='word_1_212' title='bbox 1871 2816 1933 2873; x_wconf 91' lang='lat' dir='ltr'><strong><em>in</em></strong></span> <span class='ocrx_word' id='word_1_213' title='bbox 1989 2830 2058 2873; x_wconf 96' lang='lat' dir='ltr'><strong><em>eo</em></strong></span> <span class='ocrx_word' id='word_1_214' title='bbox 2114 2821 2174 2874; x_wconf 88' lang='lat' dir='ltr'><strong><em>et</em></strong></span> <span class='ocrx_word' id='word_1_215' title='bbox 2233 2821 2502 2900; x_wconf 78' lang='lat' dir='ltr'><strong><em>tonsura.</em></strong></span> <span class='ocrx_word' id='word_1_216' title='bbox 2595 2833 2726 2875; x_wconf 88' lang='lat' dir='ltr'><strong><em>nam</em></strong></span> <span class='ocrx_word' id='word_1_217' title='bbox 2776 2819 2833 2876; x_wconf 87' lang='lat' dir='ltr'><strong><em>in</em></strong></span> 
     </span>
     <span class='ocr_line' id='line_1_24' title="bbox 555 2919 2832 3002; baseline 0.002 -23"><span class='ocrx_word' id='word_1_218' title='bbox 555 2937 641 2993; x_wconf 92' lang='lat' dir='ltr'><strong><em>eo,</em></strong></span> <span class='ocrx_word' id='word_1_219' title='bbox 689 2919 760 2978; x_wconf 94' lang='lat' dir='ltr'><strong><em>de</em></strong></span> <span class='ocrx_word' id='word_1_220' title='bbox 811 2939 927 2999; x_wconf 91' lang='lat' dir='ltr'><strong><em>quo</em></strong></span> <span class='ocrx_word' id='word_1_221' title='bbox 976 2919 1364 2980; x_wconf 86' lang='lat' dir='ltr'><strong><em>dubitandum</em></strong></span> <span class='ocrx_word' id='word_1_222' title='bbox 1414 2938 1531 2979; x_wconf 92' lang='lat' dir='ltr'><strong><em>non</em></strong></span> <span class='ocrx_word' id='word_1_223' title='bbox 1578 2928 1724 3000; x_wconf 86' lang='lat' dir='ltr'><strong><em>erat,</em></strong></span> <span class='ocrx_word' id='word_1_224' title='bbox 1768 2920 1908 2998; x_wconf 89' lang='lat' dir='ltr'><strong><em>quid</em></strong></span> <span class='ocrx_word' id='word_1_225' title='bbox 1957 2921 2051 3001; x_wconf 85' lang='lat' dir='ltr'><strong><em>sit,</em></strong></span> <span class='ocrx_word' id='word_1_226' title='bbox 2100 2920 2405 2999; x_wconf 81' lang='lat' dir='ltr'><strong><em>apparebit</em></strong></span> <span class='ocrx_word' id='word_1_227' title='bbox 2450 2939 2520 2981; x_wconf 92' lang='lat' dir='ltr'><strong><em>ex</em></strong></span> <span class='ocrx_word' id='word_1_228' title='bbox 2568 2924 2641 2982; x_wconf 88' lang='lat' dir='ltr'><strong><em>iis</em></strong></span> <span class='ocrx_word' id='word_1_229' title='bbox 2688 2941 2832 3002; x_wconf 91' lang='lat' dir='ltr'><strong><em>quae</em></strong></span> 
     </span>
     <span class='ocr_line' id='line_1_25' title="bbox 551 3023 2833 3112; baseline 0.003 -28"><span class='ocrx_word' id='word_1_230' title='bbox 551 3025 624 3085; x_wconf 92' lang='lat' dir='ltr'><strong><em>de</em></strong></span> <span class='ocrx_word' id='word_1_231' title='bbox 681 3044 745 3086; x_wconf 89' lang='lat' dir='ltr'><strong><em>ea</em></strong></span> <span class='ocrx_word' id='word_1_232' title='bbox 804 3026 1053 3087; x_wconf 83' lang='lat' dir='ltr'><strong><em>formula</em></strong></span> <span class='ocrx_word' id='word_1_233' title='bbox 1110 3026 1228 3086; x_wconf 88' lang='lat' dir='ltr'><strong><em>dixi</em></strong></span> <span class='ocrx_word' id='word_1_234' title='bbox 1294 3024 1461 3107; x_wconf 85' lang='lat'><strong>117,</strong></span> <span class='ocrx_word' id='word_1_235' title='bbox 1501 3023 1557 3087; x_wconf 86' lang='lat'><strong><em>3.</em></strong></span> <span class='ocrx_word' id='word_1_236' title='bbox 1653 3026 1864 3086; x_wconf 90' lang='lat' dir='ltr'><strong><em>deiude</em></strong></span> <span class='ocrx_word' id='word_1_237' title='bbox 1929 3026 2002 3086; x_wconf 92' lang='lat' dir='ltr'><strong><em>de</em></strong></span> <span class='ocrx_word' id='word_1_238' title='bbox 2068 3026 2216 3086; x_wconf 88' lang='lat' dir='ltr'><strong><em>lacte</em></strong></span> <span class='ocrx_word' id='word_1_239' title='bbox 2282 3039 2617 3106; x_wconf 86' lang='lat' dir='ltr'><strong><em>sequuntur</em></strong></span> <span class='ocrx_word' id='word_1_240' title='bbox 2676 3030 2833 3112; x_wconf 84' lang='lat' dir='ltr'><strong><em>haec,</em></strong></span> 
     </span>
     <span class='ocr_line' id='line_1_26' title="bbox 555 3136 2831 3211; baseline 0.002 -19"><span class='ocrx_word' id='word_1_241' title='bbox 555 3136 714 3193; x_wconf 89' lang='lat' dir='ltr'><strong><em>lacte</em></strong></span> <span class='ocrx_word' id='word_1_242' title='bbox 770 3141 859 3194; x_wconf 92' lang='lat' dir='ltr'><strong><em>est</em></strong></span> <span class='ocrx_word' id='word_1_243' title='bbox 912 3137 1173 3195; x_wconf 88' lang='lat' dir='ltr'><strong><em>omnium</em></strong></span> <span class='ocrx_word' id='word_1_244' title='bbox 1228 3151 1462 3208; x_wconf 88' lang='lat' dir='ltr'><strong><em>rerum,</em></strong></span> <span class='ocrx_word' id='word_1_245' title='bbox 1508 3151 1662 3208; x_wconf 80' lang='lat' dir='ltr'><strong><em>quas</em></strong></span> <span class='ocrx_word' id='word_1_246' title='bbox 1716 3136 1842 3194; x_wconf 85' lang='lat' dir='ltr'><strong><em>cibi</em></strong></span> <span class='ocrx_word' id='word_1_247' title='bbox 1893 3151 2085 3194; x_wconf 88' lang='lat' dir='ltr'><strong><em>causa</em></strong></span> <span class='ocrx_word' id='word_1_248' title='bbox 2141 3137 2437 3210; x_wconf 82' lang='lat' dir='ltr'><strong><em>capimus,</em></strong></span> <span class='ocrx_word' id='word_1_249' title='bbox 2487 3139 2831 3211; x_wconf 82' lang='lat' dir='ltr'><strong><em>liquentium</em></strong></span> 
     </span>
     <span class='ocr_line' id='line_1_27' title="bbox 551 3239 2827 3321; baseline 0.002 -23"><span class='ocrx_word' id='word_1_250' title='bbox 551 3242 814 3300; x_wconf 88' lang='lat' dir='ltr'><strong><em>maxime</em></strong></span> <span class='ocrx_word' id='word_1_251' title='bbox 859 3242 1089 3315; x_wconf 63' lang='lat' dir='ltr'><strong><em>alioue,</em></strong></span> <span class='ocrx_word' id='word_1_252' title='bbox 1127 3247 1186 3301; x_wconf 88' lang='lat' dir='ltr'><strong><em>et</em></strong></span> <span class='ocrx_word' id='word_1_253' title='bbox 1231 3243 1299 3300; x_wconf 87' lang='lat' dir='ltr'><strong><em>id</em></strong></span> <span class='ocrx_word' id='word_1_254' title='bbox 1340 3243 1606 3313; x_wconf 84' lang='lat' dir='ltr'><strong><em>ovillum,</em></strong></span> <span class='ocrx_word' id='word_1_255' title='bbox 1655 3243 1795 3301; x_wconf 84' lang='lat' dir='ltr'><strong><em>dein</em></strong></span> <span class='ocrx_word' id='word_1_256' title='bbox 1841 3243 2191 3321; x_wconf 86' lang='lat' dir='ltr'><strong><em>caprinum,</em></strong></span> <span class='ocrx_word' id='word_1_257' title='bbox 2241 3239 2341 3299; x_wconf 88' lang='lat' dir='ltr'><strong><em>ubi</em></strong></span> <span class='ocrx_word' id='word_1_258' title='bbox 2388 3259 2496 3320; x_wconf 90' lang='lat' dir='ltr'><strong><em>pro</em></strong></span> <span class='ocrx_word' id='word_1_259' title='bbox 2545 3245 2726 3304; x_wconf 89' lang='lat' dir='ltr'><strong><em>lanae</em></strong></span> <span class='ocrx_word' id='word_1_260' title='bbox 2762 3262 2827 3303; x_wconf 87' lang='lat' dir='ltr'><strong><em>ex</em></strong></span> 
     </span>
     <span class='ocr_line' id='line_1_28' title="bbox 555 3344 2828 3429; baseline 0.003 -25"><span class='ocrx_word' id='word_1_261' title='bbox 555 3344 920 3406; x_wconf 87' lang='lat' dir='ltr'><strong><em>Pontederae</em></strong></span> <span class='ocrx_word' id='word_1_262' title='bbox 982 3349 1322 3407; x_wconf 87' lang='lat' dir='ltr'><strong><em>coniectura</em></strong></span> <span class='ocrx_word' id='word_1_263' title='bbox 1382 3347 1517 3406; x_wconf 92' lang='lat' dir='ltr'><strong><em>dedi</em></strong></span> <span class='ocrx_word' id='word_1_264' title='bbox 1572 3351 1750 3408; x_wconf 85' lang='lat' dir='ltr'><strong><em>lacte.</em></strong></span> <span class='ocrx_word' id='word_1_265' title='bbox 1843 3365 1974 3407; x_wconf 88' lang='lat' dir='ltr'><strong><em>nam</em></strong></span> <span class='ocrx_word' id='word_1_266' title='bbox 2032 3347 2195 3407; x_wconf 87' lang='lat' dir='ltr'><strong><em>lanae</em></strong></span> <span class='ocrx_word' id='word_1_267' title='bbox 2253 3357 2494 3409; x_wconf 81' lang='lat' dir='ltr'><strong><em>tonsura</em></strong></span> <span class='ocrx_word' id='word_1_268' title='bbox 2553 3368 2669 3410; x_wconf 88' lang='lat' dir='ltr'><strong><em>nou</em></strong></span> <span class='ocrx_word' id='word_1_269' title='bbox 2727 3359 2828 3429; x_wconf 87' lang='lat' dir='ltr'><strong><em>est,</em></strong></span> 
     </span>
     <span class='ocr_line' id='line_1_29' title="bbox 550 3451 2829 3535; baseline 0.004 -26"><span class='ocrx_word' id='word_1_270' title='bbox 550 3451 650 3510; x_wconf 89' lang='lat' dir='ltr'><strong><em>sed</em></strong></span> <span class='ocrx_word' id='word_1_271' title='bbox 703 3455 916 3515; x_wconf 88' lang='lat' dir='ltr'><strong><em>ovium.</em></strong></span> <span class='ocrx_word' id='word_1_272' title='bbox 1008 3456 1134 3514; x_wconf 85' lang='lat' dir='ltr'><strong><em>cibi</em></strong></span> <span class='ocrx_word' id='word_1_273' title='bbox 1177 3472 1368 3515; x_wconf 87' lang='lat' dir='ltr'><strong><em>causa</em></strong></span> <span class='ocrx_word' id='word_1_274' title='bbox 1417 3463 1577 3514; x_wconf 89' lang='lat' dir='ltr'><strong><em>recte</em></strong></span> <span class='ocrx_word' id='word_1_275' title='bbox 1628 3453 1871 3514; x_wconf 89' lang='lat' dir='ltr'><strong><em>dederat</em></strong></span> <span class='ocrx_word' id='word_1_276' title='bbox 1916 3453 2239 3515; x_wconf 74' lang='lat' dir='ltr'><strong><em>IucunduS.</em></strong></span> <span class='ocrx_word' id='word_1_277' title='bbox 2315 3455 2570 3534; x_wconf 89' lang='lat' dir='ltr'><strong><em>denique</em></strong></span> <span class='ocrx_word' id='word_1_278' title='bbox 2618 3476 2725 3535; x_wconf 97' lang='lat' dir='ltr'><strong><em>pro</em></strong></span> <span class='ocrx_word' id='word_1_279' title='bbox 2772 3460 2829 3517; x_wconf 86' lang='lat' dir='ltr'><strong><em>in</em></strong></span> 
     </span>
     <span class='ocr_line' id='line_1_30' title="bbox 550 3561 2826 3646; baseline 0.001 -27"><span class='ocrx_word' id='word_1_280' title='bbox 550 3563 896 3635; x_wconf 86' lang='lat' dir='ltr'><strong><em>caprinum,</em></strong></span> <span class='ocrx_word' id='word_1_281' title='bbox 955 3561 1108 3640; x_wconf 92' lang='lat' dir='ltr'><strong><em>quod</em></strong></span> <span class='ocrx_word' id='word_1_282' title='bbox 1169 3561 1306 3621; x_wconf 90' lang='lat' dir='ltr'><strong><em>olim</em></strong></span> <span class='ocrx_word' id='word_1_283' title='bbox 1367 3572 1661 3646; x_wconf 85' lang='lat' dir='ltr'><strong><em>tamquam</em></strong></span> <span class='ocrx_word' id='word_1_284' title='bbox 1721 3564 1990 3641; x_wconf 88' lang='lat' dir='ltr'><strong><em>spurium</em></strong></span> <span class='ocrx_word' id='word_1_285' title='bbox 2047 3571 2106 3622; x_wconf 87' lang='lat' dir='ltr'><strong><em>et</em></strong></span> <span class='ocrx_word' id='word_1_286' title='bbox 2163 3572 2359 3623; x_wconf 89' lang='lat' dir='ltr'><strong><em>ortum</em></strong></span> <span class='ocrx_word' id='word_1_287' title='bbox 2416 3580 2485 3622; x_wconf 90' lang='lat' dir='ltr'><strong><em>ex</em></strong></span> <span class='ocrx_word' id='word_1_288' title='bbox 2544 3582 2615 3623; x_wconf 91' lang='lat' dir='ltr'><strong><em>eo</em></strong></span> <span class='ocrx_word' id='word_1_289' title='bbox 2677 3562 2826 3643; x_wconf 89' lang='lat' dir='ltr'><strong><em>quod</em></strong></span> 
     </span>
     <span class='ocr_line' id='line_1_31' title="bbox 552 3669 2827 3749; baseline 0.002 -24"><span class='ocrx_word' id='word_1_290' title='bbox 552 3669 823 3744; x_wconf 81' lang='lat' dir='ltr'><strong><em>sequitur</em></strong></span> <span class='ocrx_word' id='word_1_291' title='bbox 870 3675 993 3727; x_wconf 88' lang='lat' dir='ltr'><strong><em>tum</em></strong></span> <span class='ocrx_word' id='word_1_292' title='bbox 1041 3671 1363 3744; x_wconf 84' lang='lat' dir='ltr'><strong><em>caprinum</em></strong></span> <span class='ocrx_word' id='word_1_293' title='bbox 1411 3677 1767 3749; x_wconf 86' lang='lat' dir='ltr'><strong><em>notaveram,</em></strong></span> <span class='ocrx_word' id='word_1_294' title='bbox 1820 3671 1961 3730; x_wconf 89' lang='lat' dir='ltr'><strong><em>dein</em></strong></span> <span class='ocrx_word' id='word_1_295' title='bbox 2008 3673 2331 3746; x_wconf 87' lang='lat' dir='ltr'><strong><em>caprinum</em></strong></span> <span class='ocrx_word' id='word_1_296' title='bbox 2377 3672 2608 3748; x_wconf 89' lang='lat' dir='ltr'><strong><em>scripsi.</em></strong></span> <span class='ocrx_word' id='word_1_297' title='bbox 2701 3688 2827 3730; x_wconf 87' lang='lat' dir='ltr'><strong><em>nam</em></strong></span> 
     </span>
     <span class='ocr_line' id='line_1_32' title="bbox 554 3773 2825 3856; baseline 0.003 -26"><span class='ocrx_word' id='word_1_298' title='bbox 554 3775 803 3838; x_wconf 84' lang='lat' dir='ltr'><strong><em>maxime</em></strong></span> <span class='ocrx_word' id='word_1_299' title='bbox 852 3773 1045 3834; x_wconf 84' lang='lat' dir='ltr'><strong><em>alibile</em></strong></span> <span class='ocrx_word' id='word_1_300' title='bbox 1094 3784 1186 3834; x_wconf 90' lang='lat' dir='ltr'><strong><em>est</em></strong></span> <span class='ocrx_word' id='word_1_301' title='bbox 1224 3773 1460 3835; x_wconf 82' lang='lat' dir='ltr'><strong><em>ovinum</em></strong></span> <span class='ocrx_word' id='word_1_302' title='bbox 1511 3776 1617 3856; x_wconf 84' lang='lat' dir='ltr'><strong><em>lac,</em></strong></span> <span class='ocrx_word' id='word_1_303' title='bbox 1655 3784 1790 3854; x_wconf 87' lang='lat' dir='ltr'><strong><em>post</em></strong></span> <span class='ocrx_word' id='word_1_304' title='bbox 1829 3775 1938 3835; x_wconf 88' lang='lat' dir='ltr'><strong><em>hoc</em></strong></span> <span class='ocrx_word' id='word_1_305' title='bbox 1977 3777 2303 3854; x_wconf 90' lang='lat' dir='ltr'><strong><em>caprinum.</em></strong></span> <span class='ocrx_word' id='word_1_306' title='bbox 2377 3775 2598 3837; x_wconf 89' lang='lat' dir='ltr'><strong><em>tributa</em></strong></span> <span class='ocrx_word' id='word_1_307' title='bbox 2637 3789 2825 3838; x_wconf 88' lang='lat' dir='ltr'><strong><em>autem</em></strong></span> 
     </span>
     <span class='ocr_line' id='line_1_33' title="bbox 557 3879 2825 3963; baseline 0.002 -25"><span class='ocrx_word' id='word_1_308' title='bbox 557 3888 649 3939; x_wconf 87' lang='lat' dir='ltr'><strong><em>est</em></strong></span> <span class='ocrx_word' id='word_1_309' title='bbox 695 3879 838 3941; x_wconf 89' lang='lat' dir='ltr'><strong><em>haec</em></strong></span> <span class='ocrx_word' id='word_1_310' title='bbox 878 3881 1198 3959; x_wconf 87' lang='lat' dir='ltr'><strong><em>disputatio</em></strong></span> <span class='ocrx_word' id='word_1_311' title='bbox 1246 3881 1318 3941; x_wconf 92' lang='lat' dir='ltr'><strong><em>de</em></strong></span> <span class='ocrx_word' id='word_1_312' title='bbox 1367 3881 1515 3942; x_wconf 89' lang='lat' dir='ltr'><strong><em>lacte</em></strong></span> <span class='ocrx_word' id='word_1_313' title='bbox 1564 3893 1625 3942; x_wconf 91' lang='lat' dir='ltr'><strong><em>et</em></strong></span> <span class='ocrx_word' id='word_1_314' title='bbox 1672 3892 1914 3942; x_wconf 88' lang='lat' dir='ltr'><strong><em>tonsura</em></strong></span> <span class='ocrx_word' id='word_1_315' title='bbox 1964 3881 2252 3963; x_wconf 85' lang='lat' dir='ltr'><strong><em>Cossinio,</em></strong></span> <span class='ocrx_word' id='word_1_316' title='bbox 2290 3885 2461 3943; x_wconf 89' lang='lat' dir='ltr'><strong><em>cuius</em></strong></span> <span class='ocrx_word' id='word_1_317' title='bbox 2508 3902 2704 3945; x_wconf 89' lang='lat' dir='ltr'><strong><em>sermo</em></strong></span> <span class='ocrx_word' id='word_1_318' title='bbox 2740 3884 2825 3944; x_wconf 85' lang='lat' dir='ltr'><strong><em>bis</em></strong></span> 
     </span>
     <span class='ocr_line' id='line_1_34' title="bbox 549 3985 2823 4069; baseline 0.003 -23"><span class='ocrx_word' id='word_1_319' title='bbox 549 3986 621 4046; x_wconf 89' lang='lat' dir='ltr'><strong><em>ab</em></strong></span> <span class='ocrx_word' id='word_1_320' title='bbox 671 3988 802 4066; x_wconf 90' lang='lat' dir='ltr'><strong><em>ipso</em></strong></span> <span class='ocrx_word' id='word_1_321' title='bbox 839 3985 1100 4047; x_wconf 84' lang='lat' dir='ltr'><strong><em>Varrone</em></strong></span> <span class='ocrx_word' id='word_1_322' title='bbox 1140 3988 1550 4068; x_wconf 85' lang='lat' dir='ltr'><strong><em>interpellatus</em></strong></span> <span class='ocrx_word' id='word_1_323' title='bbox 1588 3998 1698 4069; x_wconf 89' lang='lat' dir='ltr'><strong><em>est,</em></strong></span> <span class='ocrx_word' id='word_1_324' title='bbox 1737 3985 1779 4050; x_wconf 83' lang='lat'>5</span> <span class='ocrx_word' id='word_1_325' title='bbox 1825 4007 1945 4050; x_wconf 89' lang='lat' dir='ltr'><strong><em>non</em></strong></span> <span class='ocrx_word' id='word_1_326' title='bbox 1992 3993 2269 4065; x_wconf 75' lang='lat' dir='ltr'><strong><em>neyarim</em></strong></span> <span class='ocrx_word' id='word_1_327' title='bbox 2317 3993 2563 4066; x_wconf 83' lang='lat' dir='ltr'><strong><em>inquam</em></strong></span> <span class='ocrx_word' id='word_1_328' title='bbox 2601 4026 2671 4035; x_wconf 89' lang='lat'><em>-</em></span> <span class='ocrx_word' id='word_1_329' title='bbox 2708 3997 2823 4053; x_wconf 84' lang='lat' dir='ltr'><strong><em>lac-</em></strong></span> 
     </span>
     <span class='ocr_line' id='line_1_35' title="bbox 551 4092 2824 4177; baseline 0.002 -23"><span class='ocrx_word' id='word_1_330' title='bbox 551 4101 747 4155; x_wconf 87' lang='lat' dir='ltr'><strong><em>tantes</em></strong></span> <span class='ocrx_word' id='word_1_331' title='bbox 793 4113 833 4155; x_wconf 92' lang='lat' dir='ltr'><strong><em>a</em></strong></span> <span class='ocrx_word' id='word_1_332' title='bbox 880 4099 1039 4156; x_wconf 84' lang='lat' dir='ltr'><strong><em>lacte</em></strong></span> <span class='ocrx_word' id='word_1_333' title='bbox 1086 4102 1146 4154; x_wconf 86' lang='lat' dir='ltr'><strong><em>et</em></strong></span> <span class='ocrx_word' id='word_1_334' title='bbox 1196 4092 1279 4155; x_wconf 85' lang='lat'><strong><em>10</em></strong></span> <span class='ocrx_word' id='word_1_335' title='bbox 1325 4099 1563 4156; x_wconf 86' lang='lat' dir='ltr'><strong><em>omnino</em></strong></span> <span class='ocrx_word' id='word_1_336' title='bbox 1613 4104 1883 4156; x_wconf 87' lang='lat' dir='ltr'><strong><em>tonsores</em></strong></span> <span class='ocrx_word' id='word_1_337' title='bbox 1917 4128 1986 4137; x_wconf 83' lang='lat'><strong><em>—-</em></strong></span> <span class='ocrx_word' id='word_1_338' title='bbox 2027 4099 2282 4157; x_wconf 85' lang='lat' dir='ltr'><strong><em>barbam</em></strong></span> <span class='ocrx_word' id='word_1_339' title='bbox 2327 4114 2627 4174; x_wconf 69' lang='lat' dir='ltr'><strong><em>maynam.</em></strong></span> <span class='ocrx_word' id='word_1_340' title='bbox 2702 4117 2824 4177; x_wconf 91' lang='lat' dir='ltr'><strong><em>per-</em></strong></span> 
     </span>
     <span class='ocr_line' id='line_1_36' title="bbox 552 4201 2326 4282; baseline 0.002 -22"><span class='ocrx_word' id='word_1_341' title='bbox 552 4219 729 4261; x_wconf 90' lang='lat' dir='ltr'><strong><em>sonae</em></strong></span> <span class='ocrx_word' id='word_1_342' title='bbox 777 4201 1062 4261; x_wconf 91' lang='lat' dir='ltr'><strong><em>indicium</em></strong></span> <span class='ocrx_word' id='word_1_343' title='bbox 1112 4201 1402 4261; x_wconf 82' lang='lat' dir='ltr'><strong><em>excidisse</em></strong></span> <span class='ocrx_word' id='word_1_344' title='bbox 1450 4204 1787 4282; x_wconf 88' lang='lat' dir='ltr'><strong><em>suspicatus</em></strong></span> <span class='ocrx_word' id='word_1_345' title='bbox 1836 4212 1964 4263; x_wconf 87' lang='lat' dir='ltr'><strong><em>erat</em></strong></span> <span class='ocrx_word' id='word_1_346' title='bbox 2010 4202 2326 4264; x_wconf 80' lang='lat' dir='ltr'><strong><em>GesneruS.</em></strong></span> 
     </span>
    </p>

    <p class='ocr_par' dir='ltr' id='par_1_3' title="bbox 549 4304 2823 4614">
     <span class='ocr_line' id='line_1_37' title="bbox 729 4304 2823 4389; baseline 0 -22"><span class='ocrx_word' id='word_1_347' title='bbox 729 4304 768 4367; x_wconf 82' lang='lat'><strong><em>2</em></strong></span> <span class='ocrx_word' id='word_1_348' title='bbox 818 4306 1078 4368; x_wconf 89' lang='lat' dir='ltr'><strong><em>Horum</em></strong></span> <span class='ocrx_word' id='word_1_349' title='bbox 1128 4317 1296 4369; x_wconf 88' lang='lat' dir='ltr'><strong><em>sunt</em></strong></span> <span class='ocrx_word' id='word_1_350' title='bbox 1341 4308 1763 4369; x_wconf 88' lang='lat' dir='ltr'><strong><em>discrimina</em></strong></span> <span class='ocrx_word' id='word_1_351' title='bbox 1805 4310 2142 4389; x_wconf 90' lang='lat' dir='ltr'><strong><em>quaedam</em></strong></span> <span class='ocrx_word' id='word_1_352' title='bbox 2184 4319 2255 4370; x_wconf 87' lang='lat' dir='ltr'><strong><em>et</em></strong></span> <span class='ocrx_word' id='word_1_353' title='bbox 2301 4330 2331 4371; x_wconf 93' lang='lat' dir='ltr'><strong><em>a</em></strong></span> <span class='ocrx_word' id='word_1_354' title='bbox 2370 4311 2823 4389; x_wconf 87' lang='lat' dir='ltr'><strong><em>pastionibus</em></strong></span> 
     </span>
     <span class='ocr_line' id='line_1_38' title="bbox 549 4414 2823 4497; baseline 0.001 -25"><span class='ocrx_word' id='word_1_355' title='bbox 549 4425 617 4472; x_wconf 92' lang='lat' dir='ltr'><strong><em>et</em></strong></span> <span class='ocrx_word' id='word_1_356' title='bbox 663 4433 693 4473; x_wconf 86' lang='lat' dir='ltr'><strong><em>a</em></strong></span> <span class='ocrx_word' id='word_1_357' title='bbox 751 4414 1097 4492; x_wconf 91' lang='lat' dir='ltr'><strong><em>pecudum</em></strong></span> <span class='ocrx_word' id='word_1_358' title='bbox 1157 4425 1410 4476; x_wconf 89' lang='lat' dir='ltr'><strong><em>natura</em></strong></span> <span class='ocrx_word' id='word_1_359' title='bbox 1468 4426 1536 4476; x_wconf 91' lang='lat' dir='ltr'><strong><em>et</em></strong></span> <span class='ocrx_word' id='word_1_360' title='bbox 1594 4435 1621 4474; x_wconf 90' lang='lat' dir='ltr'><strong><em>a</em></strong></span> <span class='ocrx_word' id='word_1_361' title='bbox 1678 4425 1871 4476; x_wconf 85' lang='lat' dir='ltr'><strong><em>motu</em></strong></span> <span class='ocrx_word' id='word_1_362' title='bbox 1920 4436 1950 4476; x_wconf 94' lang='lat' dir='ltr'><strong><em>a</em></strong></span> <span class='ocrx_word' id='word_1_363' title='bbox 2000 4416 2453 4496; x_wconf 81' lang='lat' dir='ltr'><strong><em>pastionibus</em></strong></span> <span class='ocrx_word' id='word_1_364' title='bbox 2513 4419 2694 4497; x_wconf 89' lang='lat' dir='ltr'><strong><em>quod</em></strong></span> <span class='ocrx_word' id='word_1_365' title='bbox 2744 4419 2823 4477; x_wconf 85' lang='lat' dir='ltr'><strong><em>fit</em></strong></span> 
     </span>
     <span class='ocr_line' id='line_1_39' title="bbox 550 4519 2819 4614; baseline 0.003 -36"><span class='ocrx_word' id='word_1_366' title='bbox 550 4519 630 4579; x_wconf 88' lang='lat' dir='ltr'><strong><em>ab</em></strong></span> <span class='ocrx_word' id='word_1_367' title='bbox 677 4519 896 4580; x_wconf 89' lang='lat' dir='ltr'><strong><em>ordeo</em></strong></span> <span class='ocrx_word' id='word_1_368' title='bbox 952 4530 1019 4581; x_wconf 89' lang='lat' dir='ltr'><strong><em>et</em></strong></span> <span class='ocrx_word' id='word_1_369' title='bbox 1076 4523 1309 4600; x_wconf 88' lang='lat' dir='ltr'><strong><em>stupla</em></strong></span> <span class='ocrx_word' id='word_1_370' title='bbox 1367 4534 1434 4582; x_wconf 92' lang='lat' dir='ltr'><strong><em>et</em></strong></span> <span class='ocrx_word' id='word_1_371' title='bbox 1491 4525 1775 4583; x_wconf 89' lang='lat' dir='ltr'><strong><em>omnino</em></strong></span> <span class='ocrx_word' id='word_1_372' title='bbox 1834 4524 2031 4583; x_wconf 92' lang='lat' dir='ltr'><strong><em>arido</em></strong></span> <span class='ocrx_word' id='word_1_373' title='bbox 2090 4534 2158 4585; x_wconf 87' lang='lat' dir='ltr'><strong><em>et</em></strong></span> <span class='ocrx_word' id='word_1_374' title='bbox 2214 4526 2422 4614; x_wconf 81' lang='lat' dir='ltr'><strong><em>firmo</em></strong></span> <span class='ocrx_word' id='word_1_375' title='bbox 2488 4524 2648 4585; x_wconf 91' lang='lat' dir='ltr'><strong><em>cibo</em></strong></span> <span class='ocrx_word' id='word_1_376' title='bbox 2711 4543 2819 4604; x_wconf 89' lang='lat' dir='ltr'><strong><em>pe·</em></strong></span> 
     </span>
    </p>
   </div>
  </div>
 </body>
</html>
