3178 5185
608 443 734 505 120
1285 447 1666 502 ΟΟΜΜΕΝΤ.
1714 447 1793 501 IN
1830 447 2206 502 VARRONIS

599 605 1043 684 thagIniensi
1081 611 1151 664 et
1189 601 1503 680 oscensi]
1543 605 2041 679 Carthaginiensi
2058 602 2398 683 PolitianuS,
2428 605 2887 678 carthayinensi

598 711 689 772 vel
747 714 1167 786 cartaqinensz·
1220 709 1357 771 libri
1414 728 1591 770 manu
1660 713 1882 790 scripti.
1976 711 2352 789 transpositis
2415 708 2609 769 verbis
2677 712 2885 789 scripsi

598 823 710 880 alii
744 825 976 895 puteos,
1023 824 1091 878 ut
1137 821 1198 878 in
1246 818 1546 894 Hispania
1606 820 1896 879 citeriore
1953 821 2014 877 in
2072 835 2226 892 affro
2281 819 2781 892 Carthaqiniensi
2834 827 2887 878 et

606 927 872 988 Oscensi.
964 943 1097 985 nam
1160 927 1220 985 in
1268 923 1547 1003 Hispania
1606 926 1882 985 citeriore
1930 924 2077 985 duae
2126 925 2413 985 frumenti
2459 924 2757 985 condendi
2803 943 2884 984 ra—

599 1035 790 1093 tiones
847 1039 1156 1113 notantur,
1214 1030 1396 1091 altera
1464 1030 1573 1092 sub
1643 1039 1801 1091 terra
1867 1033 1927 1092 in
1995 1033 2217 1112 puteIS,
2276 1050 2425 1110 quae
2485 1039 2577 1092 est
2631 1033 2695 1092 in
2755 1050 2888 1110 agro

596 1138 1067 1219 Carthaginiensi
1114 1147 1173 1200 et
1220 1138 1503 1221 Oscensi,
1548 1138 1759 1221 altera,
1809 1156 1957 1217 quae
2014 1146 2219 1218 postea
2279 1137 2667 1222 describitur,
2717 1157 2888 1217 supra

599 1259 846 1328 terram,
895 1266 1030 1308 cum
1087 1248 1360 1326 granaria
1415 1247 1476 1307 in
1533 1264 1674 1324 agro
1737 1245 2010 1307 sublimia
2056 1246 2233 1328 fiunt,
2290 1246 2447 1325 quod
2503 1248 2564 1306 in
2613 1245 2889 1326 IIispania

600 1367 658 1417 et
704 1357 764 1415 in
813 1354 1019 1434 Apulia
1069 1353 1305 1433 quidam
1355 1354 1595 1414 faciunt.

783 1498 823 1561 3
873 1496 1144 1558 Subtus
1192 1514 1223 1555 3
1272 1495 1423 1555 solo
1472 1503 1742 1555 uentus
1789 1513 2128 1573 regerare
2175 1493 2434 1574 possit]
2479 1496 2792 1571 Reyelare
2827 1513 2893 1555 ex

602 1606 845 1665 Victorii
907 1604 1165 1664 editione
1224 1611 1530 1682 receptum
1579 1611 1722 1662 erat.
1815 1601 2202 1677 refrigerare
2249 1604 2446 1680 potius
2512 1602 2894 1662 scribendum

597 1732 727 1773 esse
768 1711 913 1771 vidit
952 1709 1373 1770 SchneideruS.
1445 1711 1656 1770 subtus
1697 1728 1735 1768 a
1775 1712 1963 1770 ventis
2000 1708 2380 1785 refriqerari
2408 1713 2602 1786 possit
2643 1709 2891 1770 Ursinus

603 1821 955 1880 coniecerat.
1033 1835 1167 1877 nam
1215 1820 1498 1891 reqelare
1536 1825 1627 1876 est
1665 1816 1800 1896 gelu
1846 1815 2119 1896 liberare,
2159 1815 2384 1877 Colum.
2415 1812 2528 1897 15,
2559 1814 2600 1877 8
2653 1817 2728 1877 de
2770 1815 2893 1875 villa

599 1929 892 1987 matutino
939 1928 1214 1999 reqelari
1257 1931 1394 1984 ortu
1436 1927 1689 2000 poterit,
1736 1931 1804 1984 ut
1848 1928 2125 1985 concreti
2182 1942 2358 1985 rores
2403 1926 2774 1999 liquescant,
2822 1921 2894 1981 XI

603 2031 662 2115 2,
706 2031 739 2093 7
792 2032 864 2092 de
912 2030 1132 2091 vitibus
1180 2043 1238 2091 et
1285 2028 1598 2091 arboribus
1647 2034 1788 2091 dum
1834 2033 1953 2091 hae
1998 2036 2309 2107 reqelatae
2354 2039 2677 2106 secantur,
2725 2029 2776 2088 X
2819 2027 2893 2089 77

589 2147 726 2217 post
781 2141 888 2199 ubi
941 2127 1261 2214 Rhipaeae
1317 2141 1621 2214 torpentia
1672 2137 1925 2214 friqora
1991 2139 2246 2199 brumae
2308 2139 2622 2198 Candidus
2681 2141 2896 2214 aprica

600 2249 909 2325 zephyrus
954 2247 1323 2321 reyelaverit
1359 2262 1538 2324 aura,
1579 2243 1788 2305 Senec.
1832 2246 2000 2324 epist.
2033 2242 2136 2318 67,
2175 2244 2225 2326 1,
2267 2242 2506 2304 Martial.
2537 2241 2619 2302 111
2661 2240 2769 2324 93,
2803 2241 2894 2303 17.

598 2353 676 2413 XI
716 2350 776 2435 8,
813 2351 871 2413 6.
963 2350 1375 2427 refriqerare‚
1438 2350 1719 2429 frigidum
1786 2350 2008 2432 facere,
2076 2349 2292 2430 legitur
2358 2350 2514 2430 apud
2571 2349 2895 2412 Varronem

596 2459 621 2518 Ι
651 2458 733 2521 61
776 2458 1216 2535 refrigeratum
1254 2460 1556 2533 conditur,
1587 2456 1639 2517 11
1670 2456 1730 2541 2,
1764 2455 1840 2518 ll
1883 2461 2094 2533 quaad
2128 2455 2564 2540 refrigeratur,
2607 2457 2690 2525 ΙΙΙ
2725 2457 2822 2533 17,
2851 2455 2888 2518 9

599 2566 984 2648 refriqerare
1023 2557 1313 2644 piscinas.
1713 2563 1719 2569 ’

781 2715 958 2768 LVIII
1005 2707 1184 2768 Faba
1232 2707 1618 2787 legumina]
1668 2711 1841 2769 Faba
1888 2717 1948 2770 et
1992 2712 2298 2785 lequmina
2336 2709 2489 2769 edita
2529 2718 2670 2768 ante
2711 2708 2894 2769 Victo·
3007 2774 3026 2791 ·

602 2818 756 2876 rium
806 2814 1193 2896 exemplaria,
1230 2816 1385 2875 sicut
1433 2814 1649 2894 legitur
1697 2816 1851 2895 apud
1897 2815 2153 2876 Plinium
2193 2814 2376 2875 XVIII
2414 2812 2573 2897 307,
2623 2834 2820 2896 neque
2868 2833 2894 2874 3

609 2922 869 2982 Varrone
918 2921 1050 2982 talia
1101 2924 1226 2982 sine
1276 2923 1483 3001 copula
1531 2925 1723 3002 posita
1772 2941 1902 2982 esse
1952 2930 2114 3001 puto·

779 3066 963 3137 Quas
1012 3065 1419 3144 suspendas
1467 3067 2128 3146 opportunissimas
2187 3085 2343 3128 esse
2400 3066 2789 3130 duracinas
2834 3075 2897 3127 et

601 3175 961 3234 amInneas
1021 3174 1422 3233 scantianas
1469 3172 1561 3233 De
1622 3175 1848 3252 pomis
1906 3173 2279 3234 conditiua
2335 3175 2512 3235 mala
2561 3174 2892 3236 struthea

602 3289 900 3340 cotonea
966 3282 1335 3341 scantiana
1401 3278 1783 3340 scandiana
1853 3279 2257 3341 orbiculata
2334 3290 2400 3341 et
2457 3299 2636 3360 quae
2696 3293 2895 3343 antea

605 3392 878 3445 mustea
947 3385 1302 3446 uocabant
1357 3404 1540 3446 nunc
1596 3384 1947 3446 melimela
2004 3386 2368 3465 appellant
2433 3386 2603 3448 haec
2670 3391 2894 3450 omnia

603 3495 673 3552 in
748 3491 903 3552 loco
978 3493 1179 3552 arido
1254 3500 1322 3552 et
1395 3492 1664 3572 frigido
1740 3511 1953 3571 supra
2027 3492 2227 3572 palea
2300 3496 2534 3573 posita
2612 3497 2892 3557 seruari

605 3607 807 3660 recte
876 3598 1160 3679 putant]
1211 3601 1565 3661 Duracinas
1622 3607 1680 3660 et
1736 3604 2007 3661 amineas
2064 3607 2122 3661 et
2175 3604 2530 3662 scantianas
2579 3603 2894 3665 iucundus,

607 3707 679 3767 de
729 3708 857 3766 uvis
904 3713 1219 3785 praecepta
1268 3705 1506 3767 Catonis
1557 3704 1613 3787 7,
1652 3704 1693 3767 2
1742 3715 1881 3767 sunt
1940 3706 2114 3790 haec,
2163 3726 2313 3788 quae
2370 3710 2568 3769 minus
2626 3718 2893 3770 accurate

606 3833 636 3873 3
695 3812 953 3873 Varrone
1021 3830 1301 3892 expressa
1359 3820 1525 3895 sunt,
1580 3831 1734 3889 quas
1796 3817 2130 3891 suspendas
2196 3817 2534 3877 duracinas
2598 3821 2895 3879 aminnias

606 3924 884 3995 maiores,
947 3924 1040 3982 vel
1101 3922 1186 3980 ad
1239 3907 1493 3997 fabrum
1550 3920 1897 3996 ferrarium
1944 3940 2063 3998 pro
2115 3926 2315 3999 passis
2351 3940 2481 3991 „eae
2536 3934 2709 3986 recte
2771 3943 2894 3985 ser-

610 4034 850 4089 vantur.
943 4026 1146 4087 eadem
1205 4046 1235 4086 3
1294 4026 1480 4088 Plinio
1538 4026 1666 4087 XIV
1703 4025 1786 4088 47
1838 4030 1949 4109 sic,
2007 4037 2074 4088 ut
2132 4028 2283 4107 apud
2334 4028 2619 4091 Catonem
2681 4035 2890 4111 scripta

607 4142 763 4215 sunt,
812 4134 1083 4215 repetita,
1123 4152 1306 4213 pauca
1356 4137 1532 4195 etiam
1581 4134 1652 4194 de
1692 4133 1951 4194 Varrone
2001 4135 2194 4196 addita
2245 4143 2400 4217 sunt,
2452 4155 2607 4212 quas
2653 4157 2888 4216 suspen-

608 4245 721 4303 das
754 4274 829 4283 —
862 4249 1206 4302 servantur.
1282 4260 1393 4302 nec
1438 4248 1579 4301 sunt
1616 4245 1947 4302 vetustiora
1986 4244 2060 4303 de
2109 4246 2213 4304 illa
2259 4262 2331 4303 re
2376 4246 2608 4306 latinae
2654 4250 2889 4321 linquae

601 4355 939 4425 praecepta
949 4369 973 4419 ;
1012 4355 1134 4409 tam
1164 4366 1357 4425 prope
1387 4350 1462 4408 ab
1502 4351 1741 4423 oriyine
1769 4367 1976 4411 rerum
2004 4368 2226 4412 sumus,
2286 4353 2586 4412 amineam
2619 4356 2890 4430 proxime

609 4459 834 4516 dictam
878 4455 1075 4516 Varro
1113 4458 1494 4516 scantianam
1533 4462 1726 4517 vocat.
1793 4459 1854 4515 in
1894 4463 2103 4517 nostra
2142 4464 2343 4518 aetate
2374 4476 2586 4535 pauca
2624 4462 2885 4535 exempla

609 4569 1057 4624 consummatae
1096 4565 1273 4623 huius
1312 4565 1465 4622 artis
1496 4561 1694 4637 fuere.
1753 4562 1856 4622 sed
1896 4566 2225 4625 scantianas
2255 4584 2396 4626 uvas
2434 4584 2608 4627 nemo
2638 4582 2882 4627 comme-
