3178 5185
891 438 1150 492 RERVM
1188 437 1667 492 RVSTIOARVM
1702 437 1837 493 LIB.
1876 439 1927 492 11
1967 437 2002 493 9
2451 429 2580 495 205

285 582 438 668 περὶ
494 582 747 672 τροπὰς
798 584 1068 671 γένηται
1115 587 1406 673 θερινάς.
1498 592 1711 653 deinde
1769 596 2020 653 circiter
2074 568 2389 653 solstitium
2444 593 2578 654 dedi

287 715 356 756 ex
416 697 833 758 emendatione
890 697 1114 759 Reiteri
1172 708 1397 778 quaest.
1445 698 1687 760 Varron.
1745 718 1987 779 gramm.
2036 720 2089 779 p.
2130 696 2240 779 69,
2301 703 2401 780 qui
2458 705 2577 761 cir-

287 807 444 865 citer
491 823 632 865 cum
680 807 1012 866 accusativo
1059 807 1121 865 in
1169 806 1512 867 definitione
1561 808 1848 885 temporis
1896 807 2119 867 dictum
2180 825 2311 867 esse
2367 809 2429 867 in
2486 808 2579 867 his

287 910 457 972 libris
524 912 849 996 adnotavit,
922 909 1088 994 139,
1127 910 1169 974 2
1242 917 1497 975 circiter
1568 917 1912 988 solstitium,
1986 913 2037 973 ΙΙ
2075 911 2133 994 2,
2175 912 2254 975 11
2327 918 2580 975 circiter

285 1023 665 1081 meridianos
711 1028 936 1095 aestus,
1012 1019 1108 1102 11,
1149 1019 1184 1082 7
1235 1026 1491 1083 circiter
1535 1024 1943 1083 hordeaceam
1989 1039 2259 1093 messem,
2326 1021 2403 1081 lll
2440 1018 2500 1104 5,
2541 1019 2576 1082 7

286 1129 549 1188 circiter
596 1131 1043 1202 aequinoctium
1089 1133 1456 1208 autumnale,
1505 1126 1564 1210 8,
1603 1126 1644 1190 3
1692 1132 1946 1191 circiter
1981 1147 2243 1190 messem.
2318 1128 2578 1189 adverbii

287 1232 416 1294 loco
468 1244 565 1295 est
611 1236 672 1294 in
721 1234 833 1316 his,
881 1236 952 1296 de
1001 1235 1138 1314 ling.
1187 1235 1281 1298 lat.
1322 1236 1421 1296 Vll
1462 1233 1544 1298 76
1609 1240 1790 1298 huius
1854 1245 2024 1298 ortus
2086 1239 2397 1312 siqnificat
2458 1239 2577 1296 cir-

286 1343 445 1401 citer
505 1360 637 1403 esse
692 1350 1026 1403 extremam
1082 1351 1340 1417 noctem,
1389 1342 1534 1403 Non.
1576 1363 1630 1423 p.
1669 1340 1820 1424 451,
1859 1341 1897 1405 8
1960 1344 2157 1404 Varro
2208 1344 2578 1420 Marcipore,

285 1456 543 1525 repente
588 1454 783 1511 noctis
828 1453 1084 1511 circiter
1129 1454 1400 1525 meridie,
1449 1453 1604 1511 sicut
1649 1449 1840 1511 Plaut.
1886 1449 2131 1511 Mostell.
2182 1446 2328 1512 579.

467 1553 558 1617 ·12
623 1557 806 1617 Acus
871 1565 991 1618 aut
1045 1559 1199 1636 quit
1264 1560 1434 1618 item
1490 1557 1671 1618 aliut
1726 1557 1909 1637 quod
1966 1556 2296 1617 molliore
2353 1557 2581 1618 cubili

284 1662 584 1723 facilius
632 1663 1063 1741 educentur]
1117 1665 1396 1726 Molliore
1441 1664 1691 1744 plurima
1739 1665 2070 1744 apographa
2119 1671 2179 1724 et
2227 1663 2407 1725 editio
2445 1664 2573 1724 Vic-

289 1772 447 1850 torii,
488 1774 737 1832 meliore
775 1770 958 1832 codex
988 1772 1365 1834 Florentinus
1404 1780 1465 1832 et
1503 1772 1657 1832 edita
1688 1779 1822 1832 ante
1854 1771 2178 1832 Victorium
2210 1771 2579 1851 exemplaria.

285 1878 580 1957 principis
603 1876 882 1938 editionis
910 1878 1221 1940 lectionem
1244 1882 1489 1940 meliore
1518 1881 1797 1940 cubiculo
1817 1877 2141 1938 Politianus
2165 1896 2284 1938 non
2305 1881 2580 1939 correxit.

282 1991 394 2044 aut
430 1986 586 2059 quid
611 1987 785 2046 aliud
810 1984 1099 2045 editiones
1129 1987 1591 2067 antiquissimae,
1620 1994 1731 2047 aut
1756 1989 1908 2062 quid
1932 1989 2071 2047 item
2099 1987 2276 2046 aliud
2301 2004 2372 2045 ex
2403 2004 2580 2047 manu

283 2093 529 2169 scriptis
577 2090 743 2151 libris
783 2091 1061 2170 Angelius
1097 2094 1379 2153 restituit.
1454 2100 1563 2154 aut
1597 2096 1749 2169 quid
1792 2096 1931 2154 item
1968 2092 2184 2170 legitur
2223 2089 2364 2173 114,
2400 2089 2480 2153 15
2522 2102 2580 2153 et

280 2197 330 2257 Π
370 2195 435 2278 5,
482 2195 593 2279 16,
641 2206 751 2261 aut
795 2201 946 2274 quid
998 2202 1173 2260 aliud
1225 2198 1275 2259 ll
1314 2195 1374 2280 6,
1413 2196 1470 2261 5.
1529 2199 1608 2259 ΙΙΙ
1645 2197 1706 2279 9,
1747 2195 1846 2262 15.
1902 2198 1982 2260 ΙΙΙ
2022 2197 2124 2282 13,
2167 2197 2230 2280 1,
2285 2203 2376 2260 sic
2434 2203 2586 2275 quid

282 2307 464 2365 aliud
508 2303 534 2363 1
582 2301 676 2385 10,
704 2303 774 2386 2,
821 2314 930 2367 aut
965 2324 1144 2381 quam
1182 2310 1367 2367 aliam
1412 2305 1437 2365 1
1476 2304 1534 2386 9,
1579 2305 1635 2387 1,
1682 2314 1791 2367 aut
1834 2325 1956 2382 qua
2004 2309 2129 2367 alia
2176 2325 2247 2367 re
2291 2304 2343 2365 11
2383 2304 2442 2386 2,
2481 2303 2579 2367 16.

467 2411 782 2473 Inritant
838 2412 922 2473 ad
983 2415 1435 2493 pugnandum
1502 2432 1640 2493 quo
1706 2414 1897 2474 fiunt
1962 2416 2282 2474 acriores
2349 2432 2578 2492 neque

285 2519 679 2599 defatigari
734 2522 1112 2600 patiuntur
1169 2539 1302 2601 quo
1368 2521 1552 2581 fiant
1619 2519 2031 2600 segniores]
2085 2522 2269 2581 Fiant
2321 2530 2577 2600 utroque

283 2628 419 2689 loco
468 2621 544 2689 ex*
580 2630 847 2708 principe
894 2629 1153 2690 editione
1201 2628 1500 2709 vulgatum
1547 2638 1692 2690 erat.
1765 2647 1882 2706 quo
1921 2633 2083 2703 fiunt
2125 2633 2437 2704 seqniores
2484 2628 2576 2687 vel

283 2754 365 2797 ne
415 2739 578 2809 fiant
630 2739 942 2811 seqniores
998 2736 1268 2797 Ursinus,
1358 2737 1742 2798 indicativum
1791 2740 1977 2812 fiunt,
2037 2739 2138 2815 qui
2194 2738 2393 2815 priore
2449 2735 2577 2795 loco

282 2845 352 2901 in
399 2842 719 2922 archetypo
767 2842 899 2923 fuit,
937 2845 1267 2922 posteriore
1316 2854 1562 2923 propter
1610 2846 1963 2924 sententiam
2011 2843 2329 2904 verborum
2375 2853 2575 2922 postu·

283 2949 550 3030 labatur,
597 2957 852 3029 utroque
909 2948 1039 3010 loco
1096 2952 1283 3028 posui.
1375 2958 1643 3011 ceterum
1697 2950 1759 3009 in
1819 2952 2161 3028 geoponicis
2220 2948 2352 3009 XlX
2393 2948 2450 3031 2,
2492 2948 2569 3011 11

284 3056 363 3117 de
410 3056 506 3116 his
553 3055 733 3116 rebus
780 3055 953 3135 paulo
1001 3055 1171 3117 aliter
1229 3057 1451 3135 scripta
1509 3065 1649 3117 sunt
1703 3055 1876 3136 haec,
1922 3048 2033 3116 καὶ
2089 3053 2576 3137 συγκροτοῦσιν

287 3161 383 3236 εἰς
431 3155 651 3243 μάχην
695 3155 862 3243 πρὸς
908 3154 1270 3242 ἀλλήλους,
1315 3161 1836 3242 καταβαρεῖσθαι
1883 3155 1959 3224 δὲ
2006 3153 2130 3224 οὐκ
2177 3158 2334 3223 ἐῶσι
2379 3154 2576 3244 χάριν

284 3267 412 3332 τοῦ
458 3261 546 3350 μὴ
595 3266 856 3331 δειλιᾶν
900 3263 1066 3351 μηδὲ
1111 3262 1627 3348 καταπτώσσειν,
1667 3261 1833 3331 ἀλλὰ
1872 3266 2295 3349 κατατολμᾶν
2332 3264 2405 3330 ἐν
2442 3274 2580 3341 τοῖς

287 3369 526 3448 πόνοις
582 3369 750 3456 μηδὲ
803 3366 1099 3438 ὑπείκειν
1153 3368 1316 3437 κατὰ
1374 3371 1603 3456 μηδέν.
1695 3373 1964 3455 δεσμοῖς
2020 3367 2093 3436 δὲ
2149 3374 2580 3449 συνεθίζουσι

286 3477 360 3546 τὸ
411 3476 537 3564 μὲν
582 3480 849 3563 πρῶτον
897 3476 1143 3563 ἱμάντι,
1193 3474 1334 3544 εἶτα
1378 3474 1542 3543 κατὰ
1588 3477 1788 3564 μέρος
1834 3473 2107 3567 σιδήρῳ.

474 3587 556 3652 13
621 3589 935 3652 Leuibus
1001 3588 1293 3667 uinclis]
1356 3591 1614 3651 Levibus
1677 3592 1951 3651 numellis
2006 3588 2230 3650 Merula
2288 3608 2359 3649 ex
2417 3588 2579 3651 Paul.

289 3717 415 3759 exc.
465 3697 624 3760 Fest.
682 3717 737 3776 p.
782 3694 926 3777 172,
963 3694 1007 3757 4
1054 3699 1328 3758 Numella
1388 3715 1585 3772 ,oenus
1649 3700 1904 3779 vinculi,
1968 3715 2085 3772 quo
2152 3698 2579 3773 quadrupedes

290 3808 661 3880 deligantur.
754 3803 1058 3884 archetypi
1105 3805 1462 3883 scripturam
1501 3802 1799 3864 Victorius
1846 3805 2126 3864 restituit.

468 3909 751 3972 Cubilia
798 3909 1327 3972 substernenda
1375 3910 1632 3971 fronde
1679 3917 1798 3970 aut
1844 3909 2138 3990 pabulo]
2182 3912 2426 3971 Fronde
2472 3918 2582 3971 aut

295 4021 530 4080 acubus
577 4017 668 4077 vel
707 4016 935 4094 fronde
981 4025 1090 4078 aut
1127 4017 1333 4093 sabuli
1377 4016 1779 4078 Schneiderus
1829 4018 2111 4099 coniecit,
2158 4016 2255 4077 ubi
2298 4016 2503 4092 sabuli
2546 4035 2577 4076 a

292 4126 419 4187 faba
469 4125 800 4186 derivatum
856 4141 988 4183 esse
1035 4123 1292 4204 volebat,
1340 4123 1496 4203 quod
1555 4126 1754 4202 potius
1804 4122 2007 4200 fabali
2060 4121 2375 4183 dicendum
2432 4133 2575 4183 erat.

290 4232 444 4293 idem
493 4230 613 4292 huc
671 4229 904 4290 rettulit
959 4248 1024 4290 ea
1084 4248 1233 4309 quae
1288 4231 1350 4289 in
1409 4231 1751 4309 geoponicis
1806 4231 2025 4309 scripta
2084 4238 2222 4289 sunt
2272 4227 2403 4288 XlX
2441 4227 2500 4310 2,
2540 4227 2578 4291 8

291 4330 756 4421 στρωννύουσι
818 4329 893 4398 δὲ
948 4328 1175 4411 αὐτοῖς
1222 4328 1468 4417 ἄχυρα,
1526 4328 1694 4398 ὥστε
1747 4335 1977 4416 κοίτην
2043 4327 2344 4415 μαλακὴν
2406 4335 2579 4416 ἔχειν

289 4440 396 4507 καὶ
435 4438 977 4507 συνθάλπεσθαι·
1027 4442 1463 4525 δυσχείμερον
1501 4436 1631 4523 γάρ
1681 4439 1816 4506 ἐστι
1860 4436 1972 4503 καὶ
2017 4446 2218 4503 τοῦτο
2267 4437 2340 4503 τὸ
2393 4441 2578 4527 ζῷον.

293 4554 485 4632 aptius
539 4557 669 4611 erat
709 4555 910 4628 palea.
1004 4551 1108 4611 sed
1167 4550 1447 4630 pabulum
1495 4550 1644 4611 dixit
1691 4550 1872 4611 Varro
1919 4550 1990 4610 de
2047 4552 2119 4610 iis
2174 4568 2324 4629 quae
2380 4549 2579 4629 pabuli
