3178 5185
883 399 1144 453 RERVM
1181 398 1661 454 RVSTICARVM
1697 400 1832 455 LIB.
1873 401 1896 453 I
1939 398 2018 455 31
2511 391 2592 455 87

322 557 630 635 nominum,
677 550 736 614 11
765 551 824 636 3,
853 550 893 614 9
927 572 1150 630 qreqes
1181 554 1427 629 faciunt
1452 588 1563 636 -·,
1588 558 1675 615 ad
1709 557 2048 632 perniciem
2093 573 2228 616 eum
2265 558 2593 632 perducat,

318 659 371 742 9,
406 659 448 721 4
505 663 721 722 debent
776 679 903 722 esse
955 694 1029 703 —
1082 664 1455 736 inqredienti
1507 665 1566 722 ei
1624 665 2073 738 displodantur,
2138 658 2197 744 9,
2239 659 2315 724 11
2380 680 2593 738 panes,

280 849 283 852 .
316 772 500 844 maqis
547 772 704 829 enim
749 787 818 829 eo
866 772 1133 841 aluntur,
1182 776 1245 828 et
1287 768 1559 828 similiter
1607 767 1659 827 11
1697 765 1756 849 5,
1795 766 1834 830 8
1882 788 2075 844 neque
2114 771 2594 844 inqredientibus

315 878 414 952 qui
466 879 898 953 displudantur
951 893 1067 936 nec
1126 879 1301 936 cuius
1361 880 1629 951 unqulae
1693 879 1999 950 divarent,
2070 874 2168 950 11,
2212 873 2289 936 11
2332 878 2592 952 pellibus

312 989 443 1042 sunt
486 984 740 1043 vestitae
769 1015 870 1062 —,
900 985 1075 1043 cuius
1122 999 1292 1043 usum
1332 986 1501 1058 apud
1535 985 1771 1043 anticos
1807 1000 2043 1057 quoque
2086 983 2355 1043 Graecos
2396 982 2591 1057 fuisse

311 1097 577 1167 apparet.
670 1107 844 1167 saepe
903 1090 1079 1149 etiam
1138 1090 1198 1148 in
1254 1090 1587 1167 praeceptis
1647 1107 1927 1150 numeros
1983 1088 2326 1170 verborum,
2373 1088 2590 1168 quibus

310 1198 652 1275 pronomina
700 1214 816 1256 non
865 1195 1059 1255 addita
1105 1203 1263 1276 sunt,
1310 1197 1528 1256 mutari
1576 1203 1782 1257 notum
1829 1205 1934 1256 est.
2022 1196 2125 1256 sed
2174 1199 2236 1257 in
2283 1196 2395 1256 hoc
2444 1214 2587 1275 quo-

308 1322 413 1384 que
472 1321 696 1382 genere
757 1301 940 1363 multa
1006 1301 1146 1362 olim
1212 1299 1284 1362 ab
1341 1302 1674 1363 editoribus
1730 1302 2042 1382 depravata
2111 1310 2276 1385 sunt,
2333 1320 2588 1382 quorum

308 1421 525 1490 partem
576 1409 873 1471 Victorius
921 1408 1268 1471 emendavit.
1344 1409 1675 1470 adscribam
1724 1410 1886 1484 haec,
1935 1428 2104 1490 quae,
2142 1412 2417 1488 quoniam
2458 1408 2586 1470 Vic-

311 1520 435 1578 torii
483 1517 850 1596 diligentiam
897 1516 1196 1596 fugerant,
1243 1516 1435 1576 adhuc
1484 1526 1765 1597 corrupta
1821 1519 1882 1576 in
1932 1516 2106 1578 editis
2153 1515 2587 1595 exemplaribus

308 1624 665 1704 ferebantur,
703 1623 728 1683 1
764 1621 862 1703 17,
889 1620 933 1684 4
972 1631 1038 1683 ut
1068 1623 1399 1698 facientem
1438 1626 1722 1698 imitetur,
1760 1623 1811 1682 ΙΙ
1841 1621 1899 1704 2,
1935 1621 2013 1684 17
2055 1627 2206 1699 aqui
2224 1643 2314 1665 —‘
2328 1642 2404 1684 ne
2439 1627 2589 1698 quid

302 1734 531 1793 laboret
583 1764 661 1774 —-
714 1749 832 1791 non
880 1732 1192 1791 desiderat
1236 1737 1517 1804 matrem,
1581 1727 1642 1810 4,
1685 1727 1765 1791 19
1823 1709 2076 1791 matrem
2128 1764 2200 1773 —
2255 1737 2322 1791 ut
2367 1732 2585 1791 crebro

302 1842 493 1899 reditu
558 1843 731 1900 alere
779 1840 1014 1913 possint
1060 1854 1310 1913 porcos,
1372 1834 1430 1916 6,
1470 1835 1511 1899 3
1576 1841 1844 1913 eliqendi
1885 1855 2013 1897 mas
2060 1845 2119 1898 et
2157 1836 2391 1913 semina
2449 1854 2583 1897 cum

302 1949 592 2021 diqnitate
639 1952 706 2004 ut
749 1947 844 2025 sit,
895 1941 952 2023 7,
989 1940 1030 2003 3
1078 1947 1328 2019 equi-
1361 1962 1499 2005 cum
1547 1963 1729 2006 cavos
1764 1948 1990 2006 habeat
2026 1954 2148 2005 tum
2194 1951 2585 2004 renascentes

296 2061 349 2112 et
383 2052 598 2113 deinde
640 2068 842 2112 omnes
878 2052 1109 2111 habere
1146 2055 1296 2112 solet
1322 2059 1586 2126 renatos,
1636 2051 1714 2111 111
1748 2050 1804 2132 7,
1835 2050 1877 2112 4
1916 2053 2295 2113 columbaria
2332 2054 2576 2125 sinqula

302 2178 419 2221 esse
491 2164 756 2236 oportet,
814 2165 881 2217 ut
945 2175 1009 2217 os
1073 2159 1322 2232 habeat,
1379 2154 1437 2238 9,
1475 2155 1518 2219 2
1566 2162 1673 2232 qui
1724 2161 2210 2219 ornithoboscion
2267 2161 2583 2218 instituere

301 2271 414 2327 vult
462 2300 538 2308 —
594 2272 664 2325 ut
709 2268 961 2341 capiant
1004 2282 1254 2340 maqnos
1295 2264 1568 2340 fructus,
1617 2262 1677 2344 9,
1718 2263 1753 2326 7
1805 2267 2032 2328 cubilia
2073 2268 2450 2341 qaltinarum
2494 2298 2572 2307 —-

297 2390 421 2434 cum
474 2373 751 2446 incubat,
803 2368 902 2452 12,
939 2369 981 2431 4
1039 2374 1113 2431 de
1161 2374 1235 2431 iis
1282 2373 1626 2433 Archelaus
1670 2375 1904 2454 scribit,
1949 2390 2250 2433 annorum
2297 2380 2441 2447 quot
2483 2376 2577 2432 sit.

300 2478 574 2559 pluralem
628 2495 944 2538 numerum
994 2493 1065 2537 ex
1104 2476 1364 2539 Merulae
1411 2481 1755 2540 coniectura
1801 2481 2003 2559 recepi
2052 2478 2074 2537 l
2112 2475 2216 2560 54,
2254 2476 2294 2539 2
2340 2482 2397 2539 si
2430 2482 2583 2554 quid

299 2590 510 2664 reliqui
561 2588 835 2648 habeant
888 2588 1092 2661 musti,
1151 2583 1254 2645 ubi
1307 2588 1535 2648 habeat
1587 2588 1649 2647 in
1706 2606 1880 2648 manu
1941 2587 2179 2666 scriptis
2236 2585 2404 2647 libris
2462 2597 2578 2668 est3

300 2697 429 2756 item
476 2693 841 2773 singularem
888 2691 941 2751 II
978 2691 1038 2773 4,
1083 2689 1162 2753 13
1209 2696 1374 2768 quod
1417 2697 1649 2755 alienos
1694 2712 1814 2756 non
1861 2702 2232 2772 aspernatur
2286 2712 2394 2774 pro
2451 2693 2577 2774 plu·

297 2802 394 2862 rali
439 2806 674 2863 alienos
720 2808 1150 2877 aspernantur.
2432 2874 2446 2885 .

462 2909 684 2969 Omne
732 2906 1065 2988 pabulum
1124 2909 1425 2986 primum
1473 2910 1775 2969 ocimum
1823 2908 2257 2987 farraginem
2318 2909 2576 2968 uiciam

297 3017 685 3077 nouissime
734 3014 972 3075 fenum
1033 3016 1253 3074 sicari
1299 3017 1586 3075 ocinum
1635 3016 1905 3075 dictum
1961 3033 1993 3074 a
2048 3033 2303 3093 graeco
2353 3014 2574 3075 uerbo

296 3142 494 3184 oceos
543 3120 733 3202 quod
805 3122 995 3182 ualet
1054 3123 1196 3181 cito
1254 3122 1596 3183 similiter
1653 3140 1788 3202 quo
1846 3124 2148 3182 ocimum
2206 3124 2276 3182 in
2331 3121 2572 3200 horto]

298 3232 555 3292 Primum
595 3233 840 3291 ocinum
879 3228 1295 3291 Schneiderus.
1340 3229 1544 3290 eadem
1584 3230 1772 3290 forma
1810 3229 2176 3290 restituenda
2215 3239 2308 3290 est
2333 3229 2358 3289 1
2388 3227 2491 3306 23,
2517 3229 2571 3292 1.

296 3355 417 3398 nam
464 3341 724 3399 ocimum
772 3346 863 3398 est
909 3354 1097 3414 genus
1143 3336 1361 3396 herbae
1408 3338 1468 3396 in
1516 3336 1920 3417 hortiS,‘quod
1968 3328 2221 3417 ὤκιμον
2260 3337 2351 3397 vel
2387 3336 2568 3417 βασι·

299 3440 476 3507 λικόν
523 3443 736 3504 Graeci
786 3442 1063 3503 dixerunt
1110 3452 1169 3503 et
1215 3461 1428 3522 graeco
1475 3446 1712 3504 nomine
1760 3442 1980 3525 Latini,
2027 3453 2094 3504 ut
2140 3447 2220 3504 ait
2268 3443 2449 3504 Varro
2497 3444 2570 3504 de

298 3549 425 3631 ling.
472 3553 569 3616 lat.
609 3550 656 3609 V
699 3546 823 3610 103
872 3568 1030 3625 quae
1076 3554 1138 3610 in
1184 3552 1377 3611 hortis
1422 3559 1779 3627 nascuntur,
1826 3555 1952 3611 alia
2000 3555 2348 3628 peregrinis
2395 3570 2568 3613 voca-

299 3659 463 3733 bulis,
530 3665 599 3718 ut
658 3661 908 3733 qraecis
971 3661 1229 3719 ocimum
1292 3666 1492 3719 menta
1556 3666 1728 3738 ruta,
1793 3676 1974 3733 quam
2038 3676 2202 3719 nunc
2265 3653 2567 3738 πήγανον

301 3770 610 3842 appellant.
687 3764 759 3825 de
805 3764 918 3825 hoc
964 3764 1135 3843 plura
1182 3764 1332 3825 dixit
1376 3765 1648 3844 Meyerus
1693 3764 1902 3836 histor.
1939 3763 2135 3825 botan.
2182 3784 2232 3825 v.
2272 3763 2294 3823 l
2333 3784 2388 3844 p.
2418 3763 2608 3826 344.-

302 3870 366 3931 ab
420 3891 488 3932 eo
553 3872 852 3932 diversum
920 3880 1010 3932 est
1065 3890 1252 3951 genus
1308 3871 1508 3951 pabuli
1564 3873 1794 3954 viridis,
1852 3871 2006 3951 quod
2064 3873 2273 3931 rustici
2328 3876 2568 3933 ocinum

298 3976 578 4060 dixerunt,
627 3979 798 4039 cuius
844 3979 1204 4039 mentionem
1253 3978 1392 4039 facit
1439 3977 1581 4038 Cato
1631 3997 1679 4038 c.
1719 3976 1822 4039 27.
1861 3974 1963 4039 53.
2006 3974 2117 4059 54,
2178 3977 2276 4038 ubi
2326 3982 2566 4040 ocinum

298 4086 353 4144 in
396 4086 713 4165 archetypo
760 4086 887 4147 suit.
979 4084 1135 4145 idem
1183 4085 1336 4165 apud
1385 4085 1708 4146 Varronem
1755 4085 1896 4165 legit
1941 4084 2167 4145 Nonius
2212 4105 2268 4164 p.
2299 4082 2447 4167 550,
2478 4084 2563 4147 25

310 4193 545 4254 Ocinum
581 4195 745 4268 quod
780 4196 1034 4254 ocimum
1074 4196 1345 4267 dicimus,
1390 4193 1586 4255 Varro
1626 4195 1701 4254 de
1728 4211 1799 4254 re
1835 4195 2070 4254 rustica
2107 4194 2203 4253 lib.
2235 4193 2276 4252 I
2298 4196 2563 4269 primum

301 4303 523 4360 ocinum
562 4298 956 4376 farraqinem
1003 4298 1419 4376 (sarracinam
1458 4298 1654 4371 codd.)
1694 4303 1929 4373 viciam,
1966 4301 2280 4360 novissime
2309 4299 2561 4374 faenum

303 4411 492 4467 secari
534 4406 805 4483 (frenum
859 4411 1082 4467 uocari
1135 4407 1348 4480 codd).
1440 4411 1678 4468 ocinum
1737 4409 1963 4467 dictum
2011 4424 2049 4466 a
2100 4424 2332 4480 qraeco
2380 4409 2560 4468 verbo

307 4527 531 4591 ocaeos,
578 4516 743 4590 quod
786 4518 944 4575 valet
988 4518 1107 4576 cito
1157 4507 1455 4596 (uaecitos
1503 4514 1726 4589 codd),
1781 4516 2055 4575 similiter
2100 4510 2263 4588 quod
2305 4517 2558 4576 ocimum
