3178 5185
472 356 601 420 180
1453 352 1823 408 VARRONIS

472 521 794 604 solstitiali,
841 530 907 583 ut
953 522 1129 602 ficuS,
1179 520 1335 599 quod
1385 520 1565 580 densa
1613 522 1857 580 materia
1906 538 2024 579 non
2072 527 2164 580 est
2210 528 2269 580 et
2316 520 2449 580 ideo
2498 523 2774 599 sequitur

472 630 784 692 caldorem.
879 648 911 689 a
968 647 1084 707 quo
1142 629 1208 687 fit
1264 635 1330 687 ut
1377 629 1437 688 in
1487 626 1632 687 locis
1681 628 1913 707 frigidis
1961 629 2129 688 ficeta
2179 629 2308 688 fieri
2356 647 2474 687 non
2521 630 2775 707 possint.

474 757 625 817 aqua
698 736 927 796 recenti
1001 735 1180 794 insito
1255 735 1519 795 inimica:
1595 734 1878 795 tenellum
1953 738 2110 795 enim
2178 737 2296 795 cito
2375 736 2513 796 facit
2578 742 2775 814 putre.

424 852 459 907 2
485 847 685 923 itaque
726 840 857 923 [qui
896 841 986 919 fit]
1026 841 1327 901 caniculae
1358 844 1526 920 signo
1557 843 2033 902 commodissime
2073 845 2445 902 existimatur
2474 862 2541 902 ea
2571 845 2777 904 inseri.

476 971 624 1031 quae
673 959 870 1011 autem
916 957 1128 1010 natura
1175 951 1372 1009 minus
1421 957 1560 1010 sunt
1608 949 1821 1030 mollia,
1869 969 1969 1009 vas
2016 949 2251 1029 aliquod
2303 969 2480 1028 supra
2518 949 2779 1030 alligant,
2846 962 2882 1002 5

478 1059 634 1119 unde
683 1057 866 1118 stillet
913 1056 1069 1117 lente
1117 1075 1295 1138 aqua,
1343 1076 1417 1116 ne
1464 1058 1635 1135 prius
1682 1066 1984 1124 exarescat
2033 1056 2341 1138 surculuS,
2401 1076 2576 1136 quam
2623 1057 2779 1117 cole-

478 1172 620 1226 scat.
724 1166 898 1225 cuius
962 1163 1189 1224 surculi
1254 1165 1538 1227 corticem
1605 1165 1903 1241 integrum
1972 1164 2325 1224 servandum
2383 1171 2443 1223 et
2496 1182 2634 1223 eum
2690 1165 2782 1223 sic

479 1273 915 1352 exacuendum,
969 1278 1037 1331 ut
1093 1289 1210 1331 non
1269 1271 1535 1331 denudes
1581 1270 1915 1332 medullam.
2010 1291 2084 1331 ne
2133 1272 2506 1333 extrinsecus
2553 1269 2783 1330 imbres

479 1388 733 1441 noceant
779 1385 880 1439 aut
930 1380 1147 1439 nimius
1187 1378 1364 1458 calor,
1412 1377 1616 1456 argilla
1655 1377 2037 1439 oblinendum
2082 1397 2149 1438 ac
2188 1377 2339 1438 libro
2378 1377 2784 1456 obligandum.

431 1490 691 1566 3itaque
756 1488 935 1546 vitem
998 1485 1198 1545 triduo
1254 1494 1566 1564 antequam
1621 1487 1887 1546 inserant
1943 1487 2247 1566 desecant,
2313 1493 2380 1545 ut
2436 1487 2539 1565 qui
2594 1487 2655 1544 in
2711 1503 2784 1544 ea
2818 1492 2881 1530 10

484 1596 703 1655 nimius
752 1601 844 1653 est
891 1611 1062 1652 umor
1110 1592 1357 1672 defluat,
1405 1598 1722 1671 antequam
1771 1594 2094 1673 inseratur3
2142 1566 2244 1653 aut
2291 1595 2353 1652 iu
2402 1611 2576 1671 quam
2625 1593 2784 1651 inse-

483 1709 652 1781 runt,
709 1701 768 1759 in
826 1717 892 1759 ea
949 1698 1123 1776 paulo
1180 1699 1359 1780 infra,
1422 1717 1598 1777 quam
1658 1701 1905 1759 insitum
1961 1706 2079 1780 est,
2134 1699 2430 1779 incidunt,
2489 1697 2605 1776 [in]
2665 1717 2785 1777 qua

486 1825 657 1869 umor
713 1806 1081 1866 adventicius
1128 1805 1372 1866 effluere
1420 1807 1627 1883 possit.
1719 1815 1925 1868 contra
1973 1808 2044 1867 in·
2081 1808 2194 1867 fico
2243 1814 2302 1867 ct
2348 1806 2499 1867 malo
2548 1805 2787 1885 punica,

486 1924 546 1976 et
601 1916 768 1993 siqua
816 1915 993 1973 etiam
1048 1912 1263 1972 horum
1310 1921 1521 1974 natura
1569 1915 1853 1995 aridiora,
1914 1917 2214 1975 continuo.
2306 1915 2367 1974 in
2415 1914 2545 1973 aliis
2595 1921 2785 1973 trans-

485 2019 807 2082 lationibus
881 2020 1199 2081 videndum
1275 2027 1342 2080 ut
1417 2021 1570 2100 quod
1655 2023 1970 2083 transferat
2036 2020 2151 2100 [in]
2221 2040 2506 2083 cacumen
2572 2019 2788 2081 habeat
2820 2024 2876 2064 15

485 2146 805 2211 gemmam,
851 2135 919 2189 ut
964 2129 1025 2188 in
1073 2128 1217 2188 ficis,

434 2244 474 2301 4
674 2235 757 2296 De
815 2235 907 2295 his
963 2237 1174 2314 primis
1232 2243 1513 2314 quattuor
1569 2235 1889 2314 generibus
1946 2238 2240 2297 seminum
2291 2235 2577 2314 quaedam
2626 2235 2787 2313 quod

487 2343 767 2425 tardiora,
815 2342 1072 2402 surculis
1119 2343 1317 2421 potius
1367 2342 1672 2424 utendum,
1719 2351 1785 2403 ut
1833 2346 1892 2404 in
1934 2345 2122 2404 ficetis
2161 2345 2401 2403 faciunt.
2494 2343 2590 2402 fici
2628 2343 2789 2401 enim

492 2468 696 2534 semen
745 2449 1014 2509 naturale
1062 2451 1224 2508 intus
1273 2451 1333 2509 in
1382 2468 1450 2508 ea
1498 2451 1628 2531 fico,
1678 2469 1854 2529 quam
1894 2451 2143 2533 edimuS,
2192 2469 2342 2530 quae
2383 2457 2523 2510 sunt
2561 2450 2789 2509 minuta

490 2575 688 2638 grana,
736 2576 768 2617 e
819 2555 1037 2637 quibus
1075 2557 1271 2635 parvis
1311 2556 1467 2637 quod
1509 2558 1708 2617 enasci
1747 2557 1983 2618 coliculi
2023 2560 2115 2619 vix
2156 2565 2384 2638 queunt
2428 2572 2542 2613 -ε
2590 2558 2787 2617 omnia
2821 2557 2881 2597 2⁰

491 2667 648 2726 enim
704 2666 931 2725 minuta
989 2673 1049 2724 et
1095 2664 1257 2724 arida
1305 2663 1375 2724 ad
1424 2664 1814 2725 crescendum
1863 2665 2055 2747 tarda,
2113 2684 2179 2725 ea
2229 2684 2377 2744 quae
2426 2664 2670 2744 laxiora,
2728 2672 2790 2724 et

634 2898 665 2944 3
714 2906 861 2960 aqua
897 2889 1110 2944 recenti
1153 2888 1324 2943 insito
1370 2888 1599 2944 inimica
1651 2890 1914 2958 Theophr.
1963 2907 2109 2944 caua
2149 2891 2332 2960 plant.
2372 2892 2415 2943 I
2449 2897 2500 2958 6,
2542 2895 2577 2944 6
2720 2896 2790 2943 20

493 2980 681 3034 omnia
718 2979 865 3033 enim
904 2979 1123 3034 minuta
1166 2978 1429 3046 Theophr.
1470 2993 1617 3033 caus,
1648 2979 1830 3046 plant.
1869 2977 1914 3030 I
1943 2984 1997 3046 8,
2033 2983 2069 3032 4

640 3200 667 3248 1
734 3192 1026 3249 solsticiali
1083 3192 1139 3247 A
1283 3199 1313 3245 2
1373 3191 1656 3246 caldorem
1713 3193 2010 3248 Iucundus
2064 3193 2367 3248 caldiorem
2424 3193 2602 3247 PAB
2657 3191 2792 3245 cali-

495 3284 709 3337 diorem
738 3299 769 3336 v
914 3288 947 3335 4
986 3281 1083 3349 qui
1120 3282 1185 3334 fit
1221 3281 1507 3336 caniculae
1547 3280 1708 3350 signo
1738 3280 1919 3337 PAB
1957 3298 2098 3349 quae
2136 3283 2201 3337 fit
2236 3282 2526 3338 caniculae
2564 3282 2721 3351 signo
2761 3298 2794 3335 v

496 3373 647 3443 quod
691 3371 957 3426 inseritur
1005 3367 1289 3425 caniculae
1338 3368 1498 3439 signo
1538 3370 1835 3425 Iucundus
1863 3412 1875 3425 .
1911 3371 2108 3426 ‘Vetus
2154 3373 2334 3439 lecti0‚
2385 3371 2492 3438 Qui
2539 3372 2603 3425 fit
2638 3369 2792 3425 cani-

496 3463 658 3516 culae
696 3460 823 3515 etc.’
878 3460 1155 3515 Victorius
1299 3456 1649 3512 existimatur
1693 3458 1876 3515 PAB
1925 3459 2316 3516 existimantur
2360 3478 2392 3515 v
2540 3467 2571 3515 6
2619 3460 2791 3514 coles·

495 3588 590 3642 cat
618 3586 796 3640 PAB
826 3586 1106 3640 coalescat
1131 3601 1226 3639 mv
1329 3588 1358 3638 7
1389 3559 1601 3640 cort-‚332
1630 3584 1685 3638 Β
1793 3592 1823 3639 9
1865 3584 2143 3655 argillam,
2172 3586 2263 3640 sed
2290 3604 2347 3638 m
2376 3586 2603 3641 deletum
2631 3584 2685 3637 A

499 3684 564 3730 10
602 3676 777 3730 uitem
825 3675 1008 3729 triduo
1046 3674 1168 3729 AB
1182 3692 1210 3729 v
1249 3672 1423 3729 uitem
1470 3691 1599 3728 cum
1634 3674 1820 3729 triduo
1860 3675 1971 3729 Pm
2079 3676 2144 3730 ut
2179 3674 2276 3744 qui
2313 3675 2372 3729 in
2410 3692 2482 3730 ea
2508 3675 2693 3730 A²mv
2730 3677 2799 3729 ut

498 3766 647 3836 quod
687 3781 754 3820 ea
782 3763 963 3818 PAB
1110 3768 1174 3816 11
1215 3780 1377 3817 umor
1408 3763 1526 3833 PA
1563 3765 1766 3817 humor
1793 3764 1890 3817 Bv
2036 3763 2248 3817 defluat
2282 3780 2336 3817 m
2363 3763 2585 3817 diffluat
2620 3761 2798 3817 VAB

638 3855 698 3908 in
736 3871 848 3922 qua
884 3852 1140 3906 inserunt
1181 3852 1357 3907 VAB
1505 3859 1569 3907 12
1609 3852 1668 3906 in
1705 3853 1795 3923 ea]
1836 3852 1896 3906 in
1935 3868 2048 3920 qua
2084 3868 2166 3920 ea,
2205 3852 2299 3907 sed
2335 3869 2447 3920 qua
2483 3853 2712 3907 deletum
2740 3851 2798 3904 A

644 3950 709 3998 13
755 3957 916 3996 umor
954 3940 1067 3996 PA
1104 3943 1304 3998 humor
1340 3943 1439 3996 Βυ
1583 3941 1733 3996 malo
1772 3941 1977 4011 punica
2022 3941 2075 3994 V
2106 3941 2256 3995 malo
2294 3940 2500 4009 punico
2532 3940 2652 3995 AB

502 4040 567 4088 14
622 4032 868 4087 aridiora
902 4031 1022 4086 AB
1069 4031 1279 4085 aridior
1326 4031 1377 4085 V
1515 4030 1979 4086 translationibus
2017 4030 2180 4083 ABv
2203 4073 2215 4085 .
2239 4047 2263 4082 s
2311 4036 2437 4084 ante
2474 4030 2494 4083 l
2529 4031 2800 4085 subducta

499 4125 717 4189 lineola,
754 4127 817 4177 ut
852 4126 984 4176 esset
1020 4118 1477 4187 tranlationibus,
1515 4120 1729 4174 notavit
1760 4120 1815 4172 P
1923 4123 1989 4171 15
2028 4118 2332 4173 transferat
2359 4116 2480 4173 AB
2522 4119 2799 4173 Victorius

498 4211 813 4267 transferat'
850 4212 900 4266 h.
941 4227 982 4264 e.
1020 4210 1386 4264 transferatur
1435 4208 1487 4261 V

648 4306 711 4356 17
752 4300 821 4354 de
858 4299 947 4353 his
984 4297 1104 4352 AB
1115 4315 1146 4352 v
1186 4298 1253 4351 de
1292 4296 1362 4350 iis
1404 4297 1459 4349 P
1582 4295 1780 4367 primis
1816 4299 2009 4353 delevit
2050 4296 2322 4353 Gesnerus
2465 4298 2704 4365 quedam
2743 4297 2799 4352 A

501 4407 638 4447 corr.
670 4390 979 4459 quorfidam
1009 4387 1091 4441 A²
1214 4392 1277 4439 18
1316 4387 1569 4441 surculus
1609 4403 1744 4442 corr.
1779 4419 1844 4426 —
1875 4385 1946 4441 lis
1974 4388 2030 4441 Β
2138 4386 2331 4442 fecctis
2371 4403 2507 4442 corr.
2538 4387 2715 4441 ficetis
2744 4387 2799 4441 Β

643 4486 709 4533 21
748 4477 938 4551 tarda]
976 4475 1169 4532 tardat
1203 4476 1258 4530 Β
