3178 5185
578 391 711 456 280
1264 397 1645 452 COMMENT.
1684 398 1764 451 IN
1799 397 2178 453 VARRONIS

576 562 982 634 grummantes
1045 555 1119 615 de
1185 571 1465 614 mensura
1531 560 1593 612 et
1656 561 1818 613 recta
1891 555 1983 612 via
2049 551 2404 612 excedentes
2471 552 2562 611 vel
2628 557 2869 630 gru'mos

582 669 880 722 eruentes,
954 679 1204 739 grumus
1252 659 1523 721 collectio
1571 668 1767 720 terrae
1810 661 2002 719 minor
2048 660 2275 720 tumulo
2294 653 2334 720 ’.
2414 662 2873 720 eoeruminantes

579 768 899 830 Turnebus
947 767 1172 828 advers,
1217 764 1283 846 1,
1326 764 1360 827 1
1420 775 1481 827 et
1529 764 1822 847 Scaliger,
1880 784 1960 828 ex
2012 784 2079 826 se
2134 767 2511 825 ruminantes
2569 764 2871 826 Gesnerus

579 878 860 955 coniecit,
919 874 1074 953 quod
1126 873 1529 934 Schneiderus
1578 874 1830 953 recepit;
1891 871 2048 932 idem
2107 878 2304 931 tamen
2360 871 2615 951 glossam
2664 872 2873 933 Isidori

579 982 733 1061 apud
791 980 1139 1042 Vulcanium
1197 1000 1252 1060 p.
1292 977 1424 1041 674
1480 972 1686 1063 (gloss,
1736 979 1829 1039 lat.
1868 998 1920 1039 v.
1959 977 2031 1038 lv
2077 997 2133 1057 p.
2173 975 2331 1060 326,
2379 971 2496 1060 22)
2565 983 2875 1040 cruminat

581 1093 855 1150 ruminat
902 1107 973 1148 ex
1021 1086 1134 1147 hoc
1180 1088 1310 1147 loco
1358 1086 1597 1147 ductam
1655 1104 1786 1146 esse
1835 1085 2149 1146 adnotavit.
2237 1103 2535 1160 qrumare
2588 1104 2620 1145 a
2670 1104 2873 1164 gruma

582 1196 806 1256 dictum
853 1194 970 1255 huc
1019 1213 1136 1255 non
1183 1196 1463 1275 pertinet,
1513 1211 1709 1271 neque
1757 1196 2157 1254 exruminare
2205 1192 2293 1252 vel
2339 1210 2420 1252 ex
2454 1211 2520 1253 se
2555 1197 2875 1254 ruminare

585 1310 718 1381 apte
767 1302 1001 1362 dicitur.
1094 1317 1276 1378 quare
1325 1304 1495 1378 ipsae
1540 1308 1603 1360 et
1645 1303 2025 1361 ruminantes
2067 1300 2297 1378 scripsi.
2372 1298 2650 1360 cochleae
2700 1302 2872 1360 etiam

586 1408 714 1466 sine
762 1406 977 1484 pabulo
1027 1407 1396 1466 ruminantes
1448 1406 1603 1485 apud
1659 1405 1964 1484 propolam
2024 1405 2126 1466 diu
2186 1408 2405 1466 vivunt.
2500 1405 2683 1466 simili
2738 1408 2876 1467 vitio

587 1511 639 1573 11
682 1512 736 1592 1,
775 1511 864 1574 20
908 1515 1230 1587 subqrumi
1270 1530 1382 1590 pro
1427 1515 1707 1573 subrumi
1750 1515 2040 1592 scriptum
2089 1522 2232 1572 erat.

757 1617 801 1680 4
865 1618 1018 1679 Non
1067 1637 1203 1697 quo
1251 1637 1387 1678 non
1435 1621 1505 1679 in
1561 1619 1675 1680 his
1734 1619 2162 1697 regionibus
2220 1618 2646 1698 quibusdam
2695 1620 2877 1680 locis

582 1744 662 1787 ac
700 1725 1333 1804 magnitudinibus
1372 1728 1518 1788 sint
1556 1725 1989 1806 disperiles]
2041 1729 2173 1788 Non
2211 1730 2376 1802 quod
2410 1731 2472 1787 in
2510 1730 2607 1787 his
2635 1726 2877 1787 Merula.

587 1851 706 1894 non
754 1836 919 1908 quod
964 1836 1026 1893 in
1071 1835 1166 1895 his
1212 1835 1565 1907 reqionibus
1612 1835 1972 1908 quibusdam
2019 1837 2167 1894 locis
2204 1852 2316 1894 eae
2356 1836 2879 1908 maqnitudinibus

583 1958 705 2002 non
752 1944 877 2001 sint
921 1942 1246 2018 dispariles
1290 1936 1613 2021 IucunduS,
1661 1939 1763 2000 ubi
1810 1958 1929 2001 non
1978 1958 2093 2015 quo
2141 1958 2261 2001 non
2310 1959 2381 2000 ex
2430 1940 2634 2001 codice
2684 1939 2873 2001 Victo·

585 2048 713 2106 rius
760 2047 1043 2125 restituit,
1087 2063 1208 2106 non
1257 2054 1392 2105 ante
1439 2048 1560 2106 sint
1606 2065 1638 2105 a
1685 2045 1950 2107 Iucundo
1999 2046 2263 2107 additum
2303 2046 2606 2107 Gesnerus
2647 2046 2876 2107 delevit.

586 2160 894 2232 praeterea
941 2154 1091 2213 locis
1139 2170 1216 2212 ac
1262 2155 1784 2227 maqnitudinibus
1831 2153 2265 2215 restituendum
2315 2161 2458 2215 erat.
2551 2172 2688 2214 nam
2743 2172 2878 2216 cum

583 2261 643 2318 in
689 2260 764 2320 iis
811 2257 1156 2336 regionibus
1204 2276 1353 2337 quae
1401 2259 1575 2319 modo
1625 2259 1821 2321 dictae
1871 2269 2040 2320 erant
2094 2270 2340 2340 propter
2396 2269 2671 2320 naturam
2721 2261 2872 2321 loco-

584 2382 718 2425 rum
767 2364 1041 2425 cochleae
1089 2366 1496 2445 magnitudine
1544 2366 1812 2427 diversae
1853 2369 1989 2449 sint,
2035 2386 2145 2446 pro
2192 2367 2303 2428 hoc
2341 2366 2605 2427 breviter
2653 2367 2875 2428 dictum

582 2480 674 2531 est
720 2470 991 2532 cochleas
1040 2472 1391 2551 quibusdam
1439 2472 1585 2533 locis
1632 2492 1700 2533 ac
1749 2472 2254 2552 magnitudinibus
2301 2473 2564 2533 diversas
2613 2492 2763 2534 esse.

759 2576 924 2639 Nam
972 2585 1040 2639 et
1088 2578 1293 2640 ualde
1333 2580 1603 2659 amplae
1643 2587 2274 2660 suntquamquam
2314 2599 2394 2641 ex
2432 2580 2660 2641 africa
2699 2599 2872 2660 quae

582 2693 936 2746 uocantur
1002 2685 1369 2747 solitanne
1434 2690 1532 2746 ita
1600 2694 1678 2746 ut
1743 2704 1860 2747 eas
1916 2685 2127 2746 LXXX
2184 2686 2625 2765 quadrantes
2694 2690 2870 2748 coici

581 2790 898 2871 possint]
966 2795 1284 2865 Quaedam
1339 2813 1420 2854 ex
1467 2793 1700 2869 Africa
1757 2812 1828 2853 ex
1886 2792 2092 2853 Aldina
2148 2793 2407 2854 editione
2457 2792 2872 2856 Schneiderus

580 2902 1079 2976 quemadmodum
1117 2918 1196 2961 ex
1232 2899 1455 2976 Africa
1494 2900 1688 2961 Gesne
1704 2919 1807 2961 rus
1851 2902 2204 2960 coniecerat.
2268 2918 2646 2976 :quamquam
2684 2901 2871 2962 Reite·

580 3025 685 3068 rus
724 3015 949 3085 quaest.
988 3004 1150 3066 Varr.
1189 3024 1439 3085 gramm.
1477 3027 1532 3086 p.
1573 3003 1659 3067 63
1706 3005 1973 3067 defendit
2008 3010 2109 3088 ita,
2152 3001 2533 3087 ‘quamquam
2572 3026 2643 3068 ex
2684 3009 2874 3068 Africa

582 3113 706 3174 fere
754 3113 1082 3174 mediocres
1110 3113 1460 3192 afferuntur,
1507 3122 1705 3173 tamen
1737 3131 1886 3193 quae
1939 3112 2075 3172 inde
2106 3122 2271 3174 ortae
2308 3112 2632 3174 solitannae
2664 3132 2866 3174 vocan-

580 3229 679 3282 tur
726 3219 889 3280 valde
929 3219 1152 3300 amplae
1197 3214 1388 3280 sunt'.
1463 3220 1568 3279 sed
1610 3219 1769 3280 idem
1822 3237 2186 3295 quamquam
2223 3199 2459 3299 praeter
2497 3219 2658 3281 hunc
2698 3240 2874 3282 unum

580 3327 778 3388 locum
824 3346 856 3386 a
903 3326 1165 3388 Varrone
1218 3345 1337 3387 non
1388 3336 1741 3407 usurpatum
1790 3345 1922 3387 esse
1968 3328 2286 3388 adnotavit.
2378 3329 2577 3405 itaque
2626 3331 2875 3406 particur

584 3432 698 3493 lam
746 3434 953 3493 vitiose
1000 3432 1092 3493 vel
1139 3451 1355 3512 parum
1404 3442 1538 3514 apte
1585 3436 1840 3513 positam
1899 3432 2134 3495 inclusi.
2228 3433 2553 3493 solitannae
2606 3434 2877 3512 cochleae

586 3538 741 3601 unde
779 3538 1099 3619 appellatae
1139 3542 1276 3620 sint,
1316 3559 1433 3600 non
1485 3549 1745 3621 constat3
1792 3539 2075 3601 solitanae
2114 3540 2396 3600 dicuntur
2435 3540 2593 3618 apud
2623 3541 2873 3602 Plinium

585 3645 665 3706 IX
708 3643 834 3707 173
883 3655 942 3705 et
988 3644 1148 3704 XXX
1195 3643 1299 3707 45.
1344 3680 1423 3689 —
1467 3650 1554 3707 ita
1610 3654 1679 3707 ut
1732 3665 1947 3707 earum
2003 3650 2227 3707 calices
2282 3648 2661 3721 quadrantes
2719 3657 2871 3710 octo-

581 3756 757 3828 qinta
812 3770 1036 3829 capere
1085 3757 1318 3829 possint
1372 3752 1526 3813 edita
1584 3761 1720 3814 ante
1777 3752 2102 3815 victorium
2153 3753 2509 3831 exemplaria
2558 3773 2631 3814 ex
2692 3755 2881 3815 Plinio

584 3859 665 3919 lX
707 3856 850 3940 173,
899 3857 1000 3919 ubi
1039 3858 1110 3918 de
1151 3858 1408 3919 cochleis
1456 3861 1678 3938 scripta
1717 3867 1861 3920 sunt
1904 3859 2067 3941 haec,
2115 3864 2464 3920 coclearum
2500 3862 2745 3922 vivaria
2792 3866 2881 3922 inu

584 3969 780 4027 stituit
841 3967 1088 4025 Fulvius
1153 3965 1445 4042 Lippinus
1514 3968 1579 4025 in
1646 3966 2074 4041 Tarquiniensi
2116 3998 2222 4039 —-,
2272 3968 2574 4027 distinctis
2640 3971 2877 4042 quidem

584 4075 912 4148 qeneribus
968 4088 1205 4144 earum,
1259 4075 1595 4148 separatim
1650 4079 1719 4132 ut
1777 4079 1975 4133 essent
2029 4073 2236 4147 albae,
2292 4090 2450 4147 quae
2507 4076 2570 4132 in
2620 4075 2876 4135 Reatino

589 4196 743 4253 aqro
780 4185 1138 4258 nascuntur,
1183 4182 1516 4255 separatim
1560 4186 1630 4239 ut
1673 4180 1984 4255 Illyricae,
2030 4180 2247 4252 quibus
2294 4181 2653 4253 maqnitudo
2699 4200 2875 4257 prae-

588 4288 788 4360 cipua,
837 4283 1195 4365 Africanae,
1242 4287 1459 4358 quibus
1498 4284 1879 4361 fecunditas,
1937 4288 2260 4358 solicanae,
2308 4286 2530 4360 quibus
2577 4290 2876 4348 nobilitas.

590 4395 736 4466 quin
791 4398 851 4451 et
901 4395 1179 4466 saqinam
1234 4409 1447 4452 earum
1504 4398 1869 4453 commentus
1926 4399 2015 4451 est
2057 4409 2210 4468 sapa
2271 4399 2330 4452 et
2378 4390 2563 4467 farre
2621 4398 2877 4469 aliisque

588 4500 944 4571 qeneribus,
1006 4504 1075 4557 ut
1129 4501 1372 4559 cocleae
1426 4516 1662 4573 quoque
1726 4501 1920 4560 altiles
1984 4515 2247 4573 qaneam
2313 4500 2640 4576 inplerent,
2705 4505 2878 4563 cuius
