3178 5185
597 404 683 467 90
1278 413 1659 470 COMMENT.
1698 416 1776 469 IN
1814 414 2188 470 VARRONIS

596 576 687 629 est
742 569 896 648 apud
945 569 1201 630 Plinium
1249 569 1429 630 XVIII
1466 566 1570 632 58.
1619 567 1724 632 98.
1773 567 1916 631 143.
1982 569 2114 629 ΧΧΙ
2155 567 2265 653 70,
2320 569 2543 631 Colum.
2581 569 2634 629 II
2680 567 2782 650 13,
2823 569 2872 650 1,

596 675 755 737 Paul.
804 695 927 737 exc.
976 676 1130 737 Fest.
1179 696 1234 756 p.
1274 674 1377 758 82,
1416 674 1520 738 21.
1613 679 1885 738 ervillam
1932 696 2001 737 ex
2052 675 2331 738 Varronis
2387 684 2587 738 satura
2644 677 2869 738 codices

595 782 769 845 Nonii
815 802 870 863 p.
909 779 1057 866 204,
1096 781 1198 845 23.

770 895 1001 951 XXXIV
1047 889 1077 949 1
1147 890 1231 951 Ut
1295 899 1458 951 ante
1526 890 1844 952 brumam
1918 898 2066 951 sata
2143 908 2321 969 quae
2399 893 2702 970 septimo
2768 891 2872 952 die

594 996 839 1058 bruma
887 1006 1036 1057 sata
1085 998 1637 1078 quadragesimo
1686 997 1798 1058 die
1856 1000 1974 1059 uix
2034 997 2376 1074 existant]
2435 1000 2510 1060 Ut
2553 1006 2695 1060 ante
2740 1002 2873 1060 bru·

593 1121 749 1166 mam
793 1112 931 1165 sata
976 1108 1223 1181 septimo
1272 1108 1385 1180 die,
1432 1123 1593 1182 quae
1640 1124 1678 1165 a
1719 1107 1941 1192 ¹bruma
1985 1112 2124 1166 sata
2163 1105 2279 1165 XL
2327 1108 2426 1166 die
2473 1103 2628 1165 edita
2675 1105 2806 1165 inde
2843 1123 2873 1164 a

591 1212 860 1292 principe
908 1210 1165 1272 editione
1215 1211 1586 1291 exemplaria.
1662 1218 1732 1272 ut
1766 1219 1908 1274 ante
1945 1214 2221 1272 brumam
2256 1219 2394 1271 sata
2431 1228 2590 1285 quae
2634 1215 2873 1288 septimo

594 1321 721 1393 die,
777 1325 917 1395 post
969 1320 1245 1379 brumam
1299 1326 1435 1380 sata
1490 1321 1959 1394 quadraqesimo
2016 1322 2115 1380 die
2169 1321 2274 1378 vix
2328 1321 2597 1379 existant
2652 1318 2874 1399 scripsi,

591 1425 648 1487 h.
689 1445 736 1487 e.
786 1435 853 1487 ut
897 1425 1100 1486 eadem
1151 1428 1393 1509 semina,
1439 1445 1589 1505 quae
1638 1436 1773 1490 ante
1823 1426 2090 1488 brumam
2138 1435 2263 1487 sata
2312 1427 2565 1505 septimo
2615 1424 2710 1485 die
2761 1426 2874 1485 exi·

595 1541 778 1613 stunt,
827 1535 876 1594 si
922 1541 1059 1614 post
1104 1533 1375 1594 brumam
1422 1543 1545 1594 sata
1594 1541 1760 1617 sunt,
1806 1536 1902 1595 vix
1949 1532 2398 1613 quadragesimo
2456 1531 2550 1592 die
2609 1534 2873 1594 existant.

583 1648 724 1718 post
768 1643 1043 1701 brumam
1091 1649 1156 1701 ut
1204 1640 1570 1701 scriberetur
1616 1640 1992 1721 postulabant
2039 1648 2099 1702 et
2137 1659 2204 1701 ea
2243 1657 2394 1719 quae
2433 1657 2615 1718 supra
2661 1641 2875 1718 scripta

588 1756 727 1808 sunt
766 1755 905 1824 post
950 1750 1224 1809 brumam
1270 1766 1390 1808 non
1437 1767 1648 1810 serere
1692 1757 1753 1809 et
1798 1767 1947 1828 quae
1987 1747 2212 1810 Plinius
2251 1745 2433 1807 XVIII
2473 1744 2608 1808 204
2654 1766 2730 1808 ex
2768 1747 2877 1807 hoc

585 1854 716 1914 loco
765 1854 970 1935 refert,
1008 1858 1168 1915 inter
1206 1871 1406 1916 omnes
1454 1862 1656 1916 autem
1695 1859 1974 1920 convenit
2018 1859 2197 1917 eirea
2244 1857 2520 1916 brumam
2557 1857 2877 1916 serendum

586 1979 704 2022 non
753 1980 882 2023 esse
925 1979 1144 2037 maqno
1192 1968 1566 2038 armamenta,
1615 1966 1899 2037 quoniam
1944 1964 2203 2024 hiberna
2248 1965 2506 2037 semina,
2555 1980 2695 2023 eum
2743 1970 2879 2024 ante

592 2068 866 2128 brumam
911 2076 1049 2130 sata
1079 2071 1249 2149 sint,
1296 2071 1542 2145 septimo
1592 2072 1691 2130 die
1750 2078 2094 2146 erumpant,
2150 2074 2206 2130 si
2251 2077 2391 2147 post
2444 2071 2722 2131 brumam
2781 2074 2880 2131 vix

586 2178 1073 2252 quadrupesimo.
1168 2177 1384 2236 bruma
1429 2183 1566 2236 sata
1619 2175 1885 2237 defendit
1929 2175 2314 2237 Zahlfeldtius
2363 2185 2589 2255 quaest.
2640 2179 2775 2237 crit.
2822 2179 2878 2237 in

590 2279 749 2343 Varr.
796 2300 912 2344 rer.
961 2292 1109 2344 rust.
1156 2282 1287 2343 libr.
1335 2302 1390 2362 p.
1436 2280 1535 2362 16,
1583 2290 1650 2343 ut
1697 2292 1857 2344 esset
1903 2278 2202 2363 ‘tempore
2252 2278 2546 2364 brumae',
2593 2302 2705 2364 pro
2766 2304 2879 2365 quo

586 2389 962 2450 brumalibus
1009 2391 1221 2451 diebus
1268 2391 1557 2468 scriptum
1606 2388 1767 2450 est³I
1806 2387 1910 2471 29,
1946 2388 2007 2453 2.

761 2496 1160 2558 Putescere
1210 2500 1479 2558 semina
1527 2497 1837 2575 soleant]
1888 2500 2252 2560 Putrescere
2300 2517 2364 2558 m
2416 2505 2476 2558 et
2522 2492 2680 2558 edita
2744 2507 2877 2559 ante

585 2602 908 2665 Victorium
949 2604 1322 2685 exemplaria.
1397 2605 1510 2666 hoc
1548 2606 1985 2667 restituendum
2024 2625 2156 2667 esse
2198 2607 2426 2667 monuit
2463 2605 2878 2667 Lachmannus

587 2713 646 2771 in
695 2710 930 2772 Lucret.
977 2731 1033 2792 p.
1077 2710 1220 2776 188.
1314 2732 1450 2773 nam
1495 2720 1846 2791 putrescere
1895 2715 2188 2774 constanti
2246 2731 2358 2773 usu
2407 2711 2624 2774 dicitur
2673 2714 2748 2774 de
2809 2717 2879 2775 iis

587 2835 736 2896 quae
797 2836 1000 2879 umore
1060 2820 1147 2880 vel
1204 2820 1400 2880 calore
1457 2820 1546 2880 vel
1605 2820 1826 2899 frigore
1882 2820 2290 2901 resolvuntur,
2348 2828 2416 2880 ut
2473 2821 2625 2899 apud
2683 2823 2879 2900 ipsum

586 2923 909 2986 Varronem
945 2923 1087 3008 115,
1121 2924 1200 2989 16
1248 2947 1324 2989 ne
1369 2932 1637 3003 unqulae
1691 2935 2054 3004 putrescant
2107 2936 2166 2987 et
2222 2928 2458 3005 saepius
2505 2926 2657 3006 apud
2709 2926 2878 2988 Colu-

586 3031 818 3093 mellam
864 3032 917 3092 11
961 3030 1058 3114 10,
1096 3031 1199 3095 26.
1243 3034 1342 3117 11,
1381 3032 1437 3095 8.
1487 3033 1565 3094 111
1608 3032 1708 3115 11,
1750 3033 1804 3096 7.
1853 3034 1932 3094 XI
1970 3032 2028 3116 2,
2067 3031 2169 3096 61.
2217 3032 2278 3112 3,
2316 3029 2402 3094 56
2450 3041 2511 3095 et
2557 3034 2713 3113 apud
2752 3034 2877 3095 Pal-

584 3140 805 3201 ladium
862 3139 942 3201 ΙΙΙ
979 3137 1084 3221 25,
1126 3138 1236 3223 15;
1293 3141 1669 3220 putrefacere
1725 3140 1949 3203 Colum.
1987 3141 2067 3201 111
2113 3138 2209 3223 12,
2253 3139 2286 3202 1
2344 3159 2627 3202 umorem·
2669 3148 2880 3204 terrae

577 3247 978 3325 putrefacere
1025 3251 1296 3324 deposita
1342 3251 1591 3329 semina,
1640 3256 1699 3308 et
1747 3249 2055 3327 putrefieri
2101 3247 2314 3308 Pallad.
2353 3246 2379 3306 I
2417 3243 2519 3308 33.
2567 3246 2648 3308 Ill
2687 3246 2790 3331 10,
2820 3247 2876 3311 3.

588 3353 640 3413 X
679 3351 738 3414 9.
813 3355 1102 3415 adiectivo
1151 3362 1326 3434 puter
1376 3373 1519 3416 usus
1568 3363 1661 3416 est
1699 3354 1882 3415 Varro
1928 3354 1954 3414 I
1992 3353 2050 3437 8,
2087 3352 2131 3416 4
2170 3359 2353 3432 palus
2380 3386 2464 3398 —
2488 3362 2674 3432 puter
2712 3375 2879 3417 euer-

585 3465 764 3537 titur,
811 3461 836 3521 1
872 3458 978 3542 41,
1024 3459 1053 3521 1
1107 3466 1384 3523 tenellum
1431 3466 1588 3523 enim
1637 3466 1757 3523 etto
1806 3461 1967 3539 facit
2012 3469 2216 3540 putre.
2307 3469 2621 3540 putescere
2679 3471 2876 3522 autem

586 3587 705 3628 non
763 3570 997 3647 reperio
1054 3568 1278 3629 dictum
1335 3587 1464 3630 esse
1525 3570 1637 3629 nisi
1695 3569 1766 3629 de
1815 3571 1888 3630 iis
1936 3588 2085 3649 quae
2133 3587 2271 3630 cum
2319 3568 2469 3628 malo
2517 3566 2699 3628 odore
2749 3587 2875 3630 cor·

585 3681 977 3755 rumpuntur,
1047 3674 1168 3735 Cat.
1217 3673 1284 3756 3,
1330 3672 1374 3736 4
1446 3680 1578 3738 olea
1645 3685 1921 3754 puteseet
1984 3710 2086 3752 —‚
2161 3681 2354 3738 oleum
2420 3676 2720 3751 foetidum
2788 3680 2875 3751 fit,

586 3780 748 3843 Varr.
787 3782 859 3842 de
898 3781 1036 3860 ling.
1075 3780 1170 3842 lat.
1199 3781 1246 3840 V
1283 3779 1368 3844 25
1407 3786 1741 3865 puticulue,
1780 3787 1942 3858 quod
1977 3786 2379 3860 putescebant
2424 3785 2511 3843 tbi
2556 3786 2868 3845 cadavera

578 3893 887 3967 proiecta,
936 3888 1056 3949 Cic.
1103 3888 1280 3951 Tusc.
1326 3890 1475 3969 disp.
1530 3888 1695 3969 143,
1737 3887 1863 3952 102
1919 3890 1991 3950 de
2050 3908 2300 3969 corpore
2358 3892 2576 3950 mortui
2631 3893 2873 3952 humine

587 4017 667 4058 an
733 3998 985 4059 sublime
1042 4003 1341 4072 putescat.
1433 4015 1627 4076 neque
1694 4006 2028 4077 repugnant
2092 4015 2241 4076 quae
2308 3996 2380 4057 de
2457 4015 2633 4058 carne
2701 4016 2871 4059 suum

586 4107 808 4184 scripta
854 4112 994 4164 sunt
1042 4102 1159 4165 Cic.
1208 4104 1281 4164 de
1329 4104 1490 4165 deor.
1537 4113 1654 4165 nat.
1703 4103 1754 4162 11
1792 4101 1894 4186 64,
1940 4101 2067 4165 160
2113 4108 2219 4165 eui
2261 4107 2528 4179 quidem,
2574 4125 2651 4166 ne
2699 4114 2869 4183 pute·

583 4220 809 4287 sceret,
858 4215 1122 4272 animam
1172 4215 1361 4288 ipsam
1400 4229 1518 4288 pro
1565 4216 1694 4273 sale
1749 4214 1954 4272 datam
2010 4215 2163 4272 dicit
2215 4230 2344 4273 esse
2397 4213 2770 4290 Chrysippus
2815 4221 2870 4272 et

587 4319 658 4379 de
708 4318 805 4379 fin.
851 4317 892 4375 V
934 4316 1033 4401 13,
1071 4315 1155 4381 38
1215 4322 1480 4379 animum
1536 4322 1627 4379 illi
1670 4320 1902 4395 pecudi
1954 4321 2161 4378 datum
2208 4337 2328 4395 pro
2385 4322 2540 4399 sale,
2586 4338 2663 4380 ne
2699 4327 2867 4396 pute-

584 4433 808 4499 sceret,
858 4425 958 4486 ubi
1000 4433 1385 4502 putresceret
1429 4424 1647 4486 habent
1697 4444 1869 4486 manu
1919 4427 2126 4505 scripti
2183 4424 2342 4507 libri,
2393 4424 2495 4485 sed
2537 4429 2870 4502 putisceret

587 4533 815 4595 Nonius
860 4552 915 4614 p.
958 4531 1103 4615 161,
1148 4530 1242 4594 17.
