3178 5185
606 419 738 485 232
1592 422 1962 478 VARRONIS

606 589 700 648 die
750 587 1042 672 habentur
1090 591 1242 670 puri,
1289 597 1348 649 et
1385 589 1457 649 ab
1507 608 1576 650 eo
1626 589 1999 668 appellantur
2045 590 2117 651 ab
2164 591 2425 670 antiquis
2475 608 2692 670 sacreS,
2740 590 2895 668 quod

606 703 731 756 tum
771 695 840 754 ad
881 696 1236 757 sacrificium
1277 697 1476 756 idonei
1516 697 1798 756 dicuntur
1837 699 2111 775 primum.
2204 701 2404 778 itaque
2443 705 2588 776 aput
2624 695 2894 757 Plautum

603 804 663 863 in
713 802 1160 882 MenaechimiS,
1216 820 1351 862 cum
1407 804 1681 864 insanum
1740 823 1915 883 quem
1962 813 2157 885 putat,
2213 814 2281 865 ut
2325 807 2526 884 pietur
2571 806 2632 864 in
2680 787 2895 882 oppido

603 907 956 989 Epidamno,
1014 912 1340 987 interrogat
1398 906 1627 989 equanti
1672 912 1768 971 hic
1817 915 1985 989 porci
2032 920 2173 973 sunt
2219 907 2484 973 sacres?
2571 913 2628 971 si
2677 910 2896 970 fundus
2940 935 2949 942 ·

511 1021 586 1076 17
611 1018 932 1097 ministrat,
989 1016 1117 1076 dari
1172 1015 1362 1077 solent
1418 1020 1656 1078 vinacea
1713 1037 1779 1078 ac
1828 1021 1991 1097 scopi
2038 1038 2108 1078 ex
2157 1021 2301 1080 uvis,
2395 1020 2610 1078 amisso
2658 1019 2897 1076 nomine
2952 1030 2977 1069 5

603 1122 888 1183 lactantes
936 1123 1218 1183 dicuntur
1264 1125 1582 1185 nefrendes
1631 1124 1703 1184 ab
1751 1143 1838 1204 e0,
1888 1124 2046 1204 quod
2084 1125 2347 1184 nondum
2386 1124 2578 1185 fabam
2619 1123 2894 1183 frendere

602 1237 879 1310 possunt,
936 1229 993 1289 id
1053 1238 1145 1290 est
1190 1230 1481 1309 frangere.
1572 1251 1792 1310 porcus
1839 1250 2116 1310 graecum
2168 1240 2257 1292 est
2303 1250 2520 1292 nomen
2565 1233 2897 1311 antiquum,

602 1336 705 1396 sed
753 1336 1155 1418 obscuratum,
1204 1338 1360 1416 quod
1409 1358 1567 1399 nunc
1616 1358 1751 1399 eum
1800 1348 2010 1400 vocant
2052 1340 2331 1400 choeron.
2425 1341 2484 1398 in
2524 1356 2729 1398 eorum
2772 1339 2896 1398 fetu

602 1445 828 1504 scrofae
878 1444 969 1503 bis
1017 1443 1111 1503 die
1160 1453 1227 1504 ut
1272 1444 1476 1505 bibant
1523 1455 1736 1507 curant
1780 1446 1952 1507 lactis
1990 1465 2183 1508 causa.
2276 1464 2485 1525 parere
2525 1463 2684 1505 nunc
2718 1463 2895 1523 opor-

600 1557 727 1609 tere
779 1569 1020 1632 porcoS,
1078 1559 1222 1629 quot
1268 1570 1549 1614 mammas
1599 1554 1834 1635 habeat3
1893 1557 1941 1614 si
1992 1556 2186 1613 minus
2234 1555 2448 1633 pariat,
2507 1553 2893 1612 fructuariam
2920 1561 2972 1600 1⁰

505 1657 879 1719 18idoneam
945 1675 1062 1717 non
1130 1676 1287 1740 esse3
1352 1662 1400 1719 si
1464 1660 1667 1738 plures
1730 1663 1946 1742 pariat,
2011 1679 2141 1721 esse
2198 1668 2558 1738 portentum.
2659 1662 2718 1719 in
2776 1678 2895 1737 quo

600 1764 743 1824 illud
822 1766 1298 1843 antiquissimum
1366 1767 1547 1827 fuisse
1617 1768 1926 1850 scribitur,
2000 1768 2155 1847 quod
2225 1786 2327 1828 sus
2390 1767 2622 1826 Aeneae
2690 1764 2895 1825 Lavini

599 1873 841 1949 triginta
907 1891 1120 1950 porcos
1185 1874 1657 1951 peperitalbos
1757 1879 1956 1955 itaque
2015 1875 2171 1956 quod
2228 1874 2601 1953 portenderit
2654 1872 2895 1953 factum,

591 1987 730 2055 post
767 1979 1137 2039 tricesimum
1175 1999 1395 2041 annum
1435 1989 1499 2042 ut
1537 1981 1921 2044 Lavinienses
1949 1983 2325 2044 condiderint
2354 1982 2636 2060 oppidum
2669 1980 2894 2040 Albam.

597 2084 777 2145 huius
843 2088 967 2147 suis
1023 2106 1090 2148 ac
1146 2107 1465 2167 porcorum
1523 2091 1700 2150 etiam
1756 2109 1915 2151 nunc
1972 2092 2217 2169 vestigia
2273 2090 2558 2168 adparent
2615 2085 2864 2164 [iamne]
2877 2135 2894 2168 ,
2921 2091 2968 2131 ¹⁵

738 2281 770 2329 2
811 2279 950 2345 aput
989 2277 1248 2331 Plautum
1284 2277 1344 2331 in
1378 2276 1780 2334 Menaechimis
1814 2284 1927 2336 289

737 2459 768 2506 2
824 2453 1014 2508 idonei
1059 2455 1131 2507 ad
1187 2454 1517 2510 sacrificium
1575 2475 1713 2514 corr.
1770 2456 1841 2512 ad
1899 2455 2229 2512 sacrificium
2287 2454 2475 2510 idonei
2520 2455 2577 2508 B
2722 2455 2890 2510 sacri-

592 2542 773 2597 fitium
810 2541 866 2598 A
1010 2546 1149 2615 aput
1188 2543 1299 2600 PA
1346 2547 1494 2616 apud
1536 2547 1632 2602 Bv
1779 2552 1809 2602 3
1847 2545 2247 2602 menaechimis
2285 2547 2342 2601 P
2374 2543 2738 2600 menechimis
2768 2544 2889 2599 AB

592 2632 971 2687 menaechmis
1017 2650 1049 2687 v
1265 2639 1300 2687 4
1345 2635 1644 2704 epidamno
1692 2653 1725 2691 v
1771 2636 2072 2705 epidamdo
2112 2637 2291 2691 ΡΑΒ
2503 2632 2800 2703 interroga
2834 2632 2888 2687 A

734 2721 828 2776 hic
886 2722 999 2777 VB
1052 2722 1111 2776 in
1168 2739 1304 2778 corr.
1358 2724 1449 2778 hic
1496 2727 1549 2778 A
1597 2724 1679 2779 hii
1723 2743 1775 2779 m
1920 2732 1951 2779 5
2007 2723 2244 2780 uinacea
2290 2740 2356 2779 ac
2402 2722 2558 2792 scopi
2613 2723 2889 2778 Victorius

591 2811 824 2865 uinacea
878 2828 944 2865 ac
1000 2812 1188 2882 scopei
1248 2813 1428 2866 ΡΑΒ
1483 2812 1710 2868 uinaeia.
1764 2830 1830 2867 ac
1888 2814 2045 2883 scapi
2097 2831 2130 2868 v
2289 2820 2320 2866 6
2376 2813 2653 2867 lactantes
2705 2812 2887 2866 ΡΑΒ

591 2900 852 2955 lactantis
906 2919 938 2955 v
1154 2902 1430 2971 frendere]
1487 2903 1746 2958 frondere
1793 2905 1844 2956 A
2064 2908 2094 2957 7
2150 2903 2384 2971 possunt
2430 2901 2547 2955 AB
2612 2902 2888 2956 Victorius

589 2988 808 3058 possint
873 2990 926 3043 V
1136 2996 1169 3045 8
1245 2991 1484 3046 choeron
1543 2990 1728 3046 ΡΑΒ
1802 2998 1991 3061 χοῖρον
2056 3009 2089 3045 υ
2303 2991 2445 3060 fetu]
2511 2992 2649 3059 petu
2704 2990 2886 3044 ΡΑΒ

590 3096 731 3147 pecu
786 3096 840 3132 m
908 3081 1045 3148 potu
1092 3098 1125 3135 v
1155 3122 1167 3135 .
1201 3080 1405 3135 ‘Antea
1467 3083 1530 3135 in
1595 3083 1809 3135 excusis
1875 3078 2023 3135 Potu
2048 3102 2064 3133 .·
2095 3081 2158 3135 in
2221 3098 2392 3134 manu
2454 3080 2677 3147 scriptis
2742 3080 2884 3132 anti-

589 3169 876 3236 quioribus
912 3168 1052 3223 Petu
1081 3189 1098 3221 .·
1126 3169 1190 3221 in
1225 3170 1530 3223 semiaetere
1562 3169 1711 3223 Pecu
1739 3191 1756 3222 :
1785 3170 1965 3224 Foeta
2010 3171 2117 3240 leyi
2152 3171 2337 3224 debere
2373 3171 2636 3224 arbitrati
2669 3167 2880 3222 sumus'

610 3257 884 3311 Victorius
924 3299 934 3310 .
976 3258 1208 3323 fortasse
1281 3258 1337 3309 in
1408 3257 1595 3313 fetura
1809 3265 1841 3312 9
1916 3273 2110 3327 parere
2175 3275 2322 3313 nunc
2387 3260 2646 3327 oportere
2703 3258 2885 3311 ΡΑΒ

590 3361 785 3412 parere
839 3362 987 3398 nunc
1044 3346 1269 3413 oportet
1322 3363 1354 3400 v
1410 3363 1607 3415 parere
1652 3348 1743 3402 tot
1789 3348 2046 3416 oportere
2092 3345 2237 3400 A²m
2282 3363 2478 3415 parere
2524 3347 2614 3400 tot
2659 3346 2886 3412 oportet

589 3434 880 3488 Iucundus
900 3476 911 3488 .
933 3436 1163 3500 fortasse
1199 3435 1620 3503 parere-dicunt
1645 3437 1881 3491 totidem
1914 3438 2169 3505 oportere
2283 3442 2348 3489 10
2387 3437 2526 3503 quot
2551 3451 2827 3488 mammas
2853 3451 2884 3487 v

590 3522 740 3590 quod
778 3539 1052 3596 mammas
1080 3523 1261 3577 ΡΑΒ
1370 3530 1434 3577 12
1475 3525 1736 3578 scribitur
1773 3525 1944 3580 fuisse
1982 3542 2116 3580 corr.
2156 3522 2330 3579 fuisse
2360 3522 2622 3579 scribitur
2649 3524 2705 3577 B
2821 3529 2884 3576 13

589 3610 811 3681 peperit
857 3612 1033 3665 ΡΑΒ
1090 3628 1232 3681 pepe
1255 3613 1374 3666 ..it
1417 3631 1449 3668 v
1504 3613 1787 3683 pepererit
1830 3615 2100 3683 Anqelius
2271 3611 2482 3667 factum
2529 3610 2883 3681 trigesimum

590 3717 797 3754 annum
849 3702 911 3753 ut
957 3700 1296 3755 labinienses
1348 3703 1403 3754 P
1445 3703 1659 3757 factum
1706 3701 2050 3757 tricesimum
2097 3719 2305 3756 annum
2353 3704 2417 3755 ut
2462 3701 2782 3755 labinenses
2829 3699 2885 3755 A

589 3787 797 3844 factum
838 3786 1223 3843 tricensimum
1261 3805 1467 3843 annum
1504 3792 1567 3843 ut
1594 3789 1932 3844 labinienses
1962 3790 2018 3843 B
2053 3789 2266 3844 factum
2294 3789 2645 3859 trigesimum
2676 3807 2883 3844 annum

588 3879 651 3931 ut
684 3877 1000 3933 lauinenses
1036 3896 1068 3933 v
1214 3884 1280 3931 14
1319 3878 1669 3933 condiderint
1706 3878 1974 3947 oppidum
2013 3878 2144 3932 alba
2182 3877 2296 3932 VB
2332 3876 2685 3932 condiderint
2721 3879 2881 3947 oppi-

588 3968 721 4074 ‹fililig
759 4019 813 4074 A
856 4021 1225 4075 condiderunt
1263 4021 1526 4092 oppidum
1564 4023 1753 4076 albam
1793 4039 1844 4075 m
1882 4020 2186 4076 conderent
2224 4019 2492 4090 oppidum
2533 4021 2738 4075 Albam
2779 4023 2880 4075 Iu·

587 4110 800 4164 candus
946 4115 1011 4163 15
1060 4108 1223 4164 huius
1268 4110 1356 4165 uis
1403 4127 1540 4164 corr.
1588 4109 1753 4164 huius
1803 4109 1917 4163 suis
1955 4111 2009 4166 A
2155 4099 2427 4180 apparent
2471 4109 2655 4164 iamne
2699 4112 2881 4165 ΡΑΒ

587 4200 865 4267 apparent
909 4198 968 4251 in
1015 4216 1177 4253 amne
1224 4218 1271 4255 v.
1351 4199 1632 4269 ‘Vestigia
1677 4202 1953 4269 apparent
1989 4198 2235 4266 Lauinii,
2284 4200 2434 4269 quod
2482 4204 2541 4254 et
2579 4200 2879 4255 simulacra

589 4304 778 4342 eorum
836 4289 939 4342 etc.
1024 4288 1122 4341 Ea:
1167 4291 1388 4358 inqenio
1433 4290 1514 4342 ita
1561 4291 1849 4343 emendam·
1855 4331 1874 4357 ,
1929 4308 2060 4344 ‘nam
2097 4291 2434 4359 peruulqata
2479 4291 2633 4343 lec-tio
2673 4307 2880 4359 parum

588 4377 723 4430 mihi
750 4377 1125 4445 probabatur,
1172 4383 1221 4431 et
1268 4396 1302 4431 a
1340 4382 1516 4431 uetere
1550 4377 1913 4446 discrepabat.
1956 4411 2019 4417 —
2060 4378 2169 4433 Sed
2196 4379 2363 4446 prius
2399 4394 2521 4432 cum
2557 4379 2664 4444 fide
2700 4383 2876 4434 uetus·

587 4473 700 4520 tam
736 4467 1067 4534 scripturam
1103 4467 1191 4519 hic
1228 4467 1504 4533 adponam
1534 4483 1551 4515 .-
1578 4464 1838 4535 Vestigia
1875 4469 2150 4537 apparent
2184 4467 2388 4535 iamne,
2428 4465 2577 4534 quod
2615 4468 2675 4521 et
2711 4467 2874 4521 simu-

586 4556 740 4609 lacra
775 4554 989 4608 eorum’
1039 4552 1314 4607 Victorius
