3178 5185
877 440 1136 495 RERVM
1182 441 1660 496 RVSTICARVM
1699 442 1834 497 LIB.
1872 443 1925 496 H
1967 440 1997 495 1
2448 433 2573 497 143

299 594 636 677 obnoxium,
704 604 1018 675 propterea
1084 597 1301 656 accidit
1366 604 1431 656 ut
1504 596 1766 657 diversas
1837 598 2192 657 offensiones
2256 594 2571 658 incurrat'.

300 704 470 762 immo
522 705 805 782 quoniam
845 721 1030 781 pecus
1068 722 1201 763 non,
1228 703 1398 786 valet,
1435 703 1656 764 domini
1694 707 1928 783 pecoris
1966 723 2139 784 saepe
2180 723 2385 783 magna
2425 704 2572 765 cala-

296 811 485 869 mitate
545 808 922 873 adiiciuntur.
1016 818 1305 872 mutatum
1365 813 1519 871 enim
1578 819 1669 872 est
1724 814 1785 872 in
1843 802 2023 872 altera
2079 820 2245 891 parte
2304 815 2569 873 enuntia-

303 918 471 976 tionis
522 915 858 978 subiectum
908 916 1090 999 verbi,
1139 917 1210 977 de
1251 936 1367 996 quo
1417 918 1637 978 dictum
1689 926 1780 978 est
1824 937 2002 998 supra
2049 918 2099 978 11
2143 917 2198 999 1,
2225 917 2286 980 4.

465 1022 688 1085 Cuius
728 1026 1080 1085 scientiae
1119 1043 1380 1103 genera
1419 1024 1553 1084 duo
1596 1032 1670 1085 ut
1716 1027 1786 1085 in
1833 1025 2181 1085 hominem
2229 1043 2438 1086 unum
2488 1026 2565 1086 ad

296 1148 492 1208 quem
551 1130 942 1191 adhibendi
1000 1131 1255 1191 medici
1313 1130 1541 1192 altera
1609 1150 1784 1211 quae
1850 1134 2004 1210 ipse
2066 1135 2274 1192 etiam
2340 1134 2567 1194 fastor

295 1236 601 1316 diligens
652 1238 923 1298 mederi
978 1237 1247 1317 possit]
1315 1240 1498 1299 Cuius
1550 1243 1845 1300 scientiae
1893 1258 2127 1314 qenera
2183 1243 2329 1315 duc,
2382 1258 2568 1301 unum

294 1352 356 1403 ut
401 1348 463 1405 in
511 1348 836 1426 hominem,
893 1348 979 1406 ad
1031 1364 1204 1420 quem
1251 1349 1588 1407 adhibendi
1632 1350 1876 1422 medici,
1933 1351 2215 1427 alterum,
2271 1366 2386 1422 quo
2443 1351 2569 1424 ipse

293 1455 467 1512 etiam
508 1459 725 1528 pastor
772 1456 1029 1528 diligens
1069 1456 1304 1514 mederi
1331 1457 1521 1530 possit
1558 1453 1878 1514 IucunduS.
1953 1458 2097 1529 quoi
2136 1457 2263 1529 ipse
2300 1453 2565 1514 Ursinus,

294 1560 351 1618 in
398 1578 632 1640 pecore,
682 1562 840 1620 sicut
884 1562 943 1619 in
992 1559 1248 1642 homine,
1296 1559 1413 1620 duo
1463 1569 1603 1621 sunt
1648 1556 1864 1639 genera
1912 1559 2272 1641 morborum,
2319 1560 2566 1620 alterum

294 1685 496 1727 eorum
545 1667 616 1726 ad
667 1685 817 1745 quos
862 1667 1077 1727 medici
1116 1666 1431 1727 adhibendi
1469 1677 1628 1748 sunt,
1666 1667 1918 1728 alterum
1958 1686 2165 1728 eorum
2205 1666 2421 1747 quibus
2460 1670 2573 1746 ipsi

294 1782 556 1853 pastores
605 1773 831 1833 mederi
878 1784 1147 1853 possunt.
1221 1773 1290 1833 ad
1340 1774 1489 1834 hauc
1529 1777 1882 1835 sententiam
1922 1774 2348 1836 restituendam
2386 1793 2570 1855 pauca

293 1882 350 1940 in
394 1888 594 1941 vetere
643 1882 936 1960 scriptura
986 1880 1345 1941 emendanda
1388 1890 1571 1963 erant,
1621 1885 1796 1942 cuius
1833 1885 2127 1942 scientiae
2158 1901 2394 1957 qenera
2433 1885 2569 1956 duo,

292 1995 359 2047 ut
392 1991 452 2049 in
482 1991 738 2062 homine,
787 2006 969 2048 unum
999 1991 1085 2049 ad
1118 2006 1278 2063 quae
1315 1991 1651 2049 adhibendi
1685 1992 1920 2062 medici,
1959 1993 2216 2049 alterum
2252 2007 2411 2063 quae
2446 1993 2573 2065 ipse

297 2098 469 2155 etiam
509 2102 725 2183 pastor
773 2098 1029 2170 diliyens
1076 2097 1309 2156 mederi
1336 2099 1543 2173 possit.
1622 2114 1755 2156 nam
1803 2113 1900 2155 res
1938 2098 2116 2175 ipsae,
2165 2113 2314 2173 quae
2353 2114 2470 2155 uno
2511 2105 2570 2156 et

296 2200 472 2261 altero
527 2218 747 2280 genere
803 2202 1211 2284 continentur,
1267 2203 1652 2282 appositionis
1710 2201 1836 2261 loco
1893 2202 1961 2261 ad
2023 2204 2283 2282 nomina,
2351 2202 2567 2281 quibus

295 2316 473 2368 totum
522 2327 711 2388 genus
742 2310 1123 2390 significatur,
1154 2309 1380 2369 additae
1431 2317 1596 2369 sunt:
1645 2308 1696 2368 ll
1735 2307 1796 2389 6,
1824 2305 1866 2369 3
1903 2311 2120 2369 horum
2158 2326 2392 2384 qenera
2431 2311 2566 2393 duc,

296 2434 472 2476 unum
520 2416 754 2496 ferum,
810 2434 956 2490 quos
1010 2424 1231 2477 vocant
1283 2434 1572 2491 onaqros,
1631 2412 1654 2474 1
1692 2412 1751 2490 5,
1780 2413 1822 2475 4
1868 2418 2138 2476 secunda
2178 2434 2355 2491 pars,
2412 2434 2570 2490 quae

299 2531 604 2584 moventur
640 2556 737 2605 —-‚
767 2532 856 2584 est
884 2527 1021 2585 item
1052 2526 1353 2601 bipertita,
1384 2522 1436 2583 11
1469 2521 1524 2606 1,
1559 2519 1640 2583 12
1669 2527 1851 2584 tertia
1875 2542 2027 2600 pars
2064 2529 2152 2584 est
2182 2527 2242 2583 in
2263 2527 2569 2599 pecuaria

297 2648 445 2703 quae
490 2650 609 2692 non
650 2638 979 2711 parantur,
1027 2630 1106 2690 111
1144 2629 1202 2711 3,
1232 2629 1273 2693 3
1319 2634 1550 2708 species
1585 2665 1674 2673 —
1712 2635 1909 2692 altera
1957 2635 2094 2693 item
2141 2639 2320 2691 extra
2367 2635 2567 2692 villam

298 2755 445 2811 quae
480 2744 638 2811 sunt,
679 2737 754 2798 ib.
795 2735 837 2799 5
873 2741 1142 2799 secunda
1180 2756 1339 2813 quae
1377 2741 1645 2799 macerie
1682 2772 1769 2781 --
1807 2742 2152 2799 cluduntur.
2201 2771 2276 2782 —
2320 2738 2565 2799 verbum

297 2847 520 2905 mederi
558 2863 711 2923 ‚cum
766 2848 1098 2905 accusativo
1164 2862 1305 2904 casu
1372 2844 1586 2923 legitur
1644 2846 1797 2924 apud
1855 2844 2198 2905 Terentium
2246 2845 2481 2905 Phorm.
2521 2845 2566 2902 V

295 2947 357 3028 4,
394 2949 435 3012 3
490 2970 645 3027 quas
687 2985 763 2994 —
808 2955 1042 3014 mederi
1088 2955 1281 3027 possis
1347 2960 1406 3011 et
1470 2953 1623 3032 apud
1691 2952 2000 3032 Apuleium
2067 2960 2299 3013 metam.
2343 2951 2440 3012 Vll
2485 2951 2562 3014 17

297 3076 348 3135 p.
382 3054 505 3119 195
555 3062 932 3133 iniquitatem
973 3061 1266 3134 ponderis
1304 3062 1675 3134 medebatur,
1723 3058 1825 3120 ubi
1869 3062 2186 3134 iniquitate
2226 3062 2285 3118 in
2328 3058 2565 3119 Floren-

293 3166 409 3225 tino
458 3166 666 3226 codice
715 3168 1003 3245 scriptum
1052 3174 1158 3225 est.

461 3271 549 3336 22
610 3273 923 3351 Propter
964 3274 1253 3332 nimium
1309 3272 1623 3333 laborem
1681 3280 1758 3335 ut
1814 3276 2246 3334 contrariam
2305 3273 2564 3334 nullam

293 3377 927 3459 exercitationem]
1000 3381 1385 3441 Contrarium
1442 3379 1623 3440 editio
1679 3382 1957 3459 princeps
2017 3399 2048 3439 a
2104 3380 2389 3441 Politiano
2447 3400 2561 3441 non

293 3496 557 3549 correcta
598 3496 657 3548 et
696 3487 879 3547 codex
921 3486 1322 3567 Florentium,
1361 3490 1740 3547 contrariam
1779 3486 2002 3566 reliqua
2042 3488 2390 3568 apographa.
2458 3498 2565 3549 aut

294 3604 503 3657 contra
521 3603 787 3674 propter
815 3599 1042 3656 nullam
1080 3597 1581 3655 exercitationem
1621 3612 1692 3653 ex
1721 3593 1928 3654 Aldina
1966 3593 2223 3654 editione
2259 3604 2564 3676 receptum

295 3711 427 3763 erat.
503 3704 722 3763 omissa
769 3704 1223 3783 praepositione,
1272 3717 1445 3780 quam
1495 3700 1797 3761 Iucundus
1836 3700 2156 3780 addiderat,
2203 3705 2413 3781 scripsi
2458 3711 2565 3763 aut

294 3816 502 3877 contra
550 3813 777 3871 nullam
825 3812 1352 3871 exercitationem:
1409 3807 1432 3866 1
1473 3806 1529 3886 7,
1562 3806 1598 3867 7
1664 3812 1724 3868 in
1780 3812 1910 3869 loco
1957 3827 2183 3883 aquoso
2231 3816 2338 3869 aut
2383 3814 2562 3870 etiam

295 3935 466 3993 aqua,
515 3916 570 3976 ΙΙ
608 3913 668 3997 5,
702 3913 782 3977 13
822 3920 1081 3994 pariunt
1128 3920 1187 3975 in
1237 3918 1440 3976 decem
1487 3933 1704 3989 annosi,
1761 3918 2061 3990 quaedam
2107 3919 2287 3976 etiam
2334 3920 2561 3992 plures,

298 4022 349 4098 7,
380 4022 460 4086 15
519 4028 602 4084 in.
638 4026 821 4084 subus
878 4027 1153 4100 maialeS,
1206 4027 1388 4099 pallis
1429 4026 1794 4098 qallinaceis
1841 4026 1996 4098 capi,
2056 4022 2135 4081 111
2173 4020 2232 4105 9,
2260 4020 2301 4083 9
2350 4026 2565 4084 debent

291 4136 481 4205 potius
528 4135 591 4191 in
641 4132 1036 4206 concipiendo
1095 4137 1431 4206 occupatae
1487 4149 1642 4206 esse,
1699 4148 1878 4204 quam
1935 4131 2307 4205 incuband0‚
2373 4127 2483 4211 10,
2518 4127 2562 4190 4

292 4242 635 4312 producunt
682 4241 745 4298 in
785 4244 991 4313 prata,
1039 4239 1176 4296 item
1214 4241 1505 4314 piscinas.

465 4345 681 4424 Signa
729 4353 959 4404 autem
1009 4352 1174 4403 sunt
1221 4351 1296 4404 ut
1343 4362 1583 4404 eorum
1634 4346 1750 4422 qui
1799 4345 1859 4402 si
1906 4362 1937 4402 e
1992 4342 2235 4402 labore
2293 4342 2558 4403 febrem

301 4448 550 4513 habent
598 4452 1013 4529 adapertum
1060 4449 1296 4509 umido
1351 4450 1655 4530 spiritu]
1714 4453 1783 4511 Si
1837 4470 1870 4510 e
1923 4452 2132 4511 labore
2192 4447 2327 4509 libri
2382 4469 2556 4511 manu

302 4561 511 4637 scripti.
591 4578 625 4619 e
671 4559 870 4617 omisit
917 4556 1258 4637 Pontianus,
1307 4560 1409 4636 qui
1457 4557 1863 4635 neglegentius
1911 4557 2223 4618 lectionem
2272 4559 2557 4636 principis
