3178 5185
834 407 1095 461 RERVM
1135 405 1613 462 RVSTICARVM
1650 408 1785 463 LIB.
1824 409 1875 462 II
1914 406 2085 463 4—5
2479 398 2602 463 169

323 561 508 622 sarum
547 563 811 622 verrium
847 560 1163 644 maialium,
1193 564 1294 642 qui
1332 562 1845 642 distinguerentur
1878 581 1911 622 a
1949 561 2229 642 gregibus
2266 580 2605 645 porcorum,

322 686 468 748 quos
526 671 844 748 separatim
907 669 1234 751 pascendos
1292 688 1423 731 esse
1490 688 1669 751 supra
1734 670 1957 731 dictum
2013 678 2156 730 erat.
2249 689 2604 751 quamquam

318 795 637 857 porcorum
684 795 896 858 greges
946 797 1063 839 non
1112 780 1309 839 minus
1353 776 1756 857 inaequabiles
1813 797 1944 839 6556
1994 796 2168 858 quam
2216 781 2456 839 maioris
2504 797 2603 857 pe-

320 885 473 944 coris
523 902 595 945 ex
640 886 715 944 iis
762 904 912 964 quae
962 885 1175 946 deinde
1222 886 1294 946 de
1343 887 1540 965 porcis
1588 887 1808 964 scripta
1856 893 1997 947 sunt
2052 894 2312 965 apparet.
2403 887 2604 965 itaque

319 992 538 1052 omisso
585 994 858 1072 genetivo
906 996 1221 1071 maiorum,
1262 994 1363 1072 qui
1411 1010 1483 1052 ex
1522 1011 1593 1052 eo
1633 992 1789 1071 quod
1830 994 2103 1073 sequitur
2138 996 2402 1055 maiores
2448 992 2604 1054 vide-

319 1108 414 1160 tur
479 1107 651 1161 ortus
715 1118 873 1183 esse,
938 1102 1150 1181 scripsi
1209 1118 1432 1176 oreqes
1506 1101 1920 1175 inaequabiles
1992 1101 2232 1161 habent.
2324 1118 2458 1161 nam
2532 1100 2604 1161 de

318 1202 720 1286 magnitudine
781 1226 1027 1287 gregum
1085 1209 1288 1267 eadem
1345 1206 1469 1267 fere
1528 1209 2002 1286 praecipiuntur,
2061 1225 2209 1286 quae
2267 1207 2338 1267 de
2395 1206 2605 1268 ovibus

319 1316 540 1395 scripta
586 1321 727 1374 511111
772 1313 825 1375 ΙΙ
862 1313 924 1397 2,
962 1312 1050 1377 20
1094 1317 1464 1389 relinquitur
1511 1316 1587 1375 de
1632 1331 1910 1394 numero,
1966 1331 2140 1389 quem
2191 1313 2439 1390 faciunt
2496 1318 2609 1376 alii

318 1423 627 1500 maiorem,
674 1424 786 1482 alii
828 1424 1148 1482 minorem:
1205 1425 1358 1481 nulli
1411 1425 1567 1481 enim
1623 1423 1803 1481 huius
1858 1423 2090 1482 moduli
2140 1426 2458 1483 naturales
2466 1443 2491 1494 ;
2548 1430 2608 1482 et

320 1527 389 1587 de
446 1526 643 1588 bubus
698 1523 848 1609 115,
889 1525 970 1589 18
1035 1530 1282 1603 quidam
1345 1528 1570 1588 habent
1634 1535 1743 1588 aut
1804 1530 2098 1589 minorem
2152 1535 2262 1589 aut
2315 1532 2606 1591 maiorem

317 1653 655 1696 numerum.

488 1741 796 1823 Aliquod
869 1743 1178 1803 maiores
1245 1741 1549 1820 faciunt]
1616 1743 1860 1818 Aliquot
1924 1761 2042 1803 non
2108 1743 2307 1804 addito
2371 1747 2609 1805 nomine

313 1859 621 1931 praeterea
695 1848 1002 1929 legebatur
1060 1848 1238 1931 1117,
1275 1846 1317 1911 5
1387 1858 1456 1910 ut
1517 1852 1633 1911 hoc
1696 1853 1980 1927 optimum
2045 1869 2175 1912 esse
2245 1856 2608 1931 scripserint

316 1962 546 2033 aliquot
592 1963 652 2016 61
697 1955 775 2016 III
817 1953 872 2036 7,
917 1954 993 2019 11
1065 1974 1202 2018 eum
1266 1960 1499 2033 aliquot
1558 1975 1752 2034 supra
1809 1964 2047 2019 centum
2104 1962 2332 2020 milium
2387 1967 2606 2022 sester-

316 2069 460 2125 tium
507 2065 778 2125 habeant
824 2065 1313 2139 instrumentum,
1359 2062 1465 2124 ubi
1525 2081 1635 2143 pro
1693 2066 1966 2139 aliquod,
2025 2064 2180 2143 quod
2238 2064 2375 2126 libri
2432 2085 2610 2128 manu

315 2174 522 2252 scripti
570 2169 808 2250 habent,
857 2172 1053 2245 aliqui
1096 2172 1327 2250 scripsi.
1420 2169 1578 2231 idem
1625 2170 1740 2230 hoc
1799 2170 1927 2230 loco
1985 2172 2424 2234 restituendum
2479 2173 2608 2236 fuit.

315 2297 445 2340 113111
495 2281 730 2354 aliquot
774 2295 911 2338 cum
957 2277 1297 2339 nominibus
1348 2280 1734 2339 coniunctum
1793 2280 2136 2358 saepissime
2191 2281 2254 2340 in
2299 2280 2393 2341 his
2440 2280 2610 2343 libris
2712 2332 2719 2335 ,

318 2387 569 2468 legitur3
620 2387 748 2445 sine
796 2387 1034 2445 nomine
1083 2403 1200 2445 non
1249 2385 1484 2447 videtur
1532 2386 1758 2446 dictum
1804 2404 1953 2446 6556.

493 2493 1166 2572 61631511111116111111
1210 2502 1457 2573 pastor
1512 2492 1596 2553 ab
1653 2511 1778 2554 sua
1835 2493 2161 2555 utilitate
2217 2497 2609 2558 constituit

316 2622 448 2664 non
519 2610 595 2663 ut
653 2600 836 2681 quod
895 2619 1146 2661 uerres
1201 2600 1457 2665 habeat
1510 2600 1578 2661 id
1637 2603 1820 2661 enim
1878 2601 1958 2661 ab
2014 2610 2269 2663 natura
2327 2621 2605 2665 sumen·

317 2708 501 2788 dnm]
561 2710 662 2769 Aa
710 2726 884 2769 suam
938 2711 1259 2769 utilitatem
1313 2708 1494 2769 editio
1550 2710 1858 2790 princepS,
1917 2707 2019 2769 ubi
2081 2712 2159 2771 ab
2226 2718 2286 2770 et
2349 2715 2612 2774 utilitate

316 2818 643 2879 Politianus
701 2835 732 2876 6
791 2815 994 2876 codice
1051 2815 1374 2897 adnotavit,
1440 2833 1614 2876 suam
1677 2814 1940 2894 reliquit.
2029 2818 2107 2877 ab
2161 2836 2276 2878 sua
2330 2821 2610 2895 utilitate,

318 2924 471 3004 quod
532 2922 865 3003 apographa
920 2921 1165 3004 habent,
1220 2921 1375 2983 haud
1433 2921 1612 2982 dubie
1669 2923 1731 2981 in
1789 2922 2108 3003 archetypo
2168 2923 2295 2985 fuit.
2391 2924 2606 2986 deinde

317 3051 435 3093 non
490 3034 704 3107 utique
758 3036 904 3106 quot
941 3048 1165 3091 ‘verres
1219 3031 1445 3091 habeat
1500 3030 1732 3109 scripsi.
1823 3047 1943 3090 non
1999 3033 2086 3091 ita
2141 3029 2234 3090 vel
2288 3049 2408 3093 non
2470 3035 2609 3093 item

318 3138 622 3200 Gesnerus
686 3138 1041 3197 coniecerat.
1132 3155 1447 3198 numerum
1514 3138 1712 3216 gregis
1776 3145 1978 3216 pastor
2044 3136 2116 3197 ab
2181 3156 2287 3198 5113
2353 3139 2609 3200 utilitate

319 3247 657 3327 constituit3
703 3247 766 3305 in
813 3245 1231 3305 constituendo
1279 3246 1540 3305 verrium
1588 3261 1857 3325 numeru,
1896 3246 1999 3324 qui
2046 3262 2077 3303 a
2116 3254 2326 3306 natura
2374 3264 2609 3306 sumen-

319 3354 428 3416 dus
476 3361 588 3435 est,
637 3370 803 3412 suam
851 3352 1168 3413 utilitatem
1215 3354 1385 3432 sequi
1433 3353 1661 3431 nequit.

493 3457 608 3521 Vl
652 3458 1114 3540 Sinepirotae
1153 3461 1392 3538 inquit
1429 3458 1724 3519 charete
1764 3466 1833 3518 et
1871 3455 2247 3519 uarronem
2287 3468 2610 3521 nostrum

319 3567 572 3649 inquid
619 3566 1128 3647 poemenalaon
1177 3566 1489 3627 scrofam
1535 3568 1718 3626 enim
1777 3583 1976 3626 1113116
2032 3564 2372 3644 5311113111]
2422 3566 2608 3628 Pravo

318 3676 539 3738 iudicio
588 3692 735 3736 usus
782 3673 1082 3734 Gesnerus
1130 3675 1530 3735 accusativum
1582 3674 1916 3734 Varronem
1963 3681 2234 3734 nostrum
2281 3675 2360 3734 ita
2408 3673 2608 3734 defen·

320 3784 430 3865 dit,
489 3791 557 3843 ut
614 3782 988 3862 aposiopesin
1046 3780 1449 3842 salutatoriam
1513 3780 1665 3841 hanc
1730 3781 1861 3841 6556
1927 3780 2171 3841 diceret.
2242 3797 2362 3841 non
2427 3783 2612 3860 magis

321 3890 563 3970 probari
618 3896 818 3969 potest
873 3887 1032 3967 quod
1082 3886 1444 3949 Schneidero
1500 3888 1723 3968 placuit
1778 3906 1811 3947 3
1857 3886 2335 3969 BrenckmannO,
2391 3895 2460 3947 ut
2514 3890 2612 3970 ait,

322 3998 632 4057 inventum
668 3996 729 4055 in
777 3993 1287 4076 observationibus
1334 3995 1726 4056 miscellaneis
1764 3994 2015 4074 Belgicis
2064 4014 2114 4055 v.
2152 3993 2226 4054 VI
2261 4014 2319 4074 p.
2357 3989 2488 4057 579
2536 4015 2612 4057 en

338 4104 676 4165 Varronem
713 4109 1003 4177 nostrum,
1044 4102 1200 4181 quod
1235 4101 1637 4164 Schneiderus
1674 4104 1753 4162 ita
1790 4103 2245 4181 interpretatur:
2281 4100 2609 4163 Lucienum

323 4219 456 4291 post
522 4227 899 4271 communem
965 4212 1227 4270 omnium
1289 4202 1727 4290 salutationem,
1792 4226 1929 4269 cum
1983 4207 2306 4269 Varronem
2373 4227 2610 4289 quoque

326 4317 530 4379 adesse
587 4316 859 4398 vidisset,
905 4316 1065 4377 hunc
1129 4326 1197 4378 ut
1258 4320 1607 4397 primarium
1675 4324 1736 4377 et
1796 4317 2182 4396 praecipuum
2248 4314 2487 4396 adloqui
2551 4326 2612 4378 et

329 4425 502 4486 simul
557 4424 631 4485 de
691 4422 924 4504 Scrofa,
978 4441 1053 4483 ne
1107 4423 1543 4504 praetereundo
1607 4426 1819 4484 tacitus
1884 4440 2020 4483 eum
2086 4422 2441 4505 offenderet,
2498 4423 2610 4486 hoc

333 4531 567 4612 addere,
618 4549 682 4591 56
730 4528 897 4591 illum
944 4532 1057 4591 iam
1106 4549 1275 4592 mane
1314 4531 1529 4592 vidisse
1577 4538 1639 4591 et
1685 4529 1989 4592 salutasse.
2064 4538 2129 4590 ut
2174 4532 2367 4590 iustus
2406 4548 2610 4593 rerum
