3178 5185
467 360 596 424 308
720 368 1101 423 COMMENT.
1141 369 1220 421 IN
1259 365 1634 421 VARRONIS
1683 367 1847 420 RER.
1883 367 2092 420 RVST.
2131 366 2269 424 LIB.
2304 367 2385 420 III
2436 365 2512 421 17

457 525 894 603 permiserit
942 522 1054 583 uel
1103 530 1179 582 ut
1226 540 1422 581 suam
1470 524 1843 599 pecuniam
1882 519 2376 598 consumeret]
2425 522 2496 579 In
2536 522 2756 597 baiano

473 638 580 691 aut
619 632 852 690 ardeae
889 636 1063 689 tanta
1094 630 1357 689 ardebat
1383 646 1558 703 eura,
1607 635 1673 688 ut
1712 631 2049 689 architecto
2081 629 2447 704 permiserit,
2486 633 2553 686 ut
2587 644 2757 686 suam

465 740 792 813 pecuniam
839 743 1221 796 consumeret
1258 733 1501 815 Merula,
1550 738 1613 794 in
1651 736 1889 795 Baiano
1928 741 2129 795 autem
2167 742 2338 795 tanta
2382 751 2510 812 sqq.
2547 733 2759 793 Iucun-

472 843 600 904 duS.
695 849 1011 921 corruptae
1068 841 1355 901 librorum
1415 843 1746 920 scripturae
1804 849 1914 902 aut
1958 844 2132 901 ardis
2186 839 2509 920 probabilis
2565 857 2760 899 emen-

475 949 631 1010 datio
701 951 937 1009 inventa
996 967 1113 1007 non
1171 956 1278 1008 est.
1371 953 1434 1008 in
1482 950 1720 1009 Baiano
1777 954 1977 1009 autem
2032 951 2221 1008 maris
2278 953 2449 1007 tanta
2504 948 2767 1006 ardebat

471 1075 630 1118 eura
679 1055 1079 1115 Schneiderus
1127 1056 1397 1115 coniecit.
1491 1056 1710 1132 scripsi
1769 1058 1830 1115 in
1878 1056 2116 1115 Baiano
2172 1060 2369 1114 autem
2426 1055 2765 1126 aedificans

475 1170 646 1223 tanta
705 1164 966 1222 ardebat
1021 1180 1195 1223 eura.
1288 1160 1501 1221 deinde
1567 1165 1693 1242 vel,
1754 1161 1911 1239 quod
1977 1161 2049 1221 ab
2103 1159 2432 1221 editoribus
2478 1161 2763 1219 omissum

478 1278 623 1344 erat,
675 1268 1076 1329 Schneiderus
1126 1267 1365 1328 addidit.
1458 1276 1525 1328 ut
1569 1273 1666 1328 vel
1708 1286 1879 1328 suam
1927 1267 2179 1328 Ursinus
2226 1269 2576 1327 coniecerat.

656 1374 1037 1435 Dummodo
1084 1373 1528 1453 perduceret
1573 1392 1835 1452 specus
1882 1393 1913 1433 e
1966 1375 2272 1453 piscinis
2310 1375 2381 1433 in
2421 1392 2606 1433 mare
2646 1372 2766 1432 ob·

475 1485 664 1542 iecta
714 1481 875 1540 culo
924 1499 1055 1559 qua
1104 1490 1349 1541 aestus
1377 1514 1465 1523 —
1494 1479 1776 1559 posset]
1826 1479 1892 1541 In
1932 1480 2250 1560 archetypo
2290 1489 2491 1549 utrum
2530 1483 2768 1541 obieeta

486 1608 557 1649 an
608 1590 848 1649 abiecta
891 1589 1186 1666 scriptum
1234 1588 1433 1667 fuerit,
1481 1606 1598 1646 non
1649 1595 1897 1647 constat.
1982 1590 2358 1649 obieetaeulo
2406 1605 2523 1662 quo
2572 1594 2775 1649 aestus

479 1696 635 1756 edita
691 1695 828 1755 inde
886 1713 916 1752 a
985 1696 1251 1773 principe
1320 1695 1578 1754 editione
1637 1693 2026 1775 exemplaria,
2090 1693 2354 1754 inaudito
2411 1693 2566 1773 apud
2628 1693 2774 1753 alios

483 1802 782 1882 vocabulo,
831 1820 948 1880 quo
997 1797 1243 1862 ‘molem
1293 1804 1440 1861 mari
1482 1803 1814 1879 oppositam
1854 1820 1959 1861 seu
1999 1802 2217 1860 montis
2255 1799 2504 1860 alicuius
2543 1799 2776 1860 obicem

483 1909 572 1970 vel
622 1901 953 1969 obiectum’
996 1909 1313 1986 significari
1355 1907 1759 1968 Schneiderus
1798 1907 2114 1968 adnotavit.
2189 1909 2426 1968 obieeta
2463 1911 2615 1968 mole
2652 1926 2776 1982 qua

481 2024 684 2078 aestus
732 2017 961 2095 scripsi.

663 2121 748 2185 10
811 2123 896 2183 Et
941 2140 1095 2183 cum
1142 2122 1286 2183 lacta
1334 2121 1760 2182 candidatus
1810 2132 2058 2182 noster
2108 2122 2535 2199 designatus
2583 2120 2777 2180 aedi·

487 2231 577 2290 lis
624 2247 697 2289 se
745 2231 813 2288 in
862 2227 1105 2288 uillam
1154 2231 1270 2288 cui
1318 2247 1444 2288 nos
1492 2229 1894 2289 occidimus
1942 2236 2012 2288 et
2058 2227 2406 2307 gratulati
2466 2230 2538 2286 in
2586 2230 2782 2306 capi-

486 2335 735 2397 tolium
785 2333 1333 2414 persequimur]
1391 2336 1622 2395 Aedilis
1663 2339 1724 2395 in
1764 2339 1966 2396 villam
2004 2343 2064 2395 et
2102 2334 2315 2395 deinde
2349 2338 2782 2411 prosequimur

488 2443 726 2504 Merula.
803 2450 862 2503 et
900 2461 1108 2503 eeeum
1147 2449 1321 2502 reeta
1360 2445 1731 2502 candidatus
1769 2450 1976 2503 noster
2015 2445 2366 2517 desiqnaius
2404 2445 2637 2516 aediliS,
2677 2445 2787 2502 eui

488 2569 596 2612 nos
643 2553 1032 2612 occurrimus
1078 2548 1399 2610 IucunduS.
1473 2567 1651 2609 manu
1702 2552 2062 2628 scriptorum
2109 2548 2396 2610 librorum
2446 2548 2783 2629 lectionem,

490 2675 662 2736 quam
711 2656 1017 2715 Mercerus
1066 2658 1124 2715 in
1174 2654 1311 2715 Tac.
1351 2655 1540 2715 annal.
1580 2654 1784 2716 11142
1844 2674 1915 2715 ex
1964 2656 2229 2716 Parisino
2287 2654 2489 2715 codice
2540 2655 2780 2715 adnota-

490 2771 673 2842 verat,
723 2763 984 2822 restituit
1023 2760 1444 2842 Sclmeideru5‚
1493 2764 1598 2840 qui
1636 2762 2013 2824 candidatum
2052 2748 2248 2822 curuli
2287 2764 2633 2839 magistratu
2674 2764 2781 2822 im·

490 2877 722 2948 petrato
752 2869 927 2928 latam
956 2885 1283 2947 purpuram
1325 2871 1652 2946 sumpsisse
1678 2879 1752 2936 *et
1794 2872 1855 2929 in
1895 2869 2087 2929 villam
2124 2868 2422 2948 publicam
2459 2868 2527 2929 ad
2559 2870 2784 2929 amicos

489 2994 552 3035 se
610 2974 934 3035 contulisse
990 2973 1311 3036 admonuit.
1403 2994 1493 3049 se,
1556 2976 1714 3053 quod
1772 2978 1898 3035 sine
1969 2975 2149 3035 verbo
2206 2975 2323 3035 dici
2387 2994 2504 3035 non
2569 2977 2786 3055 potuit,

490 3081 695 3142 delevi.
790 3081 1003 3141 deinde
1054 3085 1397 3168 oeeedimus
1447 3084 1678 3160 scripsi.
1745 3086 2178 3159 persequimur
2217 3100 2287 3141 ex
2326 3100 2501 3143 manu
2541 3084 2785 3160 scriptis

489 3187 663 3248 libris
710 3189 977 3249 restitui:
1023 3187 1103 3246 Ill
1147 3186 1244 3267 12,
1277 3186 1312 3250 7
1363 3196 1430 3248 ut
1476 3192 1620 3249 inde
1667 3184 1735 3249 te'
1769 3193 2083 3250 cuniculos
2120 3196 2476 3267 persecutos
2512 3192 2785 3251 credam.

672 3294 800 3354 llle
857 3293 1022 3353 inde
1079 3294 1257 3354 endo
1317 3313 1511 3355 suam
1570 3295 1846 3355 domum
1902 3314 2029 3355 nos
2086 3303 2403 3356 nostram
2454 3297 2787 3374 opinioni

491 3409 738 3462 noster
780 3419 1107 3461 sermone
1148 3401 1229 3460 de
1261 3402 1592 3480 pastione
1625 3400 1952 3461 uillatica
1983 3404 2384 3462 summatim
2414 3401 2546 3462 hoc
2576 3420 2782 3480 quem

492 3510 794 3587 exposui
846 3507 1127 3585 habito]
1188 3510 1299 3569 Ille
1354 3511 1495 3568 inde
1541 3511 1741 3568 eundo
1792 3526 1966 3568 suam
2015 3512 2278 3583 domum,
2333 3525 2441 3568 nos
2496 3516 2786 3569 nostram.

490 3617 790 3691 opinionis
838 3621 1085 3676 nostrae
1121 3632 1458 3677 sermonem
1499 3617 1574 3676 de
1605 3618 1887 3692 pastione
1932 3618 2211 3676 uillatiea
2245 3619 2585 3676 summatim
2621 3618 2789 3676 hune

492 3738 667 3796 quem
713 3725 969 3797 exposui
1021 3723 1239 3783 habeto
1286 3720 1527 3783 Merula.
1624 3740 1695 3781 ex
1743 3720 2011 3782 Parisino
2071 3720 2275 3781 codice
2334 3721 2478 3781 haec
2526 3724 2790 3783 correxit

494 3828 800 3888 Mercerus
839 3828 873 3887 l.
914 3846 983 3908 c.,
1022 3831 1122 3889 ille
1170 3831 1310 3889 inde
1350 3831 1504 3889 endo
1542 3847 1716 3890 suam
1747 3831 2000 3902 domum,
2040 3847 2148 3889 nos
2186 3835 2475 3909 nostram,
2520 3846 2554 3889 o
2602 3829 2794 3890 Pinni

494 3943 715 4009 noster,
744 3951 1020 3995 sermone
1048 3938 1124 3995 de
1154 3938 1433 4011 pastione
1461 3936 1733 3997 villatica
1769 3938 2106 3997 summatim
2135 3938 2277 4009 boc,
2312 3952 2486 4010 quem
2516 3939 2792 4011 exposui,

496 4042 727 4122 habito,
793 4042 934 4100 item
1001 4050 1135 4119 post
1189 4041 1354 4102 illum
1412 4040 1703 4101 Trillerus
1767 4040 2058 4101 observat.
2108 4043 2238 4102 crit.
2286 4038 2355 4122 4,
2402 4039 2485 4102 27
2543 4060 2599 4120 p.
2637 4038 2792 4103 469.

498 4150 651 4208 endo
688 4165 863 4208 suam
901 4150 1137 4208 domum
1177 4147 1248 4207 ad
1288 4147 1622 4227 exemplum
1662 4147 1995 4209 Ennianum
2045 4152 2199 4209 endo
2235 4167 2408 4209 suam
2448 4152 2523 4209 do
2561 4148 2790 4209 dictum

497 4272 633 4315 esse
673 4254 977 4315 Mercerus
1025 4253 1337 4315 adnotavit.
