3178 5185
567 405 606 465 8
1247 405 1628 461 ΟΟΜΜΕΝΤ.
1667 404 1745 458 IN
1782 403 2160 458 VARRONIS

568 565 794 626 Bernae
834 582 881 624 a.
926 559 1095 623 1863
1135 580 1204 620 ex
1245 560 1448 620 codice
1495 559 1765 619 Parisino
1814 558 1988 618 editis
2033 578 2088 637 p.
2127 556 2262 616 XIII
2309 559 2369 616 in
2419 574 2598 616 carm.
2635 553 2661 613 Ι
2698 552 2759 635 1,
2800 551 2876 615 12

569 675 786 751 scripta
845 680 984 731 sunt
1044 668 1214 748 haec,
1274 669 1510 728 Attalus
1564 685 1682 726 rex
1730 666 1857 742 fuit
1911 667 2456 740 Peryamenorum,
2505 668 2618 738 qui
2667 666 2878 724 omnia

569 783 727 841 bona
771 798 885 840 sua
939 779 1225 838 Romanis
1270 776 1379 836 sub
1420 781 1770 834 testamento
1809 775 2061 833 demisit.
2131 775 2380 848 scripsit
2425 779 2631 832 autem
2683 773 2880 829 multa

568 891 644 948 de
688 890 833 962 aqri
876 889 1138 946 cultura.

746 989 795 1050 N
806 992 1080 1050 icesius
1111 986 1540 1064 maronites]
1571 988 1850 1047 Hicesius
1881 985 2219 1047 Maronites
2257 987 2511 1045 coniecit
2542 983 2880 1044 Schneide-

571 1117 676 1160 rns
715 1097 1015 1158 Hicesium
1058 1096 1352 1156 medicum
1391 1095 1505 1155 dici
1545 1103 1731 1174 ratus,
1771 1095 1873 1172 qui
1912 1111 2087 1172 saepe
2127 1102 2186 1153 et
2229 1112 2259 1152 a
2298 1092 2486 1153 Plinio
2528 1101 2587 1153 et
2627 1091 2708 1151 ab
2750 1091 2882 1151 aliis

568 1205 913 1287 appellatur,
963 1222 1317 1282 quamquam
1364 1204 1416 1263 is
1463 1220 1657 1280 neque
1697 1201 1808 1261 hoc
1849 1201 1995 1282 1000,
2043 1201 2145 1261 sed
2187 1219 2364 1279 supra
2402 1209 2538 1280 post
2576 1199 2880 1278 Hegesiae

570 1333 803 1394 nomen,
849 1319 917 1373 ut
964 1311 1109 1371 ordo
1149 1310 1480 1371 litterarum
1522 1319 1839 1391 constaret,
1879 1306 2260 1388 appellandus
2301 1308 2428 1388 fuit,
2471 1326 2673 1386 neque
2717 1308 2881 1369 unde

569 1420 858 1480 oriundus
906 1419 1086 1478 fuerit
1134 1420 1371 1478 scimuS.
1456 1419 1654 1497 itaque
1702 1424 2052 1496 corruptum
2103 1433 2317 1475 nomen
2364 1413 2581 1475 Nicesii
2632 1413 2885 1493 reliqui.

572 1524 927 1607 Columella,
974 1526 1076 1603 qui
1115 1523 1139 1582 1
1181 1522 1237 1606 1,
1268 1522 1304 1584 7
1347 1543 1472 1602 sqq.
1522 1522 1774 1602 plurima
1814 1524 2174 1601 scriptorum
2213 1523 2446 1582 nomina
2492 1540 2562 1581 ex
2600 1520 2881 1581 Varrone

574 1635 849 1712 repetivit
905 1642 964 1692 et
1018 1633 1233 1712 patria,
1291 1649 1403 1709 qua
1467 1632 1719 1709 quisque
1776 1639 1950 1689 natus
2007 1638 2191 1711 esset,
2246 1628 2499 1689 indicata
2556 1628 2883 1708 disposuit,

576 1759 759 1801 unum
808 1741 1131 1799 nominavit
1187 1737 1516 1803 Maroniten
1568 1735 1903 1815 Hegesiam3
1961 1735 2063 1795 sed
2122 1735 2202 1795 ibi
2263 1737 2321 1796 in
2372 1734 2882 1814 Sangermanensi

573 1847 776 1908 codice
813 1850 1070 1907 hicetias
1107 1849 1394 1905 mariotes
1433 1845 1723 1923 scriptum
1762 1854 1870 1923 est,
1912 1843 2222 1903 manifesto
2263 1845 2423 1926 vitio,
2469 1843 2628 1922 quod
2673 1853 2879 1904 tamen

576 1955 976 2015 Schneiderns
1026 1952 1306 2014 defendit.

757 2060 838 2123 10
902 2060 1043 2121 Hos
1101 2059 1484 2120 nobilitate
1541 2076 1738 2137 mago
1805 2056 2418 2136 carthaginiensis
2480 2061 2886 2136 praeteriit

574 2170 928 2250 phoenica
972 2155 1237 2246 'lingua
1295 2165 1474 2245 quod
1547 2183 1662 2225 res
1720 2165 2096 2244 dispersas
2153 2164 2607 2244 comprendit
2665 2165 2883 2227 libris

575 2276 762 2353 XIIX]
825 2278 1148 2337 Nobilitate
1193 2273 1516 2333 Politianus
1554 2286 1644 2332 'ex
1693 2271 2039 2354 archetypo,
2104 2291 2223 2333 non
2279 2274 2645 2347 nobilitates,
2720 2273 2881 2353 qnod

577 2384 877 2444 Gesnerus
914 2384 1200 2460 principis
1238 2381 1512 2441 editionis
1542 2378 1796 2440 lectione
1834 2381 2176 2441 nobilitatos
2207 2382 2266 2440 in
2296 2398 2560 2440 errorem
2588 2381 2883 2441 inductus

580 2490 957 2550 indicaverat.
1031 2491 1092 2548 in
1132 2487 1333 2547 codice
1376 2495 1567 2547 tamen
1608 2489 1915 2548 nobilitate
1952 2488 2135 2546 fuisse
2174 2486 2425 2568 videtur,
2464 2486 2619 2565 quod
2652 2488 2700 2547 A
2744 2497 2806 2549 et
2835 2487 2880 2547 B

584 2598 820 2678 habent,
844 2598 1215 2657 nobilitatem
1245 2592 1430 2653 codex
1460 2591 1771 2675 Caesenas,
1805 2596 2118 2655 nobilitate
2146 2613 2203 2654 m
2242 2603 2301 2653 et
2329 2592 2647 2654 Iucundos,
2721 2605 2880 2656 cete-

582 2723 714 2766 rum
748 2723 819 2764 ex
848 2703 1278 2782 antiquissimis
1310 2699 1745 2780 exemplaribus
1775 2700 1966 2762 adhuc
1996 2720 2173 2780 prave
2212 2698 2488 2761 distincta
2530 2701 2882 2763 ferebantur

582 2811 757 2871 verba
805 2813 865 2869 in
904 2809 1062 2869 hunc
1102 2810 1358 2889 modum,
1405 2811 1512 2869 hos
1551 2811 1862 2870 nobilitate
1901 2810 2087 2884 Maqo
2134 2810 2656 2883 Carthayiniensis
2688 2829 2878 2887 prae-

579 2922 746 2980 teriit
767 2920 1028 2993 poenica
1047 2919 1278 2992 linqua,
1298 2919 1463 2990 quod
1478 2934 1578 2977 res
1601 2919 1907 2993 dispersas
1927 2918 2380 2993 comprehendit
2398 2918 2571 2976 libris
2591 2918 2658 2975 X
2656 2918 2729 2975 X
2728 2918 2878 2977 IIX.

582 3025 684 3085 sed
733 3026 794 3085 in
842 3023 954 3083 hoc
1002 3040 1219 3100 genere
1266 3021 1546 3103 plurima,
1599 3041 1748 3100 quae
1797 3024 1934 3083 olim
1982 3023 2293 3103 depravata
2342 3031 2535 3103 erant,
2592 3022 2879 3084 adnotare

585 3132 793 3194 inutile
844 3131 971 3191 fuit.
1037 3138 1341 3209 praeterea
1390 3133 1498 3204 qui
1540 3132 1771 3212 scripsi,
1820 3129 1919 3190 ubi
1965 3132 2026 3189 in
2076 3147 2249 3190 manu
2301 3130 2537 3208 scriptis
2595 3140 2653 3191 et
2702 3131 2880 3191 editis

586 3237 1024 3318 exemplaribus
1062 3239 1226 3311 quod
1262 3237 1389 3315 fuit,
1427 3238 1534 3298 hos
1572 3240 1884 3298 nobilitate
1913 3238 2099 3312 Maqo
2136 3238 2658 3313 Carthaqiniensis
2689 3257 2875 3314 prae-

582 3350 766 3420 teriit,
807 3348 1068 3422 poenica
1114 3348 1326 3418 linqua
1365 3348 1474 3418 qui
1507 3363 1608 3405 res
1647 3348 1954 3421 dispersas
1992 3347 2356 3421 conprendit
2389 3346 2562 3405 libris
2590 3346 2876 3406 XXIIX.

762 3451 838 3514 11
910 3451 1379 3512 circumcisis
1436 3451 1654 3511 rebus
1712 3470 1888 3531 quae
1938 3471 2073 3511 non
2121 3451 2454 3512 arbitror
2501 3454 2876 3530 pertinere

584 3561 661 3620 ad
695 3562 850 3642 agri
881 3556 1270 3635 culturam]
1316 3560 1477 3630 Quas
1508 3576 1628 3620 non
1658 3561 1931 3619 arbitror
1962 3557 2234 3619 Ursinus,
2282 3558 2633 3638 prudentius
2660 3558 2877 3620 Petrus

586 3659 772 3727 Faber
820 3672 1134 3726 comment.
1183 3666 1241 3724 in
1291 3664 1477 3725 Cicer.
1516 3665 1742 3726 Lucull.
1786 3684 1836 3726 c.
1878 3663 1963 3726 14
2010 3659 2224 3745 (Cicer.
2264 3666 2520 3727 academ.
2555 3666 2643 3725 ed.
2684 3664 2873 3727 DaviS.

583 3796 635 3855 p.
659 3769 817 3857 308)
850 3771 1325 3852 inaequalitatem
1356 3774 1638 3833 orationis
1667 3775 1728 3833 in
1759 3775 1996 3833 nomine
2027 3792 2128 3833 res
2162 3791 2278 3832 non
2309 3772 2604 3833 insolitam
2636 3776 2873 3834 notavit

585 3883 863 3942 Varronis
903 3878 1237 3957 exemplum
1268 3878 1318 3938 ll
1352 3877 1407 3958 1,
1438 3877 1477 3939 3
1508 3899 1646 3941 cum
1675 3884 1946 3942 viverent
1972 3883 2239 3940 homines
2268 3898 2348 3941 ex
2387 3883 2461 3941 iis
2489 3883 2688 3957 rebus,
2719 3900 2876 3957 quae

588 3993 877 4050 inviolata
915 3991 1076 4047 ultro
1099 3984 1301 4061 ferret
1339 3994 1510 4047 terra
1550 3986 1853 4048 Gesnerus
1891 3987 2222 4066 adscripsit.
2289 3986 2497 4046 similia
2536 3996 2677 4048 sunt
2714 3988 2874 4068 haec,

585 4099 646 4156 in
705 4094 918 4174 quibus
985 4111 1119 4153 cum
1187 4091 1393 4152 eodem
1452 4096 1689 4154 nomine
1747 4096 2092 4173 pronomina
2154 4093 2242 4153 vel
2297 4095 2606 4173 participia
2666 4104 2873 4155 neutro

585 4220 804 4281 genere
844 4204 1156 4262 coniuncta
1206 4210 1360 4275 sunt,
1409 4199 1451 4281 1,
1490 4198 1548 4282 3,
1581 4199 1615 4261 1
1666 4220 1824 4277 quae
1871 4204 2247 4275 diiunyenda
2296 4208 2491 4261 essent
2536 4220 2575 4261 a
2632 4207 2874 4264 cultura

587 4312 763 4369 cuius
809 4310 973 4368 modi
1014 4311 1134 4367 sint
1178 4311 1462 4383 quoniam
1509 4312 1865 4382 discretum,
1923 4312 1998 4369 de
2045 4312 2119 4368 iis
2173 4309 2355 4369 rebus
2411 4325 2570 4382 quae
2619 4314 2873 4370 scientia

586 4420 663 4476 sit
712 4419 772 4475 in
821 4417 1071 4475 colendo
1117 4433 1225 4475 nos
1264 4418 1497 4490 docete,
1549 4414 1575 4473 l
1614 4413 1672 4495 5,
1700 4413 1746 4476 4
1790 4419 1973 4477 tertia
2013 4433 2165 4491 pars
2213 4418 2289 4476 de
2334 4417 2518 4476 rebus
2566 4419 2873 4491 dividitur,

586 4541 743 4599 quae
790 4524 875 4581 ad
917 4538 1214 4595 quamque
1260 4539 1386 4581 rem
1440 4525 1563 4582 sint
1602 4525 2073 4599 praeparanda,
2129 4520 2155 4580 1
2197 4519 2252 4601 7,
2281 4521 2323 4580 4
2371 4539 2525 4597 quas
2577 4543 2678 4586 res
2725 4528 2875 4586 duas
