3178 5185
910 442 1172 497 RERVM
1208 443 1688 498 RVSTIOARVM
1724 444 1860 500 LIB.
1899 445 1978 498 III
2023 444 2099 500 16
2521 437 2649 501 297

538 599 703 660 Cum
752 618 781 659 a
839 598 1150 659 miliario
1214 617 1366 660 cum
1422 598 1491 658 id
1548 599 1815 659 fecisse
1882 607 2047 658 sunt
2111 599 2656 662 animaduersae

362 706 696 767 iaciundo
761 708 830 766 in
889 724 1005 766 eas
1060 706 1361 784 puluere
1418 714 1489 766 et
1549 706 2214 766 circumtinniendo
2275 724 2438 766 aere
2496 726 2656 786 per-

364 816 670 874 territae
720 832 854 892 quo
902 812 1157 873 uolunt
1202 813 1608 893 perducere
1655 830 1792 873 non
1840 812 2048 890 louge
2111 812 2274 872 inde
2323 811 2659 875 oblinunt

362 919 713 998 erithace]
779 922 923 981 Cum
970 939 1009 981 a
1054 924 1319 982 miliario
1366 938 1503 981 cum
1551 923 1619 981 id
1679 920 2044 1002 apographa,
2093 938 2228 981 cum
2285 938 2324 980 a
2381 925 2656 983 mellario

367 1030 433 1088 id
474 1029 537 1087 in
585 1029 853 1107 principe
902 1027 1159 1087 editione
1206 1027 1532 1087 Politianus
1580 1045 1698 1087 non
1747 1029 2023 1087 correxit.
2109 1045 2245 1088 cum
2294 1045 2333 1087 a
2379 1008 2654 1088 mellaria

363 1137 429 1195 id
456 1134 681 1211 fecisse
706 1142 850 1196 sunt
884 1138 1364 1210 animadversae,
1396 1137 1683 1195 iaciundo
1723 1137 1785 1195 in
1823 1153 1926 1195 eas
1947 1137 2261 1211 pulverem
2298 1140 2359 1194 et
2394 1138 2657 1195 circum·

365 1244 677 1303 tinniendo
716 1260 864 1303 aere
894 1246 1264 1319 perterritas
1301 1259 1418 1316 quo
1456 1245 1717 1302 voluerit
1742 1245 2048 1318 perducet
2083 1239 2309 1301 Merula
2347 1248 2407 1301 et
2444 1241 2656 1301 deinde

366 1348 580 1427 reliqui
629 1348 905 1408 editores,
979 1367 1100 1409 non
1148 1352 1322 1423 lonqe
1369 1351 1510 1409 inde
1555 1366 1792 1409 ramum
1837 1353 1932 1410 vel
1973 1351 2124 1424 quid
2167 1351 2342 1408 aliud
2384 1351 2659 1410 oblinunt

362 1459 637 1517 erithace
681 1455 1004 1537 IucunduS,
1053 1455 1208 1534 quod
1259 1455 1661 1516 Schneiderus
1709 1457 1954 1535 recepit.
2038 1454 2232 1515 deleto
2283 1457 2480 1533 priore
2527 1455 2655 1515 loco

362 1580 500 1623 cum
549 1564 761 1642 scripsi
826 1581 865 1623 a
920 1566 1193 1624 mellaria
1250 1581 1386 1624 cum
1444 1566 1511 1623 id
1560 1562 1786 1638 fecisse
1843 1570 1983 1623 sunt
2042 1565 2507 1623 animadversae
2515 1583 2540 1634 ;
2598 1563 2660 1621 in

366 1669 614 1748 reliquis
658 1668 977 1730 lectionem
1025 1670 1331 1750 archetypi
1385 1672 1637 1730 restitui.
1722 1688 1858 1730 cum
1905 1688 1936 1728 a
1985 1668 2248 1729 mellario
2296 1668 2657 1728 animadver-

365 1793 496 1836 sum
546 1783 639 1835 est
684 1794 824 1855 apes
873 1795 944 1836 ex
991 1776 1135 1836 alvis
1183 1779 1404 1857 exisse,
1451 1786 1764 1856 postquam
1822 1794 1925 1837 eae
1979 1775 2224 1854 pulvere
2282 1776 2552 1836 iaciendo
2600 1784 2660 1836 et

363 1900 497 1943 aere
547 1883 1083 1943 circumtinniendo
1130 1886 1483 1962 perterritae
1532 1892 1701 1965 sunt,
1749 1901 1868 1943 non
1924 1881 2095 1961 longe
2144 1881 2216 1942 ab
2265 1900 2335 1941 eo
2391 1881 2548 1962 loco,
2596 1884 2658 1942 in

365 2007 541 2067 quem
604 2007 702 2049 eas
757 1989 1089 2067 perducere
1149 1988 1378 2070 volunt,
1436 1989 1710 2050 oblinunt
1772 1988 1955 2049 rebus
2013 1988 2383 2069 quibusdam,
2441 1988 2659 2067 quihus

366 2113 505 2174 apes
571 2094 959 2156 delectantur.
1053 2114 1187 2156 nam
1252 2098 1635 2176 participium
1692 2098 2066 2173 perterritae
2121 2089 2530 2182 neglegentius
2586 2095 2658 2156 ad

365 2204 625 2281 priorem
669 2211 901 2281 partem
941 2205 1366 2264 enuntiationis
1404 2203 1763 2282 adplicatum
1802 2209 1908 2262 est.
1986 2203 2261 2261 oblinunt
2295 2207 2494 2261 autem
2539 2219 2658 2261 non

367 2307 562 2368 addita
610 2327 675 2368 re
726 2327 875 2386 quae
922 2308 1208 2371 oblinitur
1252 2329 1362 2388 per
1411 2329 1475 2370 se
1524 2310 1748 2371 dictum
1797 2316 1904 2368 est.

446 2477 452 2483 ,
542 2413 624 2478 31
693 2415 1048 2476 Adferunt
1094 2416 1329 2477 aluum
1378 2435 1600 2496 prope
1661 2415 1943 2476 easdem
1999 2414 2279 2474 inliciis
2337 2423 2407 2475 et
2459 2416 2659 2477 litam

366 2524 560 2582 intus
619 2530 688 2581 et
732 2540 953 2603 prope
1002 2526 1372 2604 appositae
1429 2524 1618 2584 fumo
1682 2523 1830 2583 leni
1885 2521 2331 2583 circumdato
2395 2531 2660 2603 cogunt

370 2647 484 2689 eas
532 2628 838 2707 intrare]
886 2632 966 2691 Et
1011 2634 1179 2692 litam
1227 2649 1298 2691 ex
1347 2631 1667 2711 archetypo
1706 2630 2032 2690 Politianus
2081 2628 2396 2711 adnotavit,
2442 2639 2502 2692 et
2545 2635 2658 2693 illi-

369 2744 491 2797 tam
538 2755 614 2815 m,
661 2740 863 2797 elitam
920 2736 1148 2816 reliqua
1196 2737 1545 2817 apographa.
1640 2742 1851 2799 illitam
1904 2770 1976 2779 —-
2024 2736 2194 2812 fumo
2241 2740 2359 2797 levi
2401 2741 2659 2798 circum-

370 2846 511 2905 dato
559 2842 799 2904 Merula.
894 2845 1167 2918 afferunt
1222 2849 1419 2905 alvum
1467 2862 1665 2921 prope
1721 2846 1941 2906 eisdem
1996 2847 2196 2904 illiciis
2244 2847 2454 2904 illitam
2502 2848 2662 2905 intus

370 2957 430 3010 et
456 2967 652 3026 prope
690 2954 966 3027 apposita
998 2950 1168 3026 fumo
1198 2954 1317 3011 levi
1351 2953 1728 3012 circueundo
1767 2956 1994 3024 coqunt
2029 2969 2133 3011 eas
2171 2954 2410 3010 intrare
2445 2948 2660 3010 Iucun-

369 3056 497 3117 dus,
589 3059 713 3117 leni
758 3075 829 3116 ex
876 3057 1079 3117 codice
1126 3056 1423 3117 Victorius
1487 3056 1676 3130 dedit,
1732 3054 1962 3133 reliqua
2020 3074 2092 3115 ex
2138 3055 2345 3115 Aldina
2401 3053 2659 3115 editione

368 3164 671 3243 repetivit3
730 3167 1111 3225 circumdato
1157 3162 1439 3241 Angelius
1496 3165 1857 3222 restituerat.
1941 3179 2139 3239 prope
2194 3159 2286 3221 his
2345 3163 2485 3239 poni
2541 3181 2660 3222 non

372 3278 618 3348 poterat.
710 3268 824 3329 hoc
871 3272 932 3329 in
979 3270 1179 3349 priore
1236 3269 1365 3329 loco
1423 3268 1617 3328 deleto
1676 3270 1888 3348 scripsi
1945 3267 2240 3343 adferunt
2294 3272 2492 3329 alvum
2549 3274 2659 3330 eis-

370 3379 501 3436 dem
551 3379 773 3437 inliciis
818 3380 987 3437 litam
1034 3380 1195 3436 intus
1234 3383 1293 3437 et
1331 3393 1525 3452 prope
1573 3378 1853 3451 adposita
1894 3374 2064 3450 fumo
2113 3378 2238 3435 leni
2281 3377 2661 3437 circumdato

369 3490 595 3558 coqunt
649 3501 754 3543 eas
820 3486 1074 3543 intrare.
1168 3500 1302 3542 nam
1369 3485 1599 3556 elitam,
1656 3480 1813 3558 quod
1880 3481 2209 3560 apographa
2276 3480 2521 3564 habent,
2576 3484 2659 3542 in-

375 3599 573 3648 certae
639 3587 776 3648 fidei
830 3598 949 3667 est,
1007 3606 1359 3667 quamquam
1427 3590 1604 3648 elevit
1667 3605 1739 3646 ex
1796 3585 2022 3646 Lucilio
2082 3586 2382 3647 adnotavit
2435 3573 2662 3649 Nonius

382 3715 437 3773 p.
463 3692 607 3777 103,
636 3692 725 3755 24
762 3696 959 3756 Elevit
1002 3698 1348 3769 maculavit,
1377 3694 1653 3755 Lucilius
1691 3695 1790 3755 lib.
1819 3693 2052 3753 XXVI
2079 3697 2136 3754 si
2169 3696 2272 3754 hic
2318 3698 2666 3756 vestimenta

373 3805 549 3863 elevit
592 3806 715 3862 luto
764 3819 891 3880 sqq.
1943 3826 1950 3832 ·
2134 3819 2144 3827 ·

560 3908 644 3968 Ut
691 3927 822 3987 qua
889 3910 959 3968 in
1025 3926 1272 3968 nouam
1340 3907 1690 3968 coloniam
1757 3924 1910 3966 cum
1983 3908 2438 3968 introierunt
2512 3927 2660 3986 per-

371 4023 656 4075 manent
700 4015 873 4075 adeo
921 4014 1269 4091 libenter]
1320 4016 1392 4076 Ut
1428 4018 1490 4075 in
1529 4030 1745 4074 novam
1783 4016 2081 4074 coloniam
2119 4032 2256 4074 cum
2296 4018 2663 4089 introierint,

361 4130 769 4198 permaneant
815 4125 968 4184 adeo
1017 4124 1273 4182 libenter
1322 4120 1641 4200 Iucundus,
1680 4130 1747 4180 ut
1792 4138 1951 4195 quae
1997 4124 2060 4181 in
2107 4138 2322 4181 novam
2368 4125 2666 4182 coloniam

369 4245 506 4288 cum
565 4231 957 4303 introierunt,
1014 4235 1382 4303 permanent
1446 4230 1601 4288 adeo
1659 4228 1916 4286 libenter
1974 4226 2289 4288 Victorius.
2381 4245 2540 4301 quae
2595 4246 2665 4286 ex

370 4334 782 4394 emendatione
843 4332 1086 4394 Victorii
1153 4334 1378 4413 recepi,
1428 4331 1529 4392 sed
1588 4339 1681 4406 ut,
1739 4329 1894 4408 quod
1962 4332 2024 4391 in
2082 4331 2400 4412 archetypo
2460 4334 2666 4393 vitiose

376 4438 639 4499 additum
690 4447 833 4520 erat,
881 4439 1086 4519 delevi,
1135 4457 1295 4514 quae
1342 4444 1404 4500 in
1449 4457 1665 4500 novam
1713 4439 2011 4498 coloniam
2061 4457 2187 4518 sqq.

541 4543 639 4606 ‘32
705 4544 907 4605 Nunc
973 4547 1106 4606 iam
1166 4548 1422 4624 quoius
1478 4544 1867 4606 adhibetur
1924 4562 1998 4604 ea
2057 4563 2225 4607 cura
2284 4547 2366 4606 de
2424 4546 2669 4607 fructu
