<?xml version="1.0" encoding="UTF-8"?>
<!DOCTYPE html PUBLIC "-//W3C//DTD XHTML 1.0 Transitional//EN"
    "http://www.w3.org/TR/xhtml1/DTD/xhtml1-transitional.dtd">
<html xmlns="http://www.w3.org/1999/xhtml" xml:lang="en" lang="en">
 <head>
  <title>
</title>
<meta http-equiv="Content-Type" content="text/html;charset=utf-8" />
  <meta name='ocr-system' content='tesseract 3.04.00' />
  <meta name='ocr-capabilities' content='ocr_page ocr_carea ocr_par ocr_line ocrx_word'/>
</head>
<body>
  <div class='ocr_page' id='page_1' title='image "./mporcicatonisde01catogoog_0261.png"; bbox 0 0 3178 5185; ppageno 0'>
   <div class='ocr_carea' id='block_1_1' title="bbox 2311 354 2343 384">
    <p class='ocr_par' dir='ltr' id='par_1_1' title="bbox 2311 354 2343 384">
     <span class='ocr_line' id='line_1_1' title="bbox 2311 354 2343 384; baseline 0 0"><span class='ocrx_word' id='word_1_1' title='bbox 2311 354 2343 384; x_wconf 60' lang='lat' dir='ltr'>X</span> 
     </span>
    </p>
   </div>
   <div class='ocr_carea' id='block_1_2' title="bbox 899 437 2585 500">
    <p class='ocr_par' dir='ltr' id='par_1_2' title="bbox 899 437 2585 500">
     <span class='ocr_line' id='line_1_2' title="bbox 899 437 2585 500; baseline 0.004 -6"><span class='ocrx_word' id='word_1_2' title='bbox 899 440 1160 495; x_wconf 86' lang='lat' dir='ltr'><strong>RERVM</strong></span> <span class='ocrx_word' id='word_1_3' title='bbox 1196 441 1675 495; x_wconf 85' lang='lat' dir='ltr'><strong>RVSTICARVM</strong></span> <span class='ocrx_word' id='word_1_4' title='bbox 1711 442 1848 497; x_wconf 90' lang='lat' dir='ltr'>LIB.</span> <span class='ocrx_word' id='word_1_5' title='bbox 1886 444 1912 495; x_wconf 95' lang='lat' dir='ltr'>I</span> <span class='ocrx_word' id='word_1_6' title='bbox 1953 441 1989 496; x_wconf 88' lang='grc'>2</span> <span class='ocrx_word' id='word_1_7' title='bbox 2506 437 2585 500; x_wconf 89' lang='grc'>19</span> 
     </span>
    </p>
   </div>
   <div class='ocr_carea' id='block_1_3' title="bbox 308 594 2587 4499">
    <p class='ocr_par' dir='ltr' id='par_1_3' title="bbox 316 594 2586 884">
     <span class='ocr_line' id='line_1_3' title="bbox 325 594 2586 680; baseline 0.004 -29"><span class='ocrx_word' id='word_1_8' title='bbox 325 611 482 671; x_wconf 89' lang='lat' dir='ltr'>quam</span> <span class='ocrx_word' id='word_1_9' title='bbox 529 594 736 673; x_wconf 81' lang='lat' dir='ltr'><strong>reliqui</strong></span> <span class='ocrx_word' id='word_1_10' title='bbox 785 603 1065 674; x_wconf 85' lang='lat' dir='ltr'>expertus</span> <span class='ocrx_word' id='word_1_11' title='bbox 1114 604 1258 675; x_wconf 89' lang='lat' dir='ltr'>erat,</span> <span class='ocrx_word' id='word_1_12' title='bbox 1304 595 1507 656; x_wconf 86' lang='lat' dir='ltr'>relicta</span> <span class='ocrx_word' id='word_1_13' title='bbox 1556 616 1687 657; x_wconf 88' lang='lat' dir='ltr'>esse</span> <span class='ocrx_word' id='word_1_14' title='bbox 1736 597 1970 657; x_wconf 86' lang='lat' dir='ltr'>videtur</span> <span class='ocrx_word' id='word_1_15' title='bbox 2016 607 2179 680; x_wconf 88' lang='lat' dir='ltr'>nota,</span> <span class='ocrx_word' id='word_1_16' title='bbox 2226 617 2341 676; x_wconf 89' lang='lat' dir='ltr'>qua</span> <span class='ocrx_word' id='word_1_17' title='bbox 2389 618 2586 660; x_wconf 88' lang='lat' dir='ltr'>emen-</span> 
     </span>
     <span class='ocr_line' id='line_1_4' title="bbox 323 699 2583 787; baseline 0.004 -28"><span class='ocrx_word' id='word_1_18' title='bbox 323 699 462 759; x_wconf 83' lang='lat' dir='ltr'>datio</span> <span class='ocrx_word' id='word_1_19' title='bbox 510 709 821 780; x_wconf 83' lang='lat' dir='ltr'>corruptae</span> <span class='ocrx_word' id='word_1_20' title='bbox 869 701 1141 762; x_wconf 87' lang='lat' dir='ltr'>lectionis</span> <span class='ocrx_word' id='word_1_21' title='bbox 1179 702 1272 762; x_wconf 91' lang='lat' dir='ltr'>vel</span> <span class='ocrx_word' id='word_1_22' title='bbox 1319 702 1617 763; x_wconf 78' lang='lat' dir='ltr'>adnotatio</span> <span class='ocrx_word' id='word_1_23' title='bbox 1657 702 1847 783; x_wconf 87' lang='lat' dir='ltr'>aliqua</span> <span class='ocrx_word' id='word_1_24' title='bbox 1886 706 1948 764; x_wconf 89' lang='lat' dir='ltr'>in</span> <span class='ocrx_word' id='word_1_25' title='bbox 1988 707 2250 784; x_wconf 81' lang='lat' dir='ltr'><strong>margine</strong></span> <span class='ocrx_word' id='word_1_26' title='bbox 2289 706 2583 787; x_wconf 85' lang='lat' dir='ltr'>adscripta</span> 
     </span>
     <span class='ocr_line' id='line_1_5' title="bbox 316 808 805 884; baseline 0.006 -19"><span class='ocrx_word' id='word_1_27' title='bbox 316 808 612 884; x_wconf 84' lang='lat' dir='ltr'>significata</span> <span class='ocrx_word' id='word_1_28' title='bbox 660 817 805 868; x_wconf 88' lang='lat' dir='ltr'>erat.</span> 
     </span>
    </p>

    <p class='ocr_par' dir='ltr' id='par_1_4' title="bbox 308 911 2587 2172">
     <span class='ocr_line' id='line_1_6' title="bbox 482 911 2585 998; baseline 0.005 -26"><span class='ocrx_word' id='word_1_29' title='bbox 482 911 555 973; x_wconf 84' lang='lat'>17</span> <span class='ocrx_word' id='word_1_30' title='bbox 594 913 688 973; x_wconf 91' lang='lat' dir='ltr'>Ne</span> <span class='ocrx_word' id='word_1_31' title='bbox 729 923 1096 994; x_wconf 89' lang='lat' dir='ltr'>capratum</span> <span class='ocrx_word' id='word_1_32' title='bbox 1133 926 1383 995; x_wconf 90' lang='lat' dir='ltr'>pascat</span> <span class='ocrx_word' id='word_1_33' title='bbox 1421 935 1597 995; x_wconf 90' lang='lat' dir='ltr'>quas</span> <span class='ocrx_word' id='word_1_34' title='bbox 1635 920 1844 978; x_wconf 91' lang='lat' dir='ltr'>etiam</span> <span class='ocrx_word' id='word_1_35' title='bbox 1885 918 2281 998; x_wconf 81' lang='lat' dir='ltr'>astrologia</span> <span class='ocrx_word' id='word_1_36' title='bbox 2322 923 2388 980; x_wconf 90' lang='lat' dir='ltr'>in</span> <span class='ocrx_word' id='word_1_37' title='bbox 2430 941 2585 982; x_wconf 89' lang='lat' dir='ltr'>cae-</span> 
     </span>
     <span class='ocr_line' id='line_1_7' title="bbox 317 1018 2584 1108; baseline 0.006 -31"><span class='ocrx_word' id='word_1_38' title='bbox 317 1018 436 1077; x_wconf 89' lang='lat' dir='ltr'>lum</span> <span class='ocrx_word' id='word_1_39' title='bbox 476 1022 751 1100; x_wconf 88' lang='lat' dir='ltr'>recepit</span> <span class='ocrx_word' id='word_1_40' title='bbox 799 1041 934 1081; x_wconf 91' lang='lat' dir='ltr'>non</span> <span class='ocrx_word' id='word_1_41' title='bbox 976 1021 1181 1102; x_wconf 86' lang='lat' dir='ltr'>longe</span> <span class='ocrx_word' id='word_1_42' title='bbox 1236 1023 1316 1084; x_wconf 87' lang='lat' dir='ltr'>ab</span> <span class='ocrx_word' id='word_1_43' title='bbox 1358 1028 1587 1097; x_wconf 87' lang='lat' dir='ltr'>tauro]</span> <span class='ocrx_word' id='word_1_44' title='bbox 1631 1022 1773 1108; x_wconf 86' lang='lat'>113,</span> <span class='ocrx_word' id='word_1_45' title='bbox 1807 1023 1841 1084; x_wconf 83' lang='lat'>7</span> <span class='ocrx_word' id='word_1_46' title='bbox 1883 1028 1961 1086; x_wconf 84' lang='lat' dir='ltr'>ab</span> <span class='ocrx_word' id='word_1_47' title='bbox 1999 1028 2115 1088; x_wconf 80' lang='lat' dir='ltr'>hoe</span> <span class='ocrx_word' id='word_1_48' title='bbox 2154 1031 2214 1087; x_wconf 81' lang='lat' dir='ltr'>in</span> <span class='ocrx_word' id='word_1_49' title='bbox 2253 1032 2385 1103; x_wconf 72' lang='lat' dir='ltr'>leqe</span> <span class='ocrx_word' id='word_1_50' title='bbox 2422 1033 2584 1090; x_wconf 82' lang='lat' dir='ltr'>loea-</span> 
     </span>
     <span class='ocr_line' id='line_1_8' title="bbox 315 1126 2581 1212; baseline 0.005 -27"><span class='ocrx_word' id='word_1_51' title='bbox 315 1128 475 1186; x_wconf 77' lang='lat' dir='ltr'><em>tionis</em></span> <span class='ocrx_word' id='word_1_52' title='bbox 504 1126 689 1202; x_wconf 83' lang='lat' dir='ltr'>sundi</span> <span class='ocrx_word' id='word_1_53' title='bbox 724 1132 932 1205; x_wconf 78' lang='lat' dir='ltr'><em>excipi</em></span> <span class='ocrx_word' id='word_1_54' title='bbox 964 1133 1113 1191; x_wconf 86' lang='lat' dir='ltr'>solet</span> <span class='ocrx_word' id='word_1_55' title='bbox 1148 1149 1224 1191; x_wconf 81' lang='lat' dir='ltr'>ne</span> <span class='ocrx_word' id='word_1_56' title='bbox 1260 1135 1508 1193; x_wconf 78' lang='lat' dir='ltr'>colonus</span> <span class='ocrx_word' id='word_1_57' title='bbox 1536 1151 1734 1210; x_wconf 83' lang='lat' dir='ltr'>capra</span> <span class='ocrx_word' id='word_1_58' title='bbox 1772 1141 1980 1193; x_wconf 82' lang='lat' dir='ltr'>natum</span> <span class='ocrx_word' id='word_1_59' title='bbox 2021 1137 2083 1193; x_wconf 83' lang='lat' dir='ltr'>iu</span> <span class='ocrx_word' id='word_1_60' title='bbox 2115 1134 2313 1209; x_wconf 80' lang='lat' dir='ltr'>fundo</span> <span class='ocrx_word' id='word_1_61' title='bbox 2342 1128 2581 1212; x_wconf 76' lang='lat' dir='ltr'>pascat.</span> 
     </span>
     <span class='ocr_line' id='line_1_9' title="bbox 308 1234 2580 1319; baseline 0.005 -29"><span class='ocrx_word' id='word_1_62' title='bbox 308 1234 508 1292; x_wconf 78' lang='lat' dir='ltr'>harum</span> <span class='ocrx_word' id='word_1_63' title='bbox 540 1238 692 1294; x_wconf 83' lang='lat' dir='ltr'>enim</span> <span class='ocrx_word' id='word_1_64' title='bbox 722 1237 929 1296; x_wconf 80' lang='lat' dir='ltr'>dentes</span> <span class='ocrx_word' id='word_1_65' title='bbox 958 1240 1192 1298; x_wconf 80' lang='lat' dir='ltr'>inimici</span> <span class='ocrx_word' id='word_1_66' title='bbox 1223 1242 1462 1313; x_wconf 82' lang='lat' dir='ltr'>sationi,</span> <span class='ocrx_word' id='word_1_67' title='bbox 1501 1258 1655 1314; x_wconf 83' lang='lat' dir='ltr'>quas</span> <span class='ocrx_word' id='word_1_68' title='bbox 1682 1243 1862 1300; x_wconf 86' lang='lat' dir='ltr'>etiam</span> <span class='ocrx_word' id='word_1_69' title='bbox 1893 1244 2190 1316; x_wconf 71' lang='lat' dir='ltr'>astroloqi</span> <span class='ocrx_word' id='word_1_70' title='bbox 2216 1245 2301 1302; x_wconf 86' lang='lat' dir='ltr'>ita</span> <span class='ocrx_word' id='word_1_71' title='bbox 2331 1262 2580 1319; x_wconf 81' lang='lat' dir='ltr'>recepe-</span> 
     </span>
     <span class='ocr_line' id='line_1_10' title="bbox 310 1343 2581 1423; baseline 0.005 -24"><span class='ocrx_word' id='word_1_72' title='bbox 310 1347 437 1399; x_wconf 86' lang='lat' dir='ltr'>runt</span> <span class='ocrx_word' id='word_1_73' title='bbox 464 1343 531 1400; x_wconf 81' lang='lat' dir='ltr'>in</span> <span class='ocrx_word' id='word_1_74' title='bbox 556 1345 788 1402; x_wconf 84' lang='lat' dir='ltr'>eaelum</span> <span class='ocrx_word' id='word_1_75' title='bbox 809 1376 888 1386; x_wconf 90' lang='lat'>—</span> <span class='ocrx_word' id='word_1_76' title='bbox 907 1351 1051 1404; x_wconf 84' lang='lat' dir='ltr'>sunt</span> <span class='ocrx_word' id='word_1_77' title='bbox 1078 1347 1196 1405; x_wconf 86' lang='lat' dir='ltr'>duo</span> <span class='ocrx_word' id='word_1_78' title='bbox 1226 1346 1415 1406; x_wconf 80' lang='lat' dir='ltr'>haedi</span> <span class='ocrx_word' id='word_1_79' title='bbox 1439 1353 1500 1406; x_wconf 90' lang='lat' dir='ltr'>et</span> <span class='ocrx_word' id='word_1_80' title='bbox 1542 1365 1738 1423; x_wconf 82' lang='lat' dir='ltr'>capra</span> <span class='ocrx_word' id='word_1_81' title='bbox 1768 1365 1886 1407; x_wconf 81' lang='lat' dir='ltr'>non</span> <span class='ocrx_word' id='word_1_82' title='bbox 1917 1351 2094 1422; x_wconf 72' lang='lat' dir='ltr'>lonqe</span> <span class='ocrx_word' id='word_1_83' title='bbox 2132 1367 2170 1408; x_wconf 91' lang='lat' dir='ltr'>a</span> <span class='ocrx_word' id='word_1_84' title='bbox 2201 1355 2397 1410; x_wconf 78' lang='lat' dir='ltr'>laura.</span> <span class='ocrx_word' id='word_1_85' title='bbox 2444 1350 2581 1410; x_wconf 91' lang='lat' dir='ltr'>inde</span> 
     </span>
     <span class='ocr_line' id='line_1_11' title="bbox 309 1442 2579 1532; baseline 0.005 -29"><span class='ocrx_word' id='word_1_86' title='bbox 309 1442 587 1507; x_wconf 86' lang='lat' dir='ltr'>Victorius</span> <span class='ocrx_word' id='word_1_87' title='bbox 632 1458 975 1528; x_wconf 79' lang='lat' dir='ltr'>corruptam</span> <span class='ocrx_word' id='word_1_88' title='bbox 1025 1453 1575 1530; x_wconf 88' lang='lat' dir='ltr'>antiquissimorum</span> <span class='ocrx_word' id='word_1_89' title='bbox 1611 1453 2048 1532; x_wconf 71' lang='lat' dir='ltr'>&#39;exemplarium</span> <span class='ocrx_word' id='word_1_90' title='bbox 2098 1454 2414 1515; x_wconf 92' lang='lat' dir='ltr'>lectionem</span> <span class='ocrx_word' id='word_1_91' title='bbox 2454 1475 2579 1515; x_wconf 90' lang='lat' dir='ltr'>cor-</span> 
     </span>
     <span class='ocr_line' id='line_1_12' title="bbox 311 1555 2578 1640; baseline 0.004 -28"><span class='ocrx_word' id='word_1_92' title='bbox 311 1555 463 1614; x_wconf 82' lang='lat' dir='ltr'>rexit.</span> <span class='ocrx_word' id='word_1_93' title='bbox 549 1556 621 1615; x_wconf 82' lang='lat' dir='ltr'>ab</span> <span class='ocrx_word' id='word_1_94' title='bbox 670 1562 868 1632; x_wconf 86' lang='lat' dir='ltr'>tauro,</span> <span class='ocrx_word' id='word_1_95' title='bbox 918 1556 1073 1635; x_wconf 91' lang='lat' dir='ltr'>quod</span> <span class='ocrx_word' id='word_1_96' title='bbox 1124 1566 1361 1635; x_wconf 88' lang='lat' dir='ltr'>praeter</span> <span class='ocrx_word' id='word_1_97' title='bbox 1407 1561 1454 1619; x_wconf 80' lang='lat' dir='ltr'>A</span> <span class='ocrx_word' id='word_1_98' title='bbox 1503 1566 1563 1619; x_wconf 92' lang='lat' dir='ltr'>et</span> <span class='ocrx_word' id='word_1_99' title='bbox 1611 1562 1941 1640; x_wconf 89' lang='lat' dir='ltr'>principem</span> <span class='ocrx_word' id='word_1_100' title='bbox 1992 1560 2309 1621; x_wconf 83' lang='lat' dir='ltr'>editionem</span> <span class='ocrx_word' id='word_1_101' title='bbox 2358 1581 2390 1621; x_wconf 89' lang='lat' dir='ltr'>a</span> <span class='ocrx_word' id='word_1_102' title='bbox 2429 1562 2578 1621; x_wconf 88' lang='lat' dir='ltr'>Poli-</span> 
     </span>
     <span class='ocr_line' id='line_1_13' title="bbox 311 1661 2587 1747; baseline 0.004 -30"><span class='ocrx_word' id='word_1_103' title='bbox 311 1661 450 1719; x_wconf 90' lang='lat' dir='ltr'>tiano</span> <span class='ocrx_word' id='word_1_104' title='bbox 491 1679 607 1721; x_wconf 90' lang='lat' dir='ltr'>non</span> <span class='ocrx_word' id='word_1_105' title='bbox 650 1670 977 1723; x_wconf 88' lang='lat' dir='ltr'>correctam</span> <span class='ocrx_word' id='word_1_106' title='bbox 1017 1663 1194 1724; x_wconf 89' lang='lat' dir='ltr'>habet</span> <span class='ocrx_word' id='word_1_107' title='bbox 1222 1663 1604 1727; x_wconf 89' lang='lat' dir='ltr'>Florentinus</span> <span class='ocrx_word' id='word_1_108' title='bbox 1633 1667 1837 1747; x_wconf 84' lang='lat' dir='ltr'>codex,</span> <span class='ocrx_word' id='word_1_109' title='bbox 1875 1667 1987 1727; x_wconf 90' lang='lat' dir='ltr'>hoc</span> <span class='ocrx_word' id='word_1_110' title='bbox 2017 1667 2146 1727; x_wconf 91' lang='lat' dir='ltr'>loco</span> <span class='ocrx_word' id='word_1_111' title='bbox 2175 1670 2239 1727; x_wconf 92' lang='lat' dir='ltr'>in</span> <span class='ocrx_word' id='word_1_112' title='bbox 2270 1667 2587 1747; x_wconf 82' lang='lat' dir='ltr'>archetypo</span> 
     </span>
     <span class='ocr_line' id='line_1_14' title="bbox 313 1766 2587 1853; baseline 0.004 -29"><span class='ocrx_word' id='word_1_113' title='bbox 313 1766 532 1827; x_wconf 90' lang='lat' dir='ltr'>videtur</span> <span class='ocrx_word' id='word_1_114' title='bbox 576 1771 863 1846; x_wconf 89' lang='lat' dir='ltr'>scriptum</span> <span class='ocrx_word' id='word_1_115' title='bbox 911 1770 1114 1852; x_wconf 88' lang='lat' dir='ltr'>fuisse,</span> <span class='ocrx_word' id='word_1_116' title='bbox 1151 1790 1190 1831; x_wconf 86' lang='lat' dir='ltr'>a</span> <span class='ocrx_word' id='word_1_117' title='bbox 1239 1780 1421 1834; x_wconf 85' lang='lat' dir='ltr'>tauro</span> <span class='ocrx_word' id='word_1_118' title='bbox 1459 1792 1518 1833; x_wconf 91' lang='lat' dir='ltr'>m</span> <span class='ocrx_word' id='word_1_119' title='bbox 1556 1784 1616 1834; x_wconf 89' lang='lat' dir='ltr'>et</span> <span class='ocrx_word' id='word_1_120' title='bbox 1655 1774 1989 1853; x_wconf 81' lang='lat' dir='ltr'>apographa</span> <span class='ocrx_word' id='word_1_121' title='bbox 2038 1777 2370 1835; x_wconf 83' lang='lat' dir='ltr'>recentiora</span> <span class='ocrx_word' id='word_1_122' title='bbox 2420 1783 2479 1834; x_wconf 94' lang='lat' dir='ltr'>et</span> <span class='ocrx_word' id='word_1_123' title='bbox 2525 1777 2587 1834; x_wconf 92' lang='lat' dir='ltr'>in</span> 
     </span>
     <span class='ocr_line' id='line_1_15' title="bbox 316 1875 2587 1960; baseline 0.004 -28"><span class='ocrx_word' id='word_1_124' title='bbox 316 1875 560 1934; x_wconf 85' lang='lat' dir='ltr'>secundo</span> <span class='ocrx_word' id='word_1_125' title='bbox 614 1875 767 1936; x_wconf 89' lang='lat' dir='ltr'>libro</span> <span class='ocrx_word' id='word_1_126' title='bbox 824 1896 1057 1958; x_wconf 78' lang='lat' dir='ltr'>omneS,</span> <span class='ocrx_word' id='word_1_127' title='bbox 1105 1878 1262 1956; x_wconf 91' lang='lat' dir='ltr'>quod</span> <span class='ocrx_word' id='word_1_128' title='bbox 1323 1898 1527 1940; x_wconf 88' lang='lat' dir='ltr'>verum</span> <span class='ocrx_word' id='word_1_129' title='bbox 1587 1899 1720 1941; x_wconf 89' lang='lat' dir='ltr'>esse</span> <span class='ocrx_word' id='word_1_130' title='bbox 1768 1880 2053 1960; x_wconf 85' lang='lat' dir='ltr'>exemplis</span> <span class='ocrx_word' id='word_1_131' title='bbox 2100 1879 2379 1941; x_wconf 84' lang='lat' dir='ltr'>Varronis</span> <span class='ocrx_word' id='word_1_132' title='bbox 2428 1900 2587 1941; x_wconf 90' lang='lat' dir='ltr'>com-</span> 
     </span>
     <span class='ocr_line' id='line_1_16' title="bbox 315 1982 2586 2066; baseline 0.002 -26"><span class='ocrx_word' id='word_1_133' title='bbox 315 1984 508 2057; x_wconf 87' lang='lat' dir='ltr'>positis</span> <span class='ocrx_word' id='word_1_134' title='bbox 559 1982 930 2044; x_wconf 87' lang='lat' dir='ltr'>Roessnerus</span> <span class='ocrx_word' id='word_1_135' title='bbox 988 1983 1060 2044; x_wconf 93' lang='lat' dir='ltr'>de</span> <span class='ocrx_word' id='word_1_136' title='bbox 1118 1988 1626 2066; x_wconf 87' lang='lat' dir='ltr'>praepositionum</span> <span class='ocrx_word' id='word_1_137' title='bbox 1682 1986 1755 2047; x_wconf 88' lang='lat' dir='ltr'>ab</span> <span class='ocrx_word' id='word_1_138' title='bbox 1811 1986 1884 2047; x_wconf 93' lang='lat' dir='ltr'>de</span> <span class='ocrx_word' id='word_1_139' title='bbox 1933 2006 2005 2048; x_wconf 84' lang='lat' dir='ltr'>ex</span> <span class='ocrx_word' id='word_1_140' title='bbox 2063 2006 2176 2048; x_wconf 91' lang='lat' dir='ltr'>usu</span> <span class='ocrx_word' id='word_1_141' title='bbox 2222 1988 2586 2047; x_wconf 87' lang='lat' dir='ltr'>Varroniano</span> 
     </span>
     <span class='ocr_line' id='line_1_17' title="bbox 315 2085 1472 2172; baseline 0.007 -27"><span class='ocrx_word' id='word_1_142' title='bbox 315 2085 456 2148; x_wconf 89' lang='lat' dir='ltr'>Halis</span> <span class='ocrx_word' id='word_1_143' title='bbox 504 2108 552 2150; x_wconf 89' lang='lat' dir='ltr'>a.</span> <span class='ocrx_word' id='word_1_144' title='bbox 604 2087 771 2151; x_wconf 87' lang='lat'>1888</span> <span class='ocrx_word' id='word_1_145' title='bbox 822 2111 875 2169; x_wconf 92' lang='lat' dir='ltr'>p.</span> <span class='ocrx_word' id='word_1_146' title='bbox 915 2088 1000 2152; x_wconf 83' lang='lat'>28</span> <span class='ocrx_word' id='word_1_147' title='bbox 1050 2093 1472 2172; x_wconf 87' lang='lat' dir='ltr'>comprobavit.</span> 
     </span>
    </p>

    <p class='ocr_par' dir='ltr' id='par_1_5' title="bbox 314 2194 2587 2705">
     <span class='ocr_line' id='line_1_18' title="bbox 470 2194 2586 2279; baseline 0.002 -23"><span class='ocrx_word' id='word_1_148' title='bbox 470 2194 549 2257; x_wconf 88' lang='lat'>18</span> <span class='ocrx_word' id='word_1_149' title='bbox 614 2196 787 2256; x_wconf 90' lang='lat' dir='ltr'>Vide</span> <span class='ocrx_word' id='word_1_150' title='bbox 833 2199 1072 2276; x_wconf 87' lang='lat' dir='ltr'>inquit</span> <span class='ocrx_word' id='word_1_151' title='bbox 1119 2218 1202 2259; x_wconf 90' lang='lat' dir='ltr'>ne</span> <span class='ocrx_word' id='word_1_152' title='bbox 1250 2202 1402 2279; x_wconf 85' lang='lat' dir='ltr'>agri</span> <span class='ocrx_word' id='word_1_153' title='bbox 1447 2203 1640 2261; x_wconf 87' lang='lat' dir='ltr'>istuc</span> <span class='ocrx_word' id='word_1_154' title='bbox 1680 2202 1774 2260; x_wconf 89' lang='lat' dir='ltr'>sit</span> <span class='ocrx_word' id='word_1_155' title='bbox 1811 2200 1893 2260; x_wconf 89' lang='lat' dir='ltr'>ab</span> <span class='ocrx_word' id='word_1_156' title='bbox 1939 2198 2100 2277; x_wconf 93' lang='lat' dir='ltr'>hoc]</span> <span class='ocrx_word' id='word_1_157' title='bbox 2165 2200 2325 2275; x_wconf 83' lang='lat' dir='ltr'>Vide,</span> <span class='ocrx_word' id='word_1_158' title='bbox 2375 2204 2586 2275; x_wconf 80' lang='lat' dir='ltr'>inquit,</span> 
     </span>
     <span class='ocr_line' id='line_1_19' title="bbox 314 2301 2587 2377; baseline 0.002 -17"><span class='ocrx_word' id='word_1_159' title='bbox 314 2301 463 2377; x_wconf 73' lang='lat' dir='ltr'>Aqri,</span> <span class='ocrx_word' id='word_1_160' title='bbox 502 2323 574 2364; x_wconf 81' lang='lat' dir='ltr'>ne</span> <span class='ocrx_word' id='word_1_161' title='bbox 612 2307 768 2364; x_wconf 79' lang='lat' dir='ltr'>istuc</span> <span class='ocrx_word' id='word_1_162' title='bbox 813 2308 893 2364; x_wconf 85' lang='lat' dir='ltr'>sit</span> <span class='ocrx_word' id='word_1_163' title='bbox 939 2306 1016 2365; x_wconf 82' lang='lat' dir='ltr'>ab</span> <span class='ocrx_word' id='word_1_164' title='bbox 1063 2308 1178 2366; x_wconf 81' lang='lat' dir='ltr'>hoe</span> <span class='ocrx_word' id='word_1_165' title='bbox 1215 2305 1487 2368; x_wconf 77' lang='lat' dir='ltr'>Ursinus,</span> <span class='ocrx_word' id='word_1_166' title='bbox 1553 2309 1633 2367; x_wconf 81' lang='lat' dir='ltr'>ab</span> <span class='ocrx_word' id='word_1_167' title='bbox 1679 2309 1794 2368; x_wconf 80' lang='lat' dir='ltr'>hoe</span> <span class='ocrx_word' id='word_1_168' title='bbox 1842 2311 2145 2368; x_wconf 85' lang='lat' dir='ltr'>diversum</span> <span class='ocrx_word' id='word_1_169' title='bbox 2184 2305 2587 2366; x_wconf 88' lang='lat' dir='ltr'>Schneiderus</span> 
     </span>
     <span class='ocr_line' id='line_1_20' title="bbox 314 2410 2584 2496; baseline 0.004 -32"><span class='ocrx_word' id='word_1_170' title='bbox 314 2410 561 2470; x_wconf 87' lang='lat' dir='ltr'>coniecit.</span> <span class='ocrx_word' id='word_1_171' title='bbox 624 2410 1033 2490; x_wconf 85' lang='lat' dir='ltr'>neglegentem</span> <span class='ocrx_word' id='word_1_172' title='bbox 1075 2412 1393 2473; x_wconf 88' lang='lat' dir='ltr'>verborum</span> <span class='ocrx_word' id='word_1_173' title='bbox 1443 2413 1908 2496; x_wconf 82' lang='lat' dir='ltr'>collocationem,</span> <span class='ocrx_word' id='word_1_174' title='bbox 1947 2431 2123 2492; x_wconf 89' lang='lat' dir='ltr'>quam</span> <span class='ocrx_word' id='word_1_175' title='bbox 2162 2412 2416 2473; x_wconf 90' lang='lat' dir='ltr'>Ursinus</span> <span class='ocrx_word' id='word_1_176' title='bbox 2454 2432 2584 2473; x_wconf 91' lang='lat' dir='ltr'>cor·</span> 
     </span>
     <span class='ocr_line' id='line_1_21' title="bbox 314 2516 2580 2600; baseline 0.003 -28"><span class='ocrx_word' id='word_1_177' title='bbox 314 2517 466 2598; x_wconf 89' lang='lat' dir='ltr'>rexit,</span> <span class='ocrx_word' id='word_1_178' title='bbox 502 2516 747 2578; x_wconf 88' lang='lat' dir='ltr'>Varroni</span> <span class='ocrx_word' id='word_1_179' title='bbox 796 2518 1246 2599; x_wconf 88' lang='lat' dir='ltr'>relinquendam</span> <span class='ocrx_word' id='word_1_180' title='bbox 1293 2522 1509 2600; x_wconf 89' lang='lat' dir='ltr'>putavi.</span> <span class='ocrx_word' id='word_1_181' title='bbox 1576 2540 1654 2581; x_wconf 80' lang='lat' dir='ltr'>ne</span> <span class='ocrx_word' id='word_1_182' title='bbox 1701 2524 1858 2581; x_wconf 84' lang='lat' dir='ltr'>istuc</span> <span class='ocrx_word' id='word_1_183' title='bbox 1900 2524 1981 2583; x_wconf 89' lang='lat' dir='ltr'>sit</span> <span class='ocrx_word' id='word_1_184' title='bbox 2025 2522 2102 2580; x_wconf 82' lang='lat' dir='ltr'>ab</span> <span class='ocrx_word' id='word_1_185' title='bbox 2149 2522 2264 2581; x_wconf 82' lang='lat' dir='ltr'>hoe</span> <span class='ocrx_word' id='word_1_186' title='bbox 2313 2520 2383 2580; x_wconf 90' lang='lat' dir='ltr'>ad</span> <span class='ocrx_word' id='word_1_187' title='bbox 2424 2522 2580 2579; x_wconf 91' lang='lat' dir='ltr'>simi-</span> 
     </span>
     <span class='ocr_line' id='line_1_22' title="bbox 314 2618 2484 2705; baseline 0.004 -27"><span class='ocrx_word' id='word_1_188' title='bbox 314 2618 599 2685; x_wconf 90' lang='lat' dir='ltr'>litudinem</span> <span class='ocrx_word' id='word_1_189' title='bbox 647 2626 903 2705; x_wconf 85' lang='lat' dir='ltr'>vulgaris</span> <span class='ocrx_word' id='word_1_190' title='bbox 944 2627 1230 2687; x_wconf 85' lang='lat' dir='ltr'>formulae</span> <span class='ocrx_word' id='word_1_191' title='bbox 1278 2647 1398 2689; x_wconf 79' lang='lat' dir='ltr'>nou</span> <span class='ocrx_word' id='word_1_192' title='bbox 1437 2630 1514 2689; x_wconf 82' lang='lat' dir='ltr'>ab</span> <span class='ocrx_word' id='word_1_193' title='bbox 1554 2649 1627 2690; x_wconf 92' lang='lat' dir='ltr'>re</span> <span class='ocrx_word' id='word_1_194' title='bbox 1662 2636 1753 2688; x_wconf 89' lang='lat' dir='ltr'>est</span> <span class='ocrx_word' id='word_1_195' title='bbox 1798 2623 2294 2688; x_wconf 79' lang='lat' dir='ltr'>videturdictum</span> <span class='ocrx_word' id='word_1_196' title='bbox 2335 2646 2484 2688; x_wconf 88' lang='lat' dir='ltr'>esse.</span> 
     </span>
    </p>

    <p class='ocr_par' dir='ltr' id='par_1_6' title="bbox 314 2731 2584 2913">
     <span class='ocr_line' id='line_1_23' title="bbox 471 2731 2584 2813; baseline 0.001 -22"><span class='ocrx_word' id='word_1_197' title='bbox 471 2731 652 2801; x_wconf 88' lang='lat' dir='ltr'>Quas</span> <span class='ocrx_word' id='word_1_198' title='bbox 699 2732 845 2792; x_wconf 85' lang='lat' dir='ltr'>dixi</span> <span class='ocrx_word' id='word_1_199' title='bbox 896 2731 1178 2812; x_wconf 87' lang='lat' dir='ltr'>caprae]</span> <span class='ocrx_word' id='word_1_200' title='bbox 1232 2736 1464 2795; x_wconf 78' lang='lat' dir='ltr'>Dixisti</span> <span class='ocrx_word' id='word_1_201' title='bbox 1502 2745 1667 2795; x_wconf 86' lang='lat' dir='ltr'>recte</span> <span class='ocrx_word' id='word_1_202' title='bbox 1706 2734 2035 2795; x_wconf 89' lang='lat' dir='ltr'>Iucundus:</span> <span class='ocrx_word' id='word_1_203' title='bbox 2085 2752 2219 2794; x_wconf 89' lang='lat' dir='ltr'>nam</span> <span class='ocrx_word' id='word_1_204' title='bbox 2268 2734 2340 2793; x_wconf 93' lang='lat' dir='ltr'>de</span> <span class='ocrx_word' id='word_1_205' title='bbox 2389 2737 2584 2813; x_wconf 89' lang='lat' dir='ltr'>capris</span> 
     </span>
     <span class='ocr_line' id='line_1_24' title="bbox 314 2834 1375 2913; baseline 0.009 -22"><span class='ocrx_word' id='word_1_206' title='bbox 314 2834 508 2913; x_wconf 87' lang='lat' dir='ltr'>Agrius</span> <span class='ocrx_word' id='word_1_207' title='bbox 554 2837 799 2912; x_wconf 89' lang='lat' dir='ltr'>dixerat,</span> <span class='ocrx_word' id='word_1_208' title='bbox 848 2857 966 2898; x_wconf 91' lang='lat' dir='ltr'>non</span> <span class='ocrx_word' id='word_1_209' title='bbox 1015 2838 1375 2902; x_wconf 83' lang='lat' dir='ltr'>Fundanius,</span> 
     </span>
    </p>

    <p class='ocr_par' dir='ltr' id='par_1_7' title="bbox 314 2941 2587 3859">
     <span class='ocr_line' id='line_1_25' title="bbox 472 2941 2585 3025; baseline 0.002 -21"><span class='ocrx_word' id='word_1_210' title='bbox 472 2941 550 3004; x_wconf 86' lang='lat'>19</span> <span class='ocrx_word' id='word_1_211' title='bbox 597 2943 769 3005; x_wconf 89' lang='lat' dir='ltr'>Eius</span> <span class='ocrx_word' id='word_1_212' title='bbox 808 2948 990 3005; x_wconf 90' lang='lat' dir='ltr'>enim</span> <span class='ocrx_word' id='word_1_213' title='bbox 1032 2945 1330 3007; x_wconf 87' lang='lat' dir='ltr'>saliuam</span> <span class='ocrx_word' id='word_1_214' title='bbox 1370 2966 1529 3007; x_wconf 89' lang='lat' dir='ltr'>esse</span> <span class='ocrx_word' id='word_1_215' title='bbox 1570 2948 1887 3008; x_wconf 86' lang='lat' dir='ltr'>sructuis</span> <span class='ocrx_word' id='word_1_216' title='bbox 1928 2964 2279 3006; x_wconf 90' lang='lat' dir='ltr'>uenenum</span> <span class='ocrx_word' id='word_1_217' title='bbox 2309 2945 2406 3025; x_wconf 91' lang='lat' dir='ltr'>.l.]</span> <span class='ocrx_word' id='word_1_218' title='bbox 2438 2947 2585 3010; x_wconf 89' lang='lat' dir='ltr'>Non.</span> 
     </span>
     <span class='ocr_line' id='line_1_26' title="bbox 316 3046 2585 3129; baseline 0.002 -21"><span class='ocrx_word' id='word_1_219' title='bbox 316 3066 361 3125; x_wconf 88' lang='lat' dir='ltr'>p.</span> <span class='ocrx_word' id='word_1_220' title='bbox 380 3046 519 3128; x_wconf 88' lang='lat'>491,</span> <span class='ocrx_word' id='word_1_221' title='bbox 543 3047 585 3112; x_wconf 86' lang='lat'>5</span> <span class='ocrx_word' id='word_1_222' title='bbox 617 3051 819 3127; x_wconf 80' lang='lat' dir='ltr'>fructi</span> <span class='ocrx_word' id='word_1_223' title='bbox 862 3055 958 3112; x_wconf 84' lang='lat' dir='ltr'>vel</span> <span class='ocrx_word' id='word_1_224' title='bbox 994 3052 1268 3128; x_wconf 84' lang='lat' dir='ltr'>fruetuis</span> <span class='ocrx_word' id='word_1_225' title='bbox 1306 3072 1426 3129; x_wconf 85' lang='lat' dir='ltr'>pro</span> <span class='ocrx_word' id='word_1_226' title='bbox 1467 3053 1716 3129; x_wconf 83' lang='lat' dir='ltr'>fruetus</span> <span class='ocrx_word' id='word_1_227' title='bbox 1760 3086 1835 3095; x_wconf 91' lang='lat'><strong>—</strong></span> <span class='ocrx_word' id='word_1_228' title='bbox 1876 3054 2072 3112; x_wconf 88' lang='lat' dir='ltr'>Varro</span> <span class='ocrx_word' id='word_1_229' title='bbox 2122 3056 2198 3113; x_wconf 85' lang='lat' dir='ltr'>de</span> <span class='ocrx_word' id='word_1_230' title='bbox 2233 3072 2305 3113; x_wconf 91' lang='lat' dir='ltr'>re</span> <span class='ocrx_word' id='word_1_231' title='bbox 2350 3057 2585 3114; x_wconf 80' lang='lat' dir='ltr'>rustica</span> 
     </span>
     <span class='ocr_line' id='line_1_27' title="bbox 314 3157 2585 3235; baseline 0.004 -24"><span class='ocrx_word' id='word_1_232' title='bbox 314 3157 396 3217; x_wconf 84' lang='lat' dir='ltr'>lib.</span> <span class='ocrx_word' id='word_1_233' title='bbox 416 3159 454 3216; x_wconf 96' lang='lat' dir='ltr'><em>I</em></span> <span class='ocrx_word' id='word_1_234' title='bbox 483 3162 607 3218; x_wconf 88' lang='lat' dir='ltr'>eius</span> <span class='ocrx_word' id='word_1_235' title='bbox 637 3162 795 3219; x_wconf 81' lang='lat' dir='ltr'>enim</span> <span class='ocrx_word' id='word_1_236' title='bbox 823 3161 1078 3219; x_wconf 86' lang='lat' dir='ltr'>salivam</span> <span class='ocrx_word' id='word_1_237' title='bbox 1108 3179 1236 3220; x_wconf 91' lang='lat' dir='ltr'>esse</span> <span class='ocrx_word' id='word_1_238' title='bbox 1258 3159 1532 3235; x_wconf 83' lang='lat' dir='ltr'>fruetuis</span> <span class='ocrx_word' id='word_1_239' title='bbox 1561 3179 1805 3222; x_wconf 80' lang='lat' dir='ltr'>venena.</span> <span class='ocrx_word' id='word_1_240' title='bbox 1854 3177 2144 3220; x_wconf 79' lang='lat' dir='ltr'>venenum</span> <span class='ocrx_word' id='word_1_241' title='bbox 2174 3157 2585 3219; x_wconf 87' lang='lat' dir='ltr'>Lachmannus</span> 
     </span>
     <span class='ocr_line' id='line_1_28' title="bbox 316 3261 2587 3348; baseline 0.004 -30"><span class='ocrx_word' id='word_1_242' title='bbox 316 3261 369 3320; x_wconf 90' lang='lat' dir='ltr'>in</span> <span class='ocrx_word' id='word_1_243' title='bbox 402 3263 627 3325; x_wconf 90' lang='lat' dir='ltr'>Lucret.</span> <span class='ocrx_word' id='word_1_244' title='bbox 666 3283 722 3343; x_wconf 92' lang='lat' dir='ltr'>p.</span> <span class='ocrx_word' id='word_1_245' title='bbox 755 3261 839 3325; x_wconf 85' lang='lat'>52</span> <span class='ocrx_word' id='word_1_246' title='bbox 888 3265 1155 3326; x_wconf 84' lang='lat' dir='ltr'>defendit</span> <span class='ocrx_word' id='word_1_247' title='bbox 1193 3277 1253 3326; x_wconf 91' lang='lat' dir='ltr'>et</span> <span class='ocrx_word' id='word_1_248' title='bbox 1290 3267 1555 3347; x_wconf 89' lang='lat' dir='ltr'>exempla</span> <span class='ocrx_word' id='word_1_249' title='bbox 1596 3266 1877 3327; x_wconf 88' lang='lat' dir='ltr'>Varronis</span> <span class='ocrx_word' id='word_1_250' title='bbox 1925 3264 2004 3328; x_wconf 84' lang='lat' dir='ltr'>ib.</span> <span class='ocrx_word' id='word_1_251' title='bbox 2033 3284 2088 3345; x_wconf 93' lang='lat' dir='ltr'>p.</span> <span class='ocrx_word' id='word_1_252' title='bbox 2119 3261 2203 3325; x_wconf 90' lang='lat'>99</span> <span class='ocrx_word' id='word_1_253' title='bbox 2253 3264 2587 3348; x_wconf 84' lang='lat' dir='ltr'>adscripsit,</span> 
     </span>
     <span class='ocr_line' id='line_1_29' title="bbox 317 3364 2587 3453; baseline 0.002 -23"><span class='ocrx_word' id='word_1_254' title='bbox 317 3364 463 3452; x_wconf 84' lang='lat'>145,</span> <span class='ocrx_word' id='word_1_255' title='bbox 501 3368 538 3431; x_wconf 83' lang='lat'>2</span> <span class='ocrx_word' id='word_1_256' title='bbox 595 3390 890 3432; x_wconf 79' lang='lat' dir='ltr'>venenum</span> <span class='ocrx_word' id='word_1_257' title='bbox 955 3376 1111 3433; x_wconf 84' lang='lat' dir='ltr'>enim</span> <span class='ocrx_word' id='word_1_258' title='bbox 1175 3378 1376 3449; x_wconf 74' lang='lat' dir='ltr'>qelum</span> <span class='ocrx_word' id='word_1_259' title='bbox 1442 3376 1760 3436; x_wconf 82' lang='lat' dir='ltr'>radicibus</span> <span class='ocrx_word' id='word_1_260' title='bbox 1808 3376 2038 3433; x_wconf 84' lang='lat' dir='ltr'>tenellis</span> <span class='ocrx_word' id='word_1_261' title='bbox 2103 3381 2162 3432; x_wconf 89' lang='lat' dir='ltr'>et</span> <span class='ocrx_word' id='word_1_262' title='bbox 2218 3369 2384 3453; x_wconf 86' lang='lat'>151,</span> <span class='ocrx_word' id='word_1_263' title='bbox 2427 3371 2459 3434; x_wconf 92' lang='lat'>1</span> <span class='ocrx_word' id='word_1_264' title='bbox 2513 3393 2587 3434; x_wconf 88' lang='lat' dir='ltr'>ea</span> 
     </span>
     <span class='ocr_line' id='line_1_30' title="bbox 318 3479 2557 3557; baseline 0.002 -23"><span class='ocrx_word' id='word_1_265' title='bbox 318 3480 453 3537; x_wconf 82' lang='lat' dir='ltr'>enim</span> <span class='ocrx_word' id='word_1_266' title='bbox 496 3480 828 3539; x_wconf 81' lang='lat' dir='ltr'>herbarum</span> <span class='ocrx_word' id='word_1_267' title='bbox 867 3487 928 3540; x_wconf 88' lang='lat' dir='ltr'>et</span> <span class='ocrx_word' id='word_1_268' title='bbox 965 3479 1371 3555; x_wconf 78' lang='lat' dir='ltr'>formicarum</span> <span class='ocrx_word' id='word_1_269' title='bbox 1418 3488 1476 3541; x_wconf 89' lang='lat' dir='ltr'>el</span> <span class='ocrx_word' id='word_1_270' title='bbox 1523 3486 1829 3557; x_wconf 83' lang='lat' dir='ltr'>talparum</span> <span class='ocrx_word' id='word_1_271' title='bbox 1877 3497 2186 3540; x_wconf 79' lang='lat' dir='ltr'>venenum.</span> <span class='ocrx_word' id='word_1_272' title='bbox 2278 3480 2352 3540; x_wconf 90' lang='lat' dir='ltr'>ad</span> <span class='ocrx_word' id='word_1_273' title='bbox 2400 3483 2557 3540; x_wconf 88' lang='lat' dir='ltr'>varie</span> 
     </span>
     <span class='ocr_line' id='line_1_31' title="bbox 318 3586 2577 3666; baseline 0.003 -28"><span class='ocrx_word' id='word_1_274' title='bbox 318 3588 474 3643; x_wconf 89' lang='lat' dir='ltr'>tatem</span> <span class='ocrx_word' id='word_1_275' title='bbox 518 3588 849 3665; x_wconf 90' lang='lat' dir='ltr'>scripturae</span> <span class='ocrx_word' id='word_1_276' title='bbox 899 3594 1169 3664; x_wconf 88' lang='lat' dir='ltr'>spectare</span> <span class='ocrx_word' id='word_1_277' title='bbox 1217 3592 1450 3664; x_wconf 90' lang='lat' dir='ltr'>poterat</span> <span class='ocrx_word' id='word_1_278' title='bbox 1498 3587 1693 3646; x_wconf 87' lang='lat' dir='ltr'>littera</span> <span class='ocrx_word' id='word_1_279' title='bbox 1741 3590 1785 3666; x_wconf 87' lang='lat' dir='ltr'>l,</span> <span class='ocrx_word' id='word_1_280' title='bbox 1825 3604 1934 3664; x_wconf 93' lang='lat' dir='ltr'>pro</span> <span class='ocrx_word' id='word_1_281' title='bbox 1985 3603 2099 3664; x_wconf 88' lang='lat' dir='ltr'>qua</span> <span class='ocrx_word' id='word_1_282' title='bbox 2163 3586 2268 3646; x_wconf 86' lang='lat' dir='ltr'>Vel</span> <span class='ocrx_word' id='word_1_283' title='bbox 2310 3588 2371 3646; x_wconf 91' lang='lat' dir='ltr'>in</span> <span class='ocrx_word' id='word_1_284' title='bbox 2419 3588 2577 3663; x_wconf 90' lang='lat' dir='ltr'>prin·</span> 
     </span>
     <span class='ocr_line' id='line_1_32' title="bbox 319 3689 2586 3773; baseline 0.003 -28"><span class='ocrx_word' id='word_1_285' title='bbox 319 3689 427 3768; x_wconf 87' lang='lat' dir='ltr'>cipe</span> <span class='ocrx_word' id='word_1_286' title='bbox 472 3691 756 3773; x_wconf 87' lang='lat' dir='ltr'>editione,</span> <span class='ocrx_word' id='word_1_287' title='bbox 803 3692 1078 3753; x_wconf 81' lang='lat' dir='ltr'>Licinius</span> <span class='ocrx_word' id='word_1_288' title='bbox 1123 3694 1185 3752; x_wconf 92' lang='lat' dir='ltr'>in</span> <span class='ocrx_word' id='word_1_289' title='bbox 1233 3692 1439 3752; x_wconf 87' lang='lat' dir='ltr'>Aldina</span> <span class='ocrx_word' id='word_1_290' title='bbox 1490 3701 1550 3753; x_wconf 90' lang='lat' dir='ltr'>et</span> <span class='ocrx_word' id='word_1_291' title='bbox 1598 3693 1845 3771; x_wconf 89' lang='lat' dir='ltr'>reliquis</span> <span class='ocrx_word' id='word_1_292' title='bbox 1894 3693 2176 3772; x_wconf 87' lang='lat' dir='ltr'>deinceps</span> <span class='ocrx_word' id='word_1_293' title='bbox 2225 3692 2586 3751; x_wconf 86' lang='lat' dir='ltr'>editionibus</span> 
     </span>
     <span class='ocr_line' id='line_1_33' title="bbox 319 3795 705 3859; baseline 0.021 -8"><span class='ocrx_word' id='word_1_294' title='bbox 319 3795 514 3858; x_wconf 90' lang='lat' dir='ltr'>editum</span> <span class='ocrx_word' id='word_1_295' title='bbox 559 3808 705 3859; x_wconf 88' lang='lat' dir='ltr'>erat.</span> 
     </span>
    </p>

    <p class='ocr_par' dir='ltr' id='par_1_8' title="bbox 318 3903 2585 4499">
     <span class='ocr_line' id='line_1_34' title="bbox 470 3903 2584 3985; baseline -0.001 -19"><span class='ocrx_word' id='word_1_296' title='bbox 470 3903 553 3966; x_wconf 89' lang='grc'>20</span> <span class='ocrx_word' id='word_1_297' title='bbox 618 3905 759 3966; x_wconf 90' lang='lat' dir='ltr'>Nec</span> <span class='ocrx_word' id='word_1_298' title='bbox 809 3905 1049 3965; x_wconf 89' lang='lat' dir='ltr'>nullae</span> <span class='ocrx_word' id='word_1_299' title='bbox 1107 3907 1393 3985; x_wconf 88' lang='lat' dir='ltr'>inquam</span> <span class='ocrx_word' id='word_1_300' title='bbox 1441 3906 1787 3985; x_wconf 82' lang='lat' dir='ltr'>pecudes]</span> <span class='ocrx_word' id='word_1_301' title='bbox 1848 3906 2167 3985; x_wconf 84' lang='lat' dir='ltr'>Archetypi</span> <span class='ocrx_word' id='word_1_302' title='bbox 2228 3908 2584 3985; x_wconf 88' lang='lat' dir='ltr'>scripturam</span> 
     </span>
     <span class='ocr_line' id='line_1_35' title="bbox 318 4006 2585 4092; baseline 0.003 -27"><span class='ocrx_word' id='word_1_303' title='bbox 318 4006 482 4071; x_wconf 90' lang='lat' dir='ltr'>deleto</span> <span class='ocrx_word' id='word_1_304' title='bbox 518 4031 631 4073; x_wconf 80' lang='lat' dir='ltr'>nee</span> <span class='ocrx_word' id='word_1_305' title='bbox 670 4011 807 4072; x_wconf 91' lang='lat' dir='ltr'>olim</span> <span class='ocrx_word' id='word_1_306' title='bbox 848 4014 1144 4092; x_wconf 82' lang='lat' dir='ltr'>expressi3</span> <span class='ocrx_word' id='word_1_307' title='bbox 1186 4012 1286 4072; x_wconf 88' lang='lat' dir='ltr'>sed</span> <span class='ocrx_word' id='word_1_308' title='bbox 1327 4031 1533 4072; x_wconf 87' lang='lat' dir='ltr'>verum</span> <span class='ocrx_word' id='word_1_309' title='bbox 1572 4013 1806 4073; x_wconf 87' lang='lat' dir='ltr'>videtur</span> <span class='ocrx_word' id='word_1_310' title='bbox 1848 4013 2003 4091; x_wconf 89' lang='lat' dir='ltr'>quod</span> <span class='ocrx_word' id='word_1_311' title='bbox 2047 4032 2116 4072; x_wconf 88' lang='lat' dir='ltr'>ex</span> <span class='ocrx_word' id='word_1_312' title='bbox 2158 4013 2424 4090; x_wconf 88' lang='lat' dir='ltr'>principe</span> <span class='ocrx_word' id='word_1_313' title='bbox 2466 4011 2585 4071; x_wconf 88' lang='lat' dir='ltr'>edi-</span> 
     </span>
     <span class='ocr_line' id='line_1_36' title="bbox 325 4116 2583 4200; baseline 0.002 -27"><span class='ocrx_word' id='word_1_314' title='bbox 325 4116 458 4177; x_wconf 87' lang='lat' dir='ltr'>tione</span> <span class='ocrx_word' id='word_1_315' title='bbox 496 4126 803 4198; x_wconf 90' lang='lat' dir='ltr'>receptum</span> <span class='ocrx_word' id='word_1_316' title='bbox 844 4127 970 4178; x_wconf 92' lang='lat' dir='ltr'>erat</span> <span class='ocrx_word' id='word_1_317' title='bbox 1009 4137 1121 4179; x_wconf 80' lang='lat' dir='ltr'>nee</span> <span class='ocrx_word' id='word_1_318' title='bbox 1158 4122 1337 4193; x_wconf 88' lang='lat' dir='ltr'>ullae,</span> <span class='ocrx_word' id='word_1_319' title='bbox 1383 4118 1485 4178; x_wconf 89' lang='lat' dir='ltr'>ubi</span> <span class='ocrx_word' id='word_1_320' title='bbox 1524 4138 1638 4179; x_wconf 81' lang='lat' dir='ltr'>uec</span> <span class='ocrx_word' id='word_1_321' title='bbox 1686 4138 1804 4179; x_wconf 92' lang='lat' dir='ltr'>non</span> <span class='ocrx_word' id='word_1_322' title='bbox 1843 4117 2198 4179; x_wconf 88' lang='lat' dir='ltr'>conectendi</span> <span class='ocrx_word' id='word_1_323' title='bbox 2234 4120 2349 4200; x_wconf 86' lang='lat' dir='ltr'>vim</span> <span class='ocrx_word' id='word_1_324' title='bbox 2388 4117 2583 4198; x_wconf 89' lang='lat' dir='ltr'>habet,</span> 
     </span>
     <span class='ocr_line' id='line_1_37' title="bbox 318 4223 2584 4307; baseline 0.003 -29"><span class='ocrx_word' id='word_1_325' title='bbox 318 4223 400 4282; x_wconf 88' lang='lat' dir='ltr'>sed</span> <span class='ocrx_word' id='word_1_326' title='bbox 434 4224 839 4304; x_wconf 84' lang='lat' dir='ltr'>exaggerandi,</span> <span class='ocrx_word' id='word_1_327' title='bbox 881 4228 1052 4285; x_wconf 87' lang='lat' dir='ltr'>cuius</span> <span class='ocrx_word' id='word_1_328' title='bbox 1092 4227 1543 4307; x_wconf 85' lang='lat' dir='ltr'>significationis</span> <span class='ocrx_word' id='word_1_329' title='bbox 1582 4235 1890 4304; x_wconf 90' lang='lat' dir='ltr'>praeterea</span> <span class='ocrx_word' id='word_1_330' title='bbox 1922 4243 2107 4285; x_wconf 91' lang='lat' dir='ltr'>unum</span> <span class='ocrx_word' id='word_1_331' title='bbox 2145 4223 2478 4302; x_wconf 86' lang='lat' dir='ltr'>exemplum</span> <span class='ocrx_word' id='word_1_332' title='bbox 2522 4227 2584 4284; x_wconf 92' lang='lat' dir='ltr'>in</span> 
     </span>
     <span class='ocr_line' id='line_1_38' title="bbox 320 4325 2585 4413; baseline 0.003 -27"><span class='ocrx_word' id='word_1_333' title='bbox 320 4325 393 4389; x_wconf 91' lang='lat' dir='ltr'>his</span> <span class='ocrx_word' id='word_1_334' title='bbox 434 4331 596 4392; x_wconf 90' lang='lat' dir='ltr'>libris</span> <span class='ocrx_word' id='word_1_335' title='bbox 643 4334 860 4412; x_wconf 90' lang='lat' dir='ltr'>inveni,</span> <span class='ocrx_word' id='word_1_336' title='bbox 907 4331 989 4391; x_wconf 88' lang='lat' dir='ltr'>Ill</span> <span class='ocrx_word' id='word_1_337' title='bbox 1037 4330 1143 4413; x_wconf 83' lang='grc'>12,</span> <span class='ocrx_word' id='word_1_338' title='bbox 1186 4331 1219 4393; x_wconf 94' lang='grc'>1</span> <span class='ocrx_word' id='word_1_339' title='bbox 1279 4351 1421 4393; x_wconf 80' lang='lat' dir='ltr'>uam</span> <span class='ocrx_word' id='word_1_340' title='bbox 1467 4352 1664 4408; x_wconf 79' lang='lat' dir='ltr'>neque</span> <span class='ocrx_word' id='word_1_341' title='bbox 1716 4336 1905 4395; x_wconf 86' lang='lat' dir='ltr'>solum</span> <span class='ocrx_word' id='word_1_342' title='bbox 1961 4336 2194 4408; x_wconf 83' lang='lat' dir='ltr'>lepores</span> <span class='ocrx_word' id='word_1_343' title='bbox 2249 4335 2310 4391; x_wconf 81' lang='lat' dir='ltr'>iu</span> <span class='ocrx_word' id='word_1_344' title='bbox 2371 4350 2441 4392; x_wconf 86' lang='lat' dir='ltr'>eo</span> <span class='ocrx_word' id='word_1_345' title='bbox 2497 4336 2585 4393; x_wconf 78' lang='lat' dir='ltr'>in-</span> 
     </span>
     <span class='ocr_line' id='line_1_39' title="bbox 322 4439 840 4499; baseline 0.015 -8"><span class='ocrx_word' id='word_1_346' title='bbox 322 4439 626 4499; x_wconf 82' lang='lat' dir='ltr'>cluduntur</span> <span class='ocrx_word' id='word_1_347' title='bbox 669 4441 840 4499; x_wconf 86' lang='lat' dir='ltr'>silva.</span> 
     </span>
    </p>
   </div>
   <div class='ocr_carea' id='block_1_4' title="bbox 471 4543 2586 4696">
    <p class='ocr_par' dir='ltr' id='par_1_9' title="bbox 471 4543 2586 4696">
     <span class='ocr_line' id='line_1_40' title="bbox 471 4543 2586 4626; baseline 0.001 -22"><span class='ocrx_word' id='word_1_348' title='bbox 471 4545 624 4604; x_wconf 90' lang='lat' dir='ltr'>Nisi</span> <span class='ocrx_word' id='word_1_349' title='bbox 670 4559 848 4623; x_wconf 88' lang='lat' dir='ltr'>quae</span> <span class='ocrx_word' id='word_1_350' title='bbox 895 4563 1137 4623; x_wconf 81' lang='lat' dir='ltr'>agrum</span> <span class='ocrx_word' id='word_1_351' title='bbox 1187 4564 1403 4625; x_wconf 92' lang='lat' dir='ltr'>opere</span> <span class='ocrx_word' id='word_1_352' title='bbox 1460 4564 1597 4626; x_wconf 87' lang='lat' dir='ltr'>quo</span> <span class='ocrx_word' id='word_1_353' title='bbox 1647 4544 1915 4605; x_wconf 87' lang='lat' dir='ltr'>cultior</span> <span class='ocrx_word' id='word_1_354' title='bbox 1962 4544 2058 4602; x_wconf 90' lang='lat' dir='ltr'>sit</span> <span class='ocrx_word' id='word_1_355' title='bbox 2116 4543 2461 4604; x_wconf 88' lang='lat' dir='ltr'>adiuuare</span> <span class='ocrx_word' id='word_1_356' title='bbox 2511 4552 2586 4606; x_wconf 89' lang='lat' dir='ltr'>ut</span> 
     </span>
     <span class='ocr_line' id='line_1_41' title="bbox 2085 4641 2159 4696; baseline 0 -21"><span class='ocrx_word' id='word_1_357' title='bbox 2085 4641 2159 4696; x_wconf 65' lang='lat'>2*</span> 
     </span>
    </p>
   </div>
  </div>
 </body>
</html>
