3178 5185
571 385 695 448 138
1552 382 1921 438 VARRONIS

568 554 838 612 amittant
905 551 1057 612 folia.
1157 559 1403 630 propter
1471 551 1717 610 eandem
1784 570 2019 611 causam
2078 551 2259 612 multa
2317 560 2454 611 sunt
2511 552 2727 634 bifera,
2791 563 2856 615 ut

566 661 702 720 vitis
750 660 903 737 apud
952 678 1112 718 mare
1152 659 1459 738 Zmurnae,
1508 659 1696 719 malus
1747 658 1995 735 [biferae
2045 659 2137 735 ut]
2187 661 2246 719 in
2297 678 2437 737 agro
2476 659 2855 721 Consentino,

516 766 730 828 'Iidem
777 767 1061 845 ostendit,
1111 767 1267 845 quod
1316 768 1376 825 in
1424 766 1570 825 locis
1618 766 1761 825 seris
1806 765 1977 843 plura
2026 767 2251 846 ferunt,
2299 768 2360 825 in
2409 768 2482 826 iis
2530 785 2678 845 quae
2719 777 2857 828 sunt

566 873 721 933 culta
780 873 1036 933 meliora.
1140 874 1342 934 eadem
1401 873 1472 932 (le
1530 892 1706 933 causa
1764 881 1903 933 sunt
1960 892 2109 951 quae
2167 891 2286 932 non
2342 882 2593 950 possunt
2660 876 2855 933 vivere

565 982 680 1040 nisi
726 982 786 1040 in
835 980 963 1040 loco
1013 997 1235 1058 aquoso
1283 986 1384 1039 aut
1433 982 1611 1039 etiam
1658 1000 1825 1061 aqua,
1874 990 1933 1040 et
1979 981 2037 1040 id
2089 980 2540 1040 discriminatim
2580 978 2703 1057 [ut]
2746 980 2856 1040 alia
2911 994 2938 1033 5

563 1089 624 1146 in
682 1087 955 1167 lacubuS,
1011 1094 1078 1147 ut
1134 1087 1500 1147 harundines
1545 1089 1608 1147 in
1656 1087 1929 1169 Reatino,
1986 1087 2097 1146 alia
2144 1089 2203 1146 in
2253 1085 2624 1166 fluminibuS,
2681 1095 2749 1147 ut
2795 1090 2854 1147 in

563 1194 745 1272 Epiro
795 1193 1038 1254 arbores
1087 1194 1231 1274 alni,
1288 1193 1397 1254 alia
1446 1198 1506 1255 in
1553 1198 1721 1275 mari,
1769 1204 1835 1256 ut
1884 1194 2092 1255 scribit
2138 1193 2583 1271 Theophrastus
2631 1193 2856 1272 palmas

510 1298 630 1361 Set
686 1300 973 1379 squillam.
1066 1303 1126 1360 in
1175 1301 1356 1361 Gallia
1413 1301 1797 1383 transalpina,
1854 1304 2014 1362 intus
2071 1302 2142 1361 ad
2190 1301 2460 1361 Rhenum
2510 1319 2644 1361 curn
2692 1319 2856 1361 exer-

563 1410 746 1467 citum
807 1408 1115 1488 ducerem,
1174 1400 1398 1487 aliquot
1444 1410 1723 1487 regiones
1772 1411 2024 1489 accessi,
2082 1408 2183 1468 uhi
2230 1427 2339 1468 nec
2390 1410 2523 1467 vitis
2573 1426 2681 1467 nec-
2729 1407 2853 1467 olea

563 1532 672 1573 nec
738 1533 909 1593 poma
969 1525 1383 1598 nascerentur,
1450 1515 1553 1575 uhi
1610 1535 1783 1594 agros
1841 1523 2243 1576 stercorarent
2305 1514 2552 1575 candida
2607 1515 2844 1575 fossicia
2877 1526 2928 1565 10

561 1629 749 1702 creta,
806 1621 910 1681 uhi
957 1621 1138 1684 salem
1186 1642 1296 1683 nec
1344 1624 1646 1683 fossicium
1696 1642 1806 1683 nec
1854 1624 2216 1682 maritimum
2263 1621 2576 1703 haberent,
2632 1621 2736 1680 sed
2785 1641 2854 1680 ex

561 1727 914 1806 quibusdam
981 1729 1156 1806 lignis
1223 1729 1532 1790 conbustis
1591 1729 1948 1790 carbonibus
2007 1729 2175 1789 salsis
2232 1748 2340 1809 pro
2399 1747 2468 1788 eo
2524 1735 2854 1789 uterentur.

508 1831 548 1893 9
573 1834 754 1916 Stolo,
800 1835 941 1896 Cato
981 1836 1239 1918 quidem,
1287 1838 1496 1917 inquit,
1544 1837 1831 1915 gradatim
1870 1855 2241 1916 praeponens
2280 1836 2459 1897 alium
2496 1835 2609 1895 alio
2647 1854 2855 1913 agrum

561 1942 864 2002 meliorem
914 1943 1059 2003 dicit
1106 1962 1236 2003 esse
1285 1944 1343 2002 in
1394 1962 1604 2004 novem
1643 1942 2107 2026 discriminibuS‚
2155 1943 2313 2022 quod
2363 1945 2440 2003 sit
2483 1944 2714 2021 primus
2753 1942 2857 2002 ubi

561 2052 763 2109 vineae
829 2053 1061 2128 possint
1128 2069 1258 2110 esse
1326 2050 1481 2111 bono
1537 2054 1675 2112 vino
1733 2059 1792 2112 et
1850 2051 2062 2132 multo,
2124 2050 2424 2111 secundus
2483 2049 2588 2110 ubi
2644 2049 2853 2110 hortus
2884 2059 2934 2100 15

561 2158 850 2237 inriguuS,
900 2159 1115 2217 tertius
1165 2156 1264 2218 nbi
1313 2158 1532 2239 salicta,
1582 2168 1830 2237 quartus
1878 2158 1981 2218 ubi
2019 2157 2249 2236 oliveta,
2298 2159 2542 2237 quintus
2582 2156 2687 2217 ubi
2724 2175 2853 2234 pra·

562 2272 705 2343 tum,
754 2271 957 2324 sextus
1005 2265 1108 2325 uhi
1156 2284 1400 2343 campus
1448 2265 1892 2346 frumentarius,
1941 2266 2230 2344 septimus
2278 2264 2378 2324 ubi
2428 2264 2647 2325 caedua
2692 2264 2853 2344 silva,

467 2373 549 2429 10
569 2378 812 2430 octavus
868 2371 971 2439 ubi
1026 2371 1362 2452 arbustum,
1418 2390 1612 2432 nonus
1660 2371 1763 2432 ubi
1808 2371 2108 2451 glandaria
2155 2371 2313 2431 silva.
2409 2371 2640 2451 Scrofa,
2699 2371 2854 2452 Scio,

560 2478 781 2557 inquit,
828 2478 1093 2538 scrihere
1142 2478 1334 2559 illum3
1394 2479 1497 2538 sed
1546 2479 1619 2538 de
1666 2479 1779 2539 hoc
1828 2497 1946 2539 non
1994 2480 2377 2539 consentiunt
2423 2496 2646 2558 omneS,
2695 2478 2856 2557 quod

560 2583 658 2645 alii
724 2584 865 2645 dant
919 2587 1237 2664 primatum
1295 2585 1466 2648 bonis
1522 2587 1737 2667 pratiS,
1804 2592 1869 2648 ut
1926 2605 2061 2667 ego,
2128 2605 2160 2646 a
2217 2605 2334 2665 quo
2396 2584 2564 2664 [que]
2624 2586 2852 2664 antiqui
2881 2596 2931 2634 20

558 2699 724 2771 prata
763 2700 964 2771 parata
1003 2694 1390 2772 appellarunt.
1486 2693 1701 2755 Caesar
1740 2692 2046 2774 VopiscuS‚
2085 2693 2391 2753 aedilicius
2440 2710 2675 2753 causam
2715 2711 2850 2752 cum

559 2808 760 2878 ageret
806 2801 961 2878 apud
1009 2818 1306 2882 censoreS‚
1353 2820 1592 2880 campos
1641 2801 1864 2862 Roseae
1911 2800 2110 2861 Italiae
2159 2800 2308 2860 dixit
2345 2818 2475 2859 esse
2515 2817 2744 2880 sumen,
2789 2801 2851 2858 in

560 2926 676 2985 quo
750 2907 956 2968 relicta
1030 2910 1256 2986 pertica
1330 2910 1621 2987 postridie
1697 2927 1816 2968 non
1890 2917 2203 2987 appareret
2277 2914 2521 2985 propter
2587 2905 2850 2966 herbam.

398 3010 525 3075 VIII
563 3022 769 3075 contra
816 3017 1046 3076 vineam
1091 3024 1232 3076 sunt
1279 3018 1383 3095 qui
1426 3023 1638 3094 putent
1686 3025 1927 3095 sumptu
1974 3016 2235 3076 fructum
2283 3015 2582 3075 devorare.

701 3186 727 3233 1
773 3180 1001 3249 propter
1040 3181 1274 3235 eandem
1314 3179 1540 3235 causam
1578 3179 1731 3234 Ptin.
1771 3184 1862 3246 16,
1902 3182 2010 3232 115
2174 3182 2239 3230 13
2279 3176 2420 3230 Cato
2459 3173 2689 3243 quidem
2729 3175 2848 3230 Cat.

555 3270 621 3322 de
657 3270 782 3337 ayri
818 3270 944 3323 cult.
983 3275 1035 3336 1,
1075 3274 1110 3324 7
1254 3274 1320 3322 21
1364 3267 1564 3323 Caesar
1600 3268 1877 3337 Vopiscus
1919 3266 2074 3321 Ptin.
2113 3270 2203 3332 17,
2243 3268 2318 3319 32

704 3426 729 3472 1
770 3421 833 3473 ut
870 3420 1015 3473 uites
1056 3420 1234 3474 VAB
1263 3463 1274 3474 .
1306 3419 1378 3473 M.
1412 3420 1589 3475 Varro
1628 3423 1824 3475 auctor
1860 3423 1945 3474 est
1979 3419 2154 3473 vitem
2192 3416 2360 3470 fuisse
2390 3416 2662 3484 Zmyrnae
2699 3415 2851 3483 apud

555 3524 705 3563 mare
760 3506 1000 3562 biferam
1054 3511 1112 3562 et
1166 3509 1377 3562 malum
1423 3510 1478 3563 in
1527 3525 1662 3579 agro
1704 3508 2039 3563 Consentino
2091 3508 2316 3560 Plinius
2365 3504 2531 3558 XVI
2565 3507 2672 3558 115
2816 3509 2849 3556 2

555 3613 779 3650 zmurne
807 3598 860 3650 A
899 3614 1157 3666 zmyrnae
1188 3599 1304 3652 ΡΒ
1339 3599 1550 3653 mirnae
1579 3616 1612 3652 v
1757 3598 1937 3651 malus
1973 3596 2187 3651 biferae
2219 3598 2285 3649 ut
2310 3594 2426 3648 ΡΒ
2463 3592 2644 3646 malus
2673 3590 2851 3645 bifero

555 3686 619 3739 ut
645 3685 701 3738 A
738 3687 918 3740 malus
945 3685 1128 3742 bifera
1164 3689 1225 3741 ut
1260 3705 1292 3742 v
1438 3695 1469 3742 3
1508 3687 1568 3741 in
1606 3689 1673 3742 iis
1702 3689 1820 3742 AB
1858 3688 1916 3741 in
1954 3687 2041 3740 his
2084 3685 2136 3738 V
2278 3689 2309 3737 5
2348 3682 2520 3737 etiam
2557 3697 2707 3748 aqua
2731 3680 2849 3734 ΡΒ

555 3774 729 3828 etiam
785 3792 988 3843 aquam
1033 3775 1090 3829 A
1143 3776 1201 3830 in
1257 3793 1464 3844 aquam
1507 3794 1561 3830 m
1618 3774 1791 3830 etiam
1845 3776 1902 3829 in
1950 3791 2096 3843 aqua
2131 3791 2161 3827 v
2308 3765 2738 3824 discriminatim
2784 3771 2850 3823 ut

556 3863 670 3919 alia
718 3865 904 3918 ΡΑΒ
960 3864 1385 3918 discriminatim
1445 3867 1502 3919 et
1551 3864 1667 3919 alia
1709 3882 1741 3918 v
1897 3870 1928 3917 6
1985 3862 2279 3918 arundines
2330 3863 2440 3918 VB
2486 3866 2745 3920 arudines
2792 3866 2849 3920 A

708 3960 737 4007 7
787 3969 956 4021 epyro
996 3954 1052 4007 Β
1205 3954 1508 4022 theophras
1541 3956 1549 4022 Ι
1583 3956 1698 4007 stus
1737 3954 1792 4007 A
1936 3958 1967 4006 8
2016 3952 2275 4020 squillam
2317 3953 2499 4008 ΡΑΒ
2544 3953 2777 4023 squillas
2815 3972 2847 4010 υ

697 4039 929 4094 rhenum
991 4041 1103 4094 VB
1157 4058 1347 4096 renum
1393 4043 1509 4096 Am
1656 4049 1687 4096 9
1745 4042 1961 4111 aliquot
1998 4042 2189 4097 BA²v
2244 4041 2475 4112 aliquod
2518 4043 2632 4096 PA
2780 4050 2847 4098 12

554 4130 857 4184 combustis
912 4128 1087 4184 VAB
1243 4137 1325 4185 13·
1363 4131 1548 4200 inquit
1604 4131 1717 4184 VB
1771 4132 1968 4200 inquid
2014 4132 2071 4186 A
2221 4149 2536 4201 proponens
2580 4150 2634 4186 m
2781 4139 2846 4187 15

554 4220 747 4273 hortus
796 4219 849 4272 V
900 4221 1054 4274 ortus
1109 4220 1231 4274 AB
1378 4226 1443 4274 16
1482 4218 1736 4288 inriguus
1798 4220 1978 4274 ΡΑΒ
2014 4219 2253 4291 irriguus
2298 4238 2331 4275 v
2478 4227 2543 4276 18
2583 4222 2848 4276 octauum

553 4358 691 4397 corr.
739 4373 799 4381 —-
856 4359 917 4396 us
954 4344 1011 4398 A
1151 4350 1301 4400 nomi
1338 4344 1394 4398 A
1537 4344 1652 4398 scio
1697 4345 1881 4412 inquit
1930 4344 2042 4398 VB
2079 4320 2161 4399 sio
2199 4344 2395 4414 inquid
2431 4346 2485 4398 A
2634 4351 2700 4399 19
2740 4362 2846 4401 con

553 4447 644 4486 see
693 4431 968 4498 sentiunt,
1024 4435 1117 4488 sed
1171 4435 1354 4488 deletis
1402 4449 1493 4487 see
1540 4435 1737 4489 litteris
1783 4435 1838 4488 A
1983 4438 2051 4488 20
2097 4437 2161 4488 ut
2208 4452 2311 4505 ego
2351 4452 2385 4488 a
2430 4450 2652 4503 quoque
2698 4434 2846 4489 anti·

551 4521 648 4589 qui
684 4522 862 4576 ΡΑΒ
900 4525 963 4576 ut
999 4540 1104 4592 ego
1143 4540 1177 4577 a
1214 4538 1323 4590 quo
1362 4522 1580 4591 antiqui
1616 4540 1647 4577 v
1792 4531 1861 4578 24
1899 4526 2181 4593 sumptum
2221 4526 2277 4578 B
