3178 5185
900 408 1157 463 RERVM
1197 406 1670 463 RVSTICARVM
1706 407 1843 462 LIB.
1882 408 1908 460 I
1949 408 1984 462 2
2467 403 2594 468 129

299 575 489 655 nollet,
540 551 697 636 alter
745 579 918 637 etiam
971 577 1167 637 videre
1205 585 1555 654 pereuntem
1597 575 1785 636 vellet.
1880 577 1965 635 sic
2005 574 2225 635 factum
2272 581 2340 634 ut
2377 571 2592 632 Libero

297 685 464 764 patri,
513 686 819 762 repertori
866 686 1014 764 vitis,
1061 684 1215 743 hirci
1267 683 1716 762 inmolarentur,
1763 681 2013 761 proinde
2051 691 2119 742 ut
2155 683 2348 759 capite
2386 679 2596 739 darent

298 809 545 872 poenas;
625 798 832 851 contra
906 799 974 851 ut
1037 790 1334 850 Minervae
1409 792 1638 869 caprini
1710 791 1946 868 generis
2021 788 2168 848 nihil
2241 787 2597 847 inmolarent

297 906 541 977 propter
592 898 802 978 oleam,
851 897 1006 976 quod
1057 916 1183 957 eam
1223 915 1401 975 quam
1439 896 1678 957 laeserit
1718 898 1847 956 fieri
1885 896 2093 956 dicunt
2131 894 2420 955 sterilem:
2469 895 2597 954 eius

250 1015 274 1055 5
299 1008 451 1065 enim
491 1005 741 1065 salivam
781 1023 909 1064 esse
949 1005 1202 1065 fructuis
1232 1021 1523 1064 venenum
1555 1001 1687 1080 [L]:
1726 1003 1838 1063 hoc
1868 1005 2107 1063 nomine
2136 1005 2311 1063 etiam
2340 1002 2589 1065 Athenis
2612 1000 2695 1057 20

297 1113 356 1171 in
393 1130 597 1172 arcem
641 1130 760 1172 non
800 1113 961 1192 inigi,
998 1120 1416 1190 praeterquam
1455 1109 1639 1170 semel
1677 1111 1750 1170 ad
1788 1112 2193 1171 necessarium
2224 1113 2598 1193 sacrificium,

300 1238 369 1278 ne
416 1219 602 1279 arhor
651 1218 795 1298 olea,
844 1237 994 1297 quae
1036 1221 1294 1297 primum
1332 1217 1552 1277 dicitur
1589 1216 1675 1276 ihi
1710 1226 1863 1297 nata,
1911 1237 1942 1277 a
1981 1236 2157 1296 capra
2194 1221 2356 1298 tangi
2393 1223 2597 1299 possit.

303 1324 473 1403 [Nec]
506 1325 727 1405 nullae,
757 1328 1017 1406 inquam,
1056 1324 1316 1404 pecudes
1346 1327 1473 1403 agri
1501 1323 1770 1385 culturae
1802 1333 1942 1385 sunt
1969 1327 2263 1406 propriae,
2303 1329 2421 1386 nisi
2449 1345 2599 1406 quae

302 1451 505 1510 agrum
554 1451 758 1512 opere,
807 1451 924 1510 quo
973 1431 1187 1492 cultior
1236 1433 1330 1511 sit,
1378 1431 1674 1512 adiuvare,
1721 1439 1787 1491 ut
1825 1450 1926 1491 eae
1968 1451 2117 1511 quae
2154 1434 2392 1493 iunctae
2430 1452 2598 1493 arare

228 1549 277 1588 10
301 1547 569 1617 possunt.
676 1530 982 1617 Agrasius,
1049 1537 1114 1596 Si
1168 1539 1323 1597 istuc
1378 1540 1459 1598 ita
1525 1546 1642 1618 est,
1708 1539 1927 1619 inquit,
1994 1558 2111 1619 quo
2176 1540 2349 1600 modo
2408 1559 2591 1619 pecus
2614 1553 2692 1608 21

301 1648 595 1706 removeri
652 1652 850 1724 potest
906 1645 979 1705 ab
1037 1662 1207 1724 agro,
1265 1663 1398 1705 cum
1448 1653 1707 1725 stercuS,
1765 1646 1924 1724 quod
1970 1646 2293 1724 plurimum
2341 1649 2600 1729 prodest,

300 1770 508 1830 greges
559 1770 849 1830 pecorum
894 1748 1283 1811 ministrent?
1375 1751 1490 1831 Sic,
1537 1753 1734 1829 inquit
1771 1754 2004 1833 AgriUS,
2050 1754 2342 1814 venalium
2392 1774 2602 1834 greges

303 1858 573 1919 dicemus
642 1860 771 1936 agri
836 1858 1130 1919 culturam
1197 1877 1354 1938 esse,
1422 1861 1474 1917 si
1537 1866 1786 1937 propter
1850 1861 2024 1920 istam
2082 1878 2208 1920 rem
2264 1861 2605 1922 habendum

303 1967 708 2026 statuerimus,
802 1966 904 2026 sed
954 1984 1123 2025 error
1169 1965 1335 2045 hinc,
1386 1966 1543 2043 quod
1589 1984 1776 2044 pecus
1821 1968 1884 2025 in
1932 1970 2073 2044 agro
2122 1985 2252 2027 esse
2300 1976 2496 2045 potest
2545 1977 2605 2028 et

232 2081 278 2121 15
305 2073 537 2133 fructus
595 2075 661 2133 in
709 2091 778 2132 eo
826 2091 967 2150 agro
1016 2072 1199 2149 ferre,
1257 2072 1414 2151 quod
1462 2090 1579 2132 non
1628 2073 2021 2152 sequendum.
2108 2092 2243 2133 nam
2293 2076 2379 2134 sic
2427 2077 2603 2134 etiam

306 2198 397 2238 res
443 2179 599 2240 aliae
647 2179 913 2238 diversae
960 2178 1033 2238 ab
1081 2198 1221 2256 agro
1270 2187 1447 2240 erunt
1493 2179 1918 2260 adsumendae,
1967 2188 2034 2240 ut
2080 2181 2130 2239 si
2176 2179 2355 2239 hahet
2398 2179 2603 2258 plures

306 2287 361 2346 in
408 2287 603 2347 fundo
648 2293 910 2346 textores
958 2292 1135 2364 atque
1181 2288 1488 2346 institutos
1535 2287 1829 2367 histonaS,
1878 2289 1966 2367 sic
2010 2284 2156 2346 alios
2204 2288 2479 2349 artifices,

480 2394 720 2474 Scrofa,
777 2392 1164 2471 Diiungamus
1220 2395 1428 2473 igitur,
1483 2395 1704 2473 inquit,
1761 2396 2090 2471 pastionem
2150 2412 2182 2453 a
2228 2394 2487 2475 cultura,
2545 2403 2605 2454 et

307 2502 492 2579 siquis
544 2500 691 2579 quid
739 2500 865 2561 vult
912 2500 1068 2560 aliud
1107 2500 1281 2560 aliud.
1375 2499 1540 2559 Anne
1580 2517 1709 2579 ego,
1757 2502 2016 2580 inquam,
2064 2518 2279 2579 sequar
2320 2488 2596 2561 Saserna·
2618 2514 2698 2571 22

241 2616 440 2667 2θνιιῐῐι
486 2610 682 2687 patris
730 2616 789 2668 et
835 2607 921 2668 fili
966 2608 1151 2668 libros
1198 2627 1264 2668 ac
1302 2609 1488 2686 magis
1526 2615 1729 2688 putem
1768 2611 2089 2688 pertinere,
2137 2608 2396 2687 figilinas
2428 2627 2608 2688 quem

308 2716 375 2774 ad
431 2715 683 2775 modum
740 2717 1007 2774 exerceri
1062 2722 1357 2794 oporteat,
1415 2733 1593 2793 quam
1650 2717 1880 2793 argenti
1936 2715 2165 2775 fodinas
2213 2723 2315 2775 aut
2361 2714 2471 2775 alia
2522 2715 2607 2792 [et

447 2911 483 2958 4
519 2891 757 2973 propter
794 2903 975 2958 oleam
1018 2904 1170 2958 Plin.
1200 2909 1291 2970 15,
1331 2908 1417 2957 34.
1459 2908 1546 2973 17,
1582 2908 1699 2959 ‚237
1844 2904 1962 2958 eius
2000 2903 2151 2958 enim
2190 2905 2428 2960 salivam
2456 2905 2605 2959 Non.

304 3011 358 3062 p.
393 2998 524 3061 491,
566 2999 601 3049 9

452 3179 481 3225 1
532 3173 824 3241 pereum'te
859 3171 915 3225 A
1061 3177 1092 3223 2
1139 3171 1282 3224 hirci
1315 3189 1346 3225 v
1387 3171 1490 3226 irci
1532 3171 1714 3225 PAB
1857 3172 2281 3227 immolarentur
2324 3171 2437 3226 VB
2472 3171 2609 3226 imo·

312 3261 565 3317 latentur
608 3262 666 3314 A
836 3268 867 3314 3
922 3276 1097 3330 penas
1142 3259 1198 3313 A
1371 3260 1547 3315 nichil
1594 3260 1649 3313 A
1820 3260 2181 3315 immolarent
2235 3260 2413 3314 VAB
2574 3267 2610 3315 4

313 3349 540 3406 laeserit
598 3339 713 3405 VB
756 3349 1025 3405 laeserint
1070 3348 1126 3401 A
1172 3350 1458 3403 laeserunt
1507 3366 1563 3403 m
1714 3355 1746 3403 5
1792 3349 2028 3404 fructuis
2075 3350 2187 3404 VB
2232 3350 2447 3405 fructus
2492 3350 2611 3404 Am

451 3448 483 3494 6
514 3438 663 3508 inigi
693 3439 876 3493 PAB
906 3436 1065 3506 iungi
1100 3455 1133 3492 v
1170 3437 1311 3507 inigi
1346 3439 1410 3492 in
1445 3439 1692 3507 margine
1730 3440 2025 3509 adscripsit
2053 3442 2118 3497 P.
2197 3441 2397 3509 ‘Ini9i‚
2434 3457 2610 3509 quem·

313 3530 608 3584 admodum
655 3533 730 3583 est
773 3528 837 3582 in
882 3528 1128 3597 antiquis
1175 3528 1360 3593 libris,
1401 3528 1621 3596 scripsi'
1675 3528 1951 3583 Victorius
2096 3536 2126 3583 7
2176 3545 2379 3597 caprea
2413 3528 2469 3582 A

315 3621 345 3669 8
400 3635 505 3672 nec
564 3616 755 3670 nullae
804 3616 989 3669 PAB
1034 3631 1139 3670 nec
1184 3615 1334 3669 ullae
1381 3632 1429 3670 v.
1506 3632 1575 3669 ne
1620 3616 1810 3671 nullae
1850 3648 1917 3657 —
1965 3617 2077 3672 sint
2123 3620 2382 3689 propriae
2417 3636 2471 3673 m

317 3712 380 3759 10
417 3707 661 3775 possunt
696 3707 811 3759 PB
848 3702 1070 3775 possint
1106 3703 1203 3759 Av
1356 3704 1502 3758 istuc
1550 3704 1660 3759 Vm
1706 3705 1855 3759 iustu
1902 3722 2039 3763 corr.
2086 3705 2241 3762 istud
2275 3708 2333 3763 A
2368 3708 2521 3762 istud
2558 3709 2613 3762 Β

467 3802 536 3850 12
571 3794 760 3863 inquit
788 3795 892 3848 VB
921 3792 1120 3863 inquid
1143 3794 1440 3862 posteriore
1468 3795 1581 3848 loco
1610 3794 1665 3847 A
1778 3801 1844 3848 16
1872 3812 1960 3850 res
1998 3798 2424 3867 superscriptum
2458 3798 2522 3851 in
2557 3795 2613 3849 A

455 3885 837 3940 adsumendae
882 3883 1005 3937 AB
1062 3882 1427 3937 assumendae
1484 3883 1536 3936 V
1678 3884 1725 3937 si
1780 3884 1953 3940 habet
2001 3885 2185 3940 PAB
2241 3885 2287 3941 si
2335 3886 2543 3940 habeas
2580 3903 2611 3938 v

459 3979 525 4028 17
575 3972 831 4027 histonas
868 3973 982 4026 PB
1027 3971 1284 4026 histonas
1331 3989 1466 4027 corr.
1505 3971 1755 4027 histocos
1794 3974 1850 4027 A
1890 3972 2116 4028 histona
2151 3992 2205 4029 m
2240 3973 2543 4028 histrionas
2580 3990 2612 4027 v

460 4069 528 4117 18
576 4060 765 4130 inquit
812 4061 922 4114 VB
958 4060 1154 4129 inquid
1190 4061 1248 4114 A
1395 4067 1458 4115 19
1498 4060 1652 4115 aliud
1690 4062 1845 4116 aliud
1885 4080 2027 4117 anne
2064 4063 2179 4117 PA
2197 4065 2253 4117 Β
2292 4063 2442 4115 aliud
2481 4078 2554 4114 an
2580 4079 2613 4116 v

459 4157 532 4206 20
570 4149 654 4204 fili
690 4151 746 4204 Β
782 4147 886 4203 filii
924 4148 1034 4203 VA
1180 4155 1246 4202 21
1287 4152 1385 4204 aut
1423 4149 1538 4203 alia.
1575 4150 1634 4204 et
1669 4149 1783 4205 alia
1821 4153 1878 4206 et
1914 4152 2028 4207 alia
2065 4168 2210 4221 quae
2242 4152 2298 4204 P
2332 4154 2430 4204 aut
2467 4150 2613 4217 aliaz

321 4279 376 4330 et
422 4277 539 4331 alia
587 4277 647 4329 et
691 4275 807 4329 alia
850 4273 1083 4329 metalla
1129 4291 1273 4342 quae
1311 4276 1367 4329 Β
1408 4277 1509 4329 aut
1554 4274 1699 4330 alius
1746 4277 1806 4330 et
1851 4276 2022 4330 aliam
2065 4278 2123 4330 et
2159 4242 2384 4346 aliaffiie
2423 4276 2479 4331 A
2516 4278 2617 4331 aut

321 4365 460 4420 alius
506 4366 569 4420 et
617 4364 790 4418 aliam
835 4362 948 4417 alia
991 4364 1225 4419 metalla
1268 4380 1412 4432 quae
1447 4381 1502 4417 m
1547 4367 1647 4419 aut
1683 4364 1799 4419 alia
1834 4364 2067 4419 metalla.
2104 4382 2246 4434 quae
2282 4383 2333 4421 v.
2376 4366 2617 4420 ‘Veteres

322 4456 453 4510 libri
487 4457 598 4510 hac
628 4458 796 4523 parte
830 4454 1127 4522 inquinati,
1163 4453 1348 4507 Aliam
1384 4454 1442 4506 et
1470 4451 1642 4507 aliam
1672 4456 1730 4508 et
1761 4453 1909 4508 alia:
1929 4454 2340 4525 castiyauimus,
2376 4455 2531 4524 Alia,
2568 4459 2619 4508 et

327 4546 439 4599 alia
474 4541 725 4599 metalla’
777 4542 1050 4597 Victorius

2120 4632 2196 4688 9*
