3178 5185
634 392 720 457 46
776 422 779 427 ·
1319 402 1700 458 COMMENT.
1736 402 1818 457 IN
1854 400 2229 457 VARRONTS

636 558 815 616 mavit
875 554 1302 635 SchneideruS,
1352 557 1665 633 fructibus
1719 560 2005 632 humidis,
2061 564 2130 617 ut
2186 554 2274 617 es't
2337 559 2539 617 vinum
2605 563 2663 618 et
2712 560 2901 631 oleum,

635 666 766 724 loco
813 667 1001 740 plano
1050 667 1254 740 potius
1309 669 1494 726 cellas
1543 664 1937 742 faciundum,
1995 668 2132 725 item
2189 666 2302 724 ubi
2356 682 2503 724 vasa
2563 668 2800 725 vinaria
2854 672 2902 724 et

636 773 873 830 olearia
921 777 1079 831 stent
1085 792 1111 842 ,·
1157 775 1380 847 aridis,
1428 778 1495 832 ut
1541 779 1631 832 est
1667 772 1824 848 faba
1872 775 1999 832 lens
2044 774 2337 833 hordeum
2379 771 2491 847 far
2538 778 2598 831 et
2641 774 2903 851 triticum,

637 879 699 937 in
766 879 1069 939 tabulatis.
1162 878 1309 939 haec
1375 880 1570 939 omnia
1628 897 1659 938 a
1724 881 1981 958 genuina
2048 878 2352 959 archetypi
2409 878 2692 960 lectione,
2748 897 2902 958 quam

634 982 934 1045 Victorius
999 987 1373 1069 restituerat,
1429 985 1603 1065 longe
1669 986 1977 1047 recedunt.
2069 986 2186 1046 duo
2252 994 2446 1046 autem
2505 993 2647 1047 sunt
2708 1004 2903 1065 genera

637 1090 959 1176 fructuum,
1007 1093 1225 1173 quibus
1274 1093 1599 1155 condendis
1646 1096 1708 1154 in
1739 1094 1888 1180 ‚villa
1935 1094 2103 1155 locus
2151 1093 2447 1173 parandus
2496 1101 2609 1175 est,
2655 1094 2904 1174 alterum,

637 1198 808 1277 quale
857 1210 949 1260 est
997 1203 1201 1262 vinum
1248 1209 1308 1262 et
1355 1201 1581 1284 oleum,
1628 1201 1758 1261 loco
1806 1201 1979 1281 plano
2027 1204 2088 1262 in
2137 1201 2301 1261 cellis
2348 1202 2617 1283 ponitur,
2662 1202 2904 1280 itemque

637 1306 704 1367 ad
755 1306 901 1367 haec
948 1308 1206 1387 paranda
1255 1316 1396 1370 sunt
1442 1327 1575 1370 vasa
1624 1310 1845 1369 vinaria
1903 1317 1963 1369 et
1989 1301 2258 1391 ''olearia‚
2304 1308 2583 1391 alterum,
2630 1308 2782 1388 quod
2828 1314 2907 1366 est

639 1413 888 1498 aridum,
927 1426 995 1476 ut
1040 1415 1170 1476 saba
1218 1425 1278 1477 et
1324 1417 1579 1502 faenum,
1617 1419 1679 1476 in
1726 1415 2019 1477 tabulatis.
2086 1417 2187 1477 sed
2237 1419 2299 1476 in
2345 1416 2439 1477 his
2486 1423 2555 1477 ut
2597 1425 2733 1476 ante
2774 1433 2906 1475 vasa

637 1524 925 1601 scriptum
990 1522 1185 1583 locum
1250 1542 1370 1584 non
1434 1523 1638 1606 habet,
1696 1524 1799 1584 sed
1866 1542 2071 1584 errore
2135 1523 2362 1611 librarii
2425 1526 2747 1603 repetitum
2810 1530 2906 1601 est,

625 1632 847 1705 potius,
886 1632 944 1690 in
997 1649 1112 1709 quo
1161 1650 1280 1691 non
1329 1633 1455 1712 sine
1504 1649 1682 1692 causa
1729 1633 2090 1711 interpretes
2138 1608 2532 1714 offenderunt,
2570 1630 2723 1691 hanc
2766 1628 2907 1689 vide·

635 1744 735 1797 tur
781 1739 897 1798 vim
945 1737 1194 1820 habere,
1253 1748 1321 1800 ut
1367 1740 1628 1800 fructum
1690 1757 1809 1798 non
1863 1740 1926 1798 in
1985 1738 2158 1818 plano
2206 1739 2577 1820 ponendum,
2640 1737 2742 1798 scd
2787 1753 2907 1796 vasa

635 1846 861 1925 potius,
918 1863 1067 1925 quae
1132 1848 1191 1906 in
1260 1845 1423 1907 cellis
1478 1827 1803 1928 ponantur,
1860 1836 2124 1906 facienda
2181 1864 2311 1906 esse
2368 1846 2781 1924 praecipiatur.
2833 1875 2899 1885 —

627 1950 986 2038 faciendum
1031 1952 1144 2014 hoc
1193 1953 1321 2013 loco
1371 1971 1549 2014 manu
1588 1955 1798 2032 scripti
1834 1952 2017 2035 ‚libris
2046 1960 2106 2013 et
2152 1945 2366 2013 deinde
2408 1952 2788 2030 faciundum.
2854 1952 2906 2010 in

632 2057 726 2119 his
773 2059 1048 2138 gerundii
1096 2061 1301 2120 formis
1349 2061 1654 2141 archetypi
1703 2062 2061 2139 scripturam
2109 2063 2395 2140 expressi.

810 2166 1104 2228 Familia
1169 2166 1293 2229 ubi
1356 2177 1699 2229 uersetur
1758 2167 2286 2248 prouidendum
2342 2169 2401 2227 si
2458 2166 2639 2227 sessi
2706 2146 2907 2245 opere

633 2283 750 2335 aut
813 2274 1088 2355 frigore
1155 2283 1272 2336 aut
1336 2275 1576 2336 calore
1645 2275 1764 2336 ubi
1829 2275 2412 2336 commodissime
2487 2276 2769 2353 possint
2843 2290 2907 2333 se

635 2383 880 2459 quiete
937 2381 1383 2462 reciperare]
1433 2384 1505 2443 Si
1552 2381 1706 2457 fessi
1758 2401 1941 2459 opere
1987 2386 2083 2443 vel
2116 2364 2371 2459 'friyore
2433 2391 2545 2442 aut
2588 2386 2815 2462 calore,
2859 2386 2911 2456 et

632 2490 743 2571 ubi
801 2492 1272 2550 commodissime
1318 2466 1553 2566 possint
1604 2508 1735 2563 sese
1790 2493 1981 2565 quieti
2043 2492 2323 2565 recipere
2376 2488 2619 2562 Merula.
2708 2495 2764 2549 et
2813 2489 2913 2548 ubi

634 2599 1106 2658 commodissime
1145 2599 1371 2675 recepit
1401 2596 1820 2678 SchneiderUS‚
1849 2607 1917 2658 ut
1945 2597 2093 2658 alter
2136 2596 2303 2658 locus
2342 2616 2384 2657 a
2412 2599 2612 2676 priore
2654 2597 2920 2657 diversus
2987 2656 2992 2659 .

634 2704 1092 2782 significaretur.
1157 2711 1265 2764 aut
1303 2723 1342 2765 a
1373 2703 1618 2781 friqore
1656 2704 1794 2765 olim
1838 2706 2082 2766 conieci.
2148 2723 2342 2784 neque
2382 2711 2580 2765 tamen
2626 2702 2907 2765 offendere

635 2809 889 2871 debebat
936 2811 1346 2890 neglegentius
1394 2813 1760 2887 conformata
1818 2814 2139 2873 sententia:
2195 2811 2362 2873 locus
2421 2815 2481 2873 in
2531 2811 2661 2872 villa
2714 2829 2905 2891 paran-

635 2918 747 2978 dus
815 2925 931 2999 est,
996 2921 1057 2978 in
1127 2937 1244 2997 quo
1312 2921 1493 2998 servi,
1559 2921 1611 2980 si
1673 2918 1873 2980 labore
1940 2929 2042 2980 aut
2097 2919 2318 2999 frigore
2374 2929 2476 2981 aut
2532 2919 2726 2993 calore
2775 2918 2904 2978 fessi

635 3034 800 3108 sunt,
847 3022 1190 3110 ‘versentur,
1237 3035 1304 3087 ut
1362 3028 1423 3086 in
1481 3045 1551 3087 eo
1613 3027 1743 3087 loco
1802 3026 2108 3088 commode
2165 3044 2230 3086 se
2287 3028 2519 3106 possint
2565 3025 2904 3106 quiescendo

635 3134 991 3211 reciperare.

810 3238 852 3301 2
917 3239 1133 3301 Vilici
1201 3243 1607 3319 *proximum
1679 3242 1957 3301 ianuam
2032 3240 2284 3303 cellam
2359 3259 2521 3302 esse
2596 3236 2900 3321 oportet]

634 3349 926 3409 Proxime
973 3367 1042 3408 ex
1091 3350 1361 3427 principe
1420 3348 1681 3408 editione
1739 3347 1929 3409 adhuc
1988 3355 2296 3428 receptum
2354 3356 2497 3409 erat.
2590 3347 2662 3408 de
2719 3345 2904 3407 eadem

634 3472 700 3514 re
747 3457 1051 3535 praecepit
1089 3454 1408 3516 Columella
1456 3451 1571 3534 16,
1602 3451 1641 3515 6
1696 3455 1882 3515 Vilico
1930 3458 2106 3515 iuxta
2154 3444 2404 3515 ianuam
2444 3459 2566 3528 fiat
2608 3456 2902 3529 habitune,

631 3568 701 3622 ut
746 3564 1132 3623 intrantium'
1159 3566 1631 3637 exeuntiumque
1677 3569 2059 3638 conspectum
2097 3563 2337 3622 habeat.

813 3668 1064 3730 Culina
1113 3667 1422 3730 uidend'a
1469 3677 1546 3755 ut
1606 3672 1701 3730 sit
1746 3666 2052 3746 admota]
2108 3670 2323 3730 Culina
2368 3672 2692 3732 videndum
2736 3676 2801 3730 ut
2838 3669 2908 3728 sit

590 3779 720 3836 ,ad
779 3780 1019 3838 modum
1085 3784 1230 3855 apta
1296 3776 1574 3857 UrsiuuS‚
1646 3754 1806 3856 quod*
1874 3775 2275 3836 Schneiderus
2340 3775 2624 3856 probavit.
2689 3779 2906 3838 ‘culina

632 3886 897 3944 videnda
943 3884 1281 3945 defenditur
1331 3902 1400 3945 eo
1448 3902 1582 3966 usu,
1622 3883 1693 3943 de
1744 3901 1860 3962 quo
1909 3883 2132 3944 dictum
2180 3890 2272 3943 est
2309 3881 2423 3965 12,
2453 3880 2512 3946 8.
2574 3884 2800 3945 admota
2842 3878 2903 3941 ad

634 3990 841 4051 cellam
887 3990 1045 4055 ¹vilici
1091 4001 1159 4052 ut
1206 3994 1282 4052 sit
1329 3991 1524 4052 culina
1571 3990 1903 4051 curandum
1951 3999 2058 4071 est,
2098 3990 2254 4069 quod
2301 3993 2361 4050 in
2409 3990 2522 4051 hac
2571 4010 2743 4070 saepe
2789 4006 2902 4050 ver-

634 4106 841 4160 santur
897 4098 1241 4181 samiliareS‚
1295 4107 1362 4160 ut
1420 4100 1501 4158 ait
1556 4096 1877 4158 Columella
1932 4094 2055 4178 16,
2094 4080 2135 4157 3
2196 4104 2263 4157 at
2318 4100 2381 4158 in
2445 4102 2679 4160 rustica
2732 4103 2904 4175 parte

633 4223 859 4280 magna
905 4212 967 4266 et
1010 4211 1137 4267 alta
1184 4209 1391 4267 culina
1430 4211 1714 4285 ponetur,
1752 4212 1822 4266 ut
1847 4212 1925 4272 et
1970 4206 2343 4279 contignatio
2391 4213 2610 4267 eareat
2652 4205 2905 4267 incendii

628 4317 910 4388 periculo
967 4320 1025 4374 et
1081 4317 1142 4374 in
1199 4332 1273 4374 ea
1333 4315 1637 4374 commode
1685 4311 2030 4389 familiares
2085 4315 2248 4373 omni
2300 4319 2565 4393 tempore
2610 4315 2755 4375 anni
2790 4327 2896 4371 mo-

634 4424 777 4481 rari
818 4427 1061 4496 queant.

813 4525 1253 4591 Faciundum
1311 4529 1524 4588 etiam
1580 4526 1932 4606 plaustris
1989 4546 2064 4588 ac
2122 4537 2369 4589 cetero
2434 4530 2896 4589 instrumento
