3178 5185
631 378 763 443 220
1311 389 1692 448 ΟΟΜΜΕΝΤ.
1729 392 1809 446 IN
1845 392 2220 448 VARRONIS

634 541 705 602 de
753 541 982 603 Menate
1031 543 1252 605 dictum
1301 553 1391 606 est
1439 544 1492 604 11
1534 544 1589 626 1,
1636 546 1685 606 1.
1780 550 1870 608 illi
1913 556 2135 629 autem,
2182 567 2291 628 pro
2340 568 2458 628 quo
2506 547 2759 609 Ursinus
2804 553 2908 610 alii

633 648 812 709 scribi
862 649 1060 731 voluit,
1098 661 1239 712 sunt
1283 654 1325 712 ii
1364 655 1464 731 qui
1510 662 1748 732 praeter
1785 654 2108 716 Varronem
2155 664 2210 716 et
2253 656 2521 718 Scrofam
2569 673 2901 717 sermonum

631 758 949 837 participes
998 758 1247 820 fuerant.

1724 936 1805 996 111

804 1088 846 1162 I,
888 1080 919 1142 1
996 1079 1260 1151 Quidni
1322 1082 1522 1160 pinni
1584 1081 1873 1141 dubium
1950 1100 2084 1143 non
2152 1091 2260 1144 est
2326 1086 2496 1162 quin
2569 1083 2698 1146 hae
2774 1105 2900 1146 non

603 1172 854 1248 *solum
910 1188 1071 1248 loco
1129 1188 1487 1248 discretae
1546 1188 1719 1266 sint]
1777 1191 2005 1261 Quidni
2050 1192 2234 1251 Pinni
2277 1189 2598 1252 politianus
2646 1194 2708 1251 in
2756 1210 2898 1252 mar-

627 1296 762 1374 gine
811 1297 1096 1374 principis
1144 1295 1419 1356 editionis
1468 1314 1536 1356 ex
1589 1296 1791 1357 codice
1855 1296 2197 1380 adscripsit,
2253 1301 2470 1374 quidni
2512 1303 2721 1375 pinnii
2774 1318 2899 1379 apo-

627 1402 873 1483 grapha,
939 1405 1003 1476 Q.
1054 1405 1239 1464 Pinna·
1294 1402 1534 1463 Merula.
1627 1406 1844 1478 quidni
1890 1406 2074 1465 Pium·
2135 1423 2205 1465 ex
2272 1405 2588 1486 archetypo
2657 1407 2902 1466 restitui.

623 1528 758 1569 nam
808 1513 1023 1585 quidni
1073 1513 1133 1570 in
1192 1512 1458 1588 negativa
1505 1512 1796 1571 sententia
1854 1513 2102 1572 dubium
2154 1530 2273 1573 non
2331 1520 2419 1573 est
2471 1514 2716 1592 ponitur
2773 1532 2902 1573 cum

624 1619 678 1676 vi
726 1616 1089 1692 adfirmandi,
1129 1626 1193 1677 ut
1233 1618 1600 1697 significetur
1638 1617 1781 1677 illud
1822 1618 1980 1698 quod
2028 1637 2135 1698 per
2173 1638 2236 1679 se
2285 1627 2513 1680 certum
2554 1628 2664 1680 est.
2739 1639 2903 1700 prae·

624 1742 839 1783 nomen
898 1733 1095 1785 autem
1141 1723 1362 1806 Pinnii,
1408 1725 1477 1784 ad
1538 1742 1714 1804 quem
1762 1724 2041 1786 Varronis
2097 1725 2246 1786 liber
2305 1728 2564 1805 scriptus
2623 1737 2742 1807 est,
2791 1746 2902 1788 me-

626 1833 844 1891 moriae
893 1850 1010 1891 non
1068 1840 1160 1892 est
1203 1832 1523 1911 proditum.
1617 1831 1681 1892 T.
1730 1830 1976 1893 Pinnius
2024 1828 2352 1913 appellatur
2400 1852 2428 1894 a
2478 1833 2766 1895 Cicerone
2814 1854 2898 1915 ep.

622 1937 691 1997 ad
755 1939 884 1998 sam.
933 1917 1065 1998 XIlI
1112 1936 1215 2000 61.
1267 1973 1342 1982 -
1396 1943 1592 2000 locum
1662 1941 1799 1999 vitio
1867 1957 2074 2000 eorum
2132 1942 2235 2019 qui
2288 1940 2531 2000 Victorii
2587 1941 2899 2001 editionem

622 2065 670 2105 a.
723 2042 894 2109 1543
949 2049 1358 2127 repetiverunt
1413 2045 1712 2125 vulgatum
1769 2056 1921 2128 erat,
1978 2047 2134 2127 quod
2193 2049 2392 2126 inepte
2450 2046 2754 2108 Gesnerus
2809 2048 2898 2109 de·

623 2152 826 2213 sendit.
919 2171 1052 2213 nam
1100 2156 1227 2232 ipse
1274 2153 1572 2214 Victorius
1621 2172 1755 2214 cum
1806 2153 2239 2233 antiquioribus
2286 2159 2416 2216 loco
2465 2153 2728 2216 dederat.

798 2257 840 2321 2
895 2260 1135 2337 quqos
1181 2279 1249 2320 ex
1302 2278 1475 2320 manu
1524 2262 1763 2339 scriptis
1810 2259 1977 2319 libris
2025 2262 2276 2321 restitui.
2351 2260 2491 2322 olim
2547 2263 2787 2341 quqes
2831 2282 2896 2323 ex

621 2368 889 2445 principe
936 2367 1194 2429 editione
1242 2374 1550 2446 receptum
1601 2375 1744 2427 erat.

799 2472 959 2534 Nam
1019 2477 1087 2535 in
1137 2474 1265 2536 hoc
1313 2493 1498 2535 nunc
1554 2473 1865 2553 denique
1924 2482 2035 2535 est
2093 2482 2167 2535 ut
2220 2474 2365 2535 dici
2419 2474 2682 2554 possit]
2733 2479 2898 2538 Nunc

621 2579 808 2641 deleri
855 2580 1037 2642 voluit
1083 2580 1352 2661 UrsinuS‚
1393 2582 1494 2661 qui
1533 2584 1595 2642 in
1633 2583 1748 2643 hoc
1785 2581 1858 2641 de
1897 2589 2165 2661 tempore
2204 2581 2429 2643 dictum
2468 2585 2715 2663 accepit.
2787 2567 2898 2645 ia'm

622 2691 684 2748 in
738 2689 853 2749 hoc
909 2690 1164 2749 coniecit
1210 2687 1447 2767 Popma.
1541 2706 1683 2748 nam
1742 2693 1804 2749 in
1861 2691 1976 2750 hoc
2024 2722 2106 2731 —
2154 2692 2403 2751 condita
2451 2691 2647 2751 Roma
2704 2699 2793 2752 est
2842 2693 2898 2750 in

619 2794 959 2873 parenthesi
1014 2797 1204 2875 posita
1262 2794 1563 2856 Gesnerus
1621 2804 1679 2856 et
1737 2794 2136 2858 Schneiderus
2202 2796 2619 2858 exhibuerunt.
2713 2797 2897 2858 deleto

619 2919 777 2977 nam,
825 2920 941 2981 quo
990 2903 1133 2963 ordo
1182 2902 1498 2963 verborum
1544 2902 1950 2985 perturbatur,
1988 2922 2115 2964 eam
2162 2906 2533 2979 sententiam,
2582 2923 2761 2984 quam
2809 2922 2898 2964 res

619 3008 969 3092 postulabat,
1005 3012 1268 3072 restitui:
1317 3028 1452 3070 cum
1491 3012 1957 3072 vetustissimum
2005 3012 2286 3092 oppidum
2336 3012 2488 3091 apud
2531 3010 2791 3073 Graecos
2829 3014 2900 3071 sit

530 3151 534 3154 -
620 3115 874 3199 Thebae,
923 3119 980 3177 in
1030 3136 1169 3196 agro
1208 3116 1470 3177 Romano
1508 3116 1712 3199 Roma,
1751 3121 1809 3178 in
1859 3118 1988 3200 hoc,
2035 3119 2092 3179 h.
2122 3139 2170 3179 e.
2210 3121 2269 3180 in
2319 3119 2430 3180 hoc
2470 3118 2708 3201 oppido,
2749 3138 2899 3179 nunc

621 3224 896 3303 denique,
943 3243 1059 3284 non
1108 3234 1232 3284 tum
1292 3243 1425 3284 cum
1474 3223 1704 3285 Ennius
1763 3228 2025 3307 scripsit,
2072 3199 2188 3286 dici
2243 3233 2441 3304 potest
2496 3227 2899 3305 septingentos

621 3331 744 3391 fere
794 3350 921 3392 esse
971 3325 1174 3406 annm,
1220 3340 1534 3411 postquam
1581 3331 1763 3392 Roma
1813 3332 2045 3393 condita
2098 3343 2214 3412 est3
2262 3331 2499 3393 Thebae
2545 3340 2748 3393 autem
2795 3335 2900 3393 cir-

619 3440 767 3498 citer
815 3438 931 3498 duo
981 3438 1136 3499 milia
1183 3457 1473 3499 annorum
1519 3447 1580 3499 et
1626 3447 1864 3500 centum
1911 3449 2068 3500 sunt.

793 3542 837 3605 4
901 3546 1205 3606 Maiores
1252 3548 1486 3607 nostri
1533 3565 1615 3611 ex
1664 3546 1836 3606 urbe
1893 3548 1964 3607 in
2019 3548 2215 3626 agris
2271 3545 2699 3624 redigebant
2740 3565 2896 3606 suos

619 3654 819 3712 ciues
868 3652 1050 3731 quod
1100 3655 1287 3713 etin
1343 3672 1515 3731 pace
1571 3672 1603 3713 a
1660 3655 1963 3714 rusticis
2024 3654 2338 3713 romanis
2395 3651 2780 3715 alebantur
2834 3661 2897 3713 et

619 3762 690 3820 in
737 3759 925 3820 bello
975 3760 1053 3820 ab
1103 3760 1213 3820 his
1260 3759 1665 3838 alebantur]
1717 3763 1792 3821 In
1829 3779 2015 3837 aqros
2052 3762 2414 3836 rediqebant
2445 3792 2520 3801 -
2555 3768 2614 3819 et
2651 3763 2716 3821 in
2754 3762 2896 3823 bello

619 3870 697 3928 ab
742 3871 837 3929 his
884 3870 1212 3930 tuebantur
1259 3876 1317 3928 et
1363 3870 1687 3928 alebantur
1726 3866 1967 3950 Merula,
2015 3871 2077 3928 in
2124 3870 2295 3944 ayris
2341 3869 2706 3942 rediyebant
2737 3900 2811 3911 —
2843 3874 2897 3928 et

620 3981 681 4037 in
729 3979 879 4038 bello
927 3978 1004 4036 ab
1051 3978 1144 4036 his
1194 3977 1522 4036 tuebantur
1559 3973 1881 4055 IucunduS,
1920 3993 2094 4053 quem
2143 3974 2356 4053 reliqui
2403 3974 2666 4034 editores
2714 3976 2893 4035 secuti

619 4091 773 4144 sunt.
865 4085 959 4143 his
1013 4101 1078 4143 se
1137 4085 1465 4144 tuebantur
1518 4082 1842 4161 Madvigius
1897 4081 2123 4142 advers,
2172 4101 2221 4142 v.
2258 4080 2312 4140 11
2356 4100 2413 4160 p.
2454 4078 2584 4143 180
2631 4083 2895 4142 coniecit.

621 4195 681 4251 in
729 4209 913 4267 aqros
960 4189 1340 4251 scribendum
1389 4208 1521 4250 esse
1570 4188 1972 4250 Schneiderus
2017 4190 2282 4250 monuit.⁴
2356 4189 2568 4249 deiude
2630 4192 2693 4250 in
2749 4192 2887 4250 bello

619 4301 696 4358 ab
756 4300 851 4358 his
907 4299 1291 4359 ducebantur
1348 4298 1587 4378 scripsi,
1646 4314 1998 4376 quamquam
2059 4314 2132 4356 ne
2193 4296 2304 4356 hoc
2371 4294 2610 4374 quidem
2672 4303 2890 4356 certum

619 4424 748 4465 esse
807 4407 946 4465 scio.
1039 4422 1171 4465 nam
1229 4406 1289 4464 in
1346 4403 1667 4484 archetypo
1722 4405 2044 4483 genuinum
2102 4402 2347 4463 verbum
2412 4420 2591 4480 prave
2650 4402 2892 4482 repetito

622 4511 800 4572 verbo
850 4513 1172 4572 alebantur
1218 4511 1495 4589 perierat.
