<?xml version="1.0" encoding="UTF-8"?>
<!DOCTYPE html PUBLIC "-//W3C//DTD XHTML 1.0 Transitional//EN"
    "http://www.w3.org/TR/xhtml1/DTD/xhtml1-transitional.dtd">
<html xmlns="http://www.w3.org/1999/xhtml" xml:lang="en" lang="en">
 <head>
  <title>
</title>
<meta http-equiv="Content-Type" content="text/html;charset=utf-8" />
  <meta name='ocr-system' content='tesseract 3.04.00' />
  <meta name='ocr-capabilities' content='ocr_page ocr_carea ocr_par ocr_line ocrx_word'/>
</head>
<body>
  <div class='ocr_page' id='page_1' title='image "./mporcicatonisde01catogoog_0406.png"; bbox 0 0 3178 5185; ppageno 0'>
   <div class='ocr_carea' id='block_1_1' title="bbox 578 374 2166 437">
    <p class='ocr_par' dir='ltr' id='par_1_1' title="bbox 578 374 2166 437">
     <span class='ocr_line' id='line_1_1' title="bbox 578 374 2166 437; baseline -0.002 0"><span class='ocrx_word' id='word_1_1' title='bbox 578 374 700 437; x_wconf 84' lang='grc'><strong>152</strong></span> <span class='ocrx_word' id='word_1_2' title='bbox 1254 377 1636 431; x_wconf 87' lang='lat' dir='ltr'><strong>COMMENT.</strong></span> <span class='ocrx_word' id='word_1_3' title='bbox 1675 375 1753 429; x_wconf 88' lang='lat' dir='ltr'><strong>IN</strong></span> <span class='ocrx_word' id='word_1_4' title='bbox 1791 374 2166 434; x_wconf 83' lang='lat' dir='ltr'><strong>VARRONIS</strong></span> 
     </span>
    </p>
   </div>
   <div class='ocr_carea' id='block_1_2' title="bbox 575 531 2914 4574">
    <p class='ocr_par' dir='ltr' id='par_1_2' title="bbox 580 531 2855 720">
     <span class='ocr_line' id='line_1_2' title="bbox 757 531 2855 613; baseline -0.002 -16"><span class='ocrx_word' id='word_1_5' title='bbox 757 533 836 597; x_wconf 88' lang='grc'><strong>19</strong></span> <span class='ocrx_word' id='word_1_6' title='bbox 909 535 1166 611; x_wconf 82' lang='lat' dir='ltr'><strong>Horum</strong></span> <span class='ocrx_word' id='word_1_7' title='bbox 1223 531 1641 612; x_wconf 88' lang='lat' dir='ltr'><strong>praesepia]</strong></span> <span class='ocrx_word' id='word_1_8' title='bbox 1719 532 1984 610; x_wconf 86' lang='lat' dir='ltr'><strong>Harum,</strong></span> <span class='ocrx_word' id='word_1_9' title='bbox 2048 535 2107 595; x_wconf 92' lang='lat' dir='ltr'><strong>h.</strong></span> <span class='ocrx_word' id='word_1_10' title='bbox 2147 553 2196 597; x_wconf 89' lang='lat' dir='ltr'><strong>e.</strong></span> <span class='ocrx_word' id='word_1_11' title='bbox 2255 535 2453 595; x_wconf 89' lang='lat' dir='ltr'><strong>ovium</strong></span> <span class='ocrx_word' id='word_1_12' title='bbox 2510 533 2855 613; x_wconf 75' lang='lat' dir='ltr'><strong>pellitorum,</strong></span> 
     </span>
     <span class='ocr_line' id='line_1_3' title="bbox 580 638 2097 720; baseline 0 -17"><span class='ocrx_word' id='word_1_13' title='bbox 580 643 840 704; x_wconf 79' lang='lat' dir='ltr'>editores</span> <span class='ocrx_word' id='word_1_14' title='bbox 887 641 1188 720; x_wconf 88' lang='lat' dir='ltr'><strong>Bipontini</strong></span> <span class='ocrx_word' id='word_1_15' title='bbox 1235 647 1296 700; x_wconf 94' lang='lat' dir='ltr'><strong>et</strong></span> <span class='ocrx_word' id='word_1_16' title='bbox 1340 646 1478 719; x_wconf 91' lang='lat' dir='ltr'><strong>post</strong></span> <span class='ocrx_word' id='word_1_17' title='bbox 1522 639 1631 699; x_wconf 92' lang='lat' dir='ltr'><strong>hos</strong></span> <span class='ocrx_word' id='word_1_18' title='bbox 1682 638 2097 703; x_wconf 68' lang='lat' dir='ltr'><strong>Schneiderus</strong></span> 
     </span>
    </p>

    <p class='ocr_par' dir='ltr' id='par_1_3' title="bbox 575 745 2867 1257">
     <span class='ocr_line' id='line_1_4' title="bbox 750 745 2859 826; baseline -0 -19"><span class='ocrx_word' id='word_1_19' title='bbox 750 749 1006 826; x_wconf 89' lang='lat' dir='ltr'><strong>ltaque</strong></span> <span class='ocrx_word' id='word_1_20' title='bbox 1081 747 1372 806; x_wconf 84' lang='lat' dir='ltr'><strong>faciunt</strong></span> <span class='ocrx_word' id='word_1_21' title='bbox 1445 745 1683 825; x_wconf 86' lang='lat' dir='ltr'><strong>lapide</strong></span> <span class='ocrx_word' id='word_1_22' title='bbox 1749 756 1976 809; x_wconf 87' lang='lat' dir='ltr'><strong>strata</strong></span> <span class='ocrx_word' id='word_1_23' title='bbox 2051 757 2118 809; x_wconf 97' lang='lat' dir='ltr'><strong>et</strong></span> <span class='ocrx_word' id='word_1_24' title='bbox 2193 751 2402 810; x_wconf 90' lang='lat' dir='ltr'><strong>urina</strong></span> <span class='ocrx_word' id='word_1_25' title='bbox 2469 747 2733 809; x_wconf 83' lang='lat' dir='ltr'><strong>necubi</strong></span> <span class='ocrx_word' id='word_1_26' title='bbox 2795 750 2859 807; x_wconf 89' lang='lat' dir='ltr'><strong>in</strong></span> 
     </span>
     <span class='ocr_line' id='line_1_5' title="bbox 575 852 2860 934; baseline -0.001 -17"><span class='ocrx_word' id='word_1_27' title='bbox 575 854 861 917; x_wconf 85' lang='lat' dir='ltr'><strong>stabulo</strong></span> <span class='ocrx_word' id='word_1_28' title='bbox 929 852 1322 930; x_wconf 83' lang='lat' dir='ltr'>consistat]</span> <span class='ocrx_word' id='word_1_29' title='bbox 1401 854 1475 914; x_wconf 86' lang='lat' dir='ltr'><strong>Ut</strong></span> <span class='ocrx_word' id='word_1_30' title='bbox 1529 857 1716 914; x_wconf 84' lang='lat' dir='ltr'><strong>urina</strong></span> <span class='ocrx_word' id='word_1_31' title='bbox 1772 872 1844 914; x_wconf 88' lang='lat' dir='ltr'><strong>ex</strong></span> <span class='ocrx_word' id='word_1_32' title='bbox 1909 857 2178 934; x_wconf 81' lang='lat' dir='ltr'><strong>principe</strong></span> <span class='ocrx_word' id='word_1_33' title='bbox 2236 856 2496 917; x_wconf 77' lang='lat' dir='ltr'><strong>editione</strong></span> <span class='ocrx_word' id='word_1_34' title='bbox 2559 865 2860 934; x_wconf 85' lang='lat' dir='ltr'><strong>receptum</strong></span> 
     </span>
     <span class='ocr_line' id='line_1_6' title="bbox 580 959 2867 1041; baseline -0.001 -18"><span class='ocrx_word' id='word_1_35' title='bbox 580 971 725 1023; x_wconf 85' lang='lat' dir='ltr'><strong>erat.</strong></span> <span class='ocrx_word' id='word_1_36' title='bbox 802 961 989 1022; x_wconf 92' lang='lat' dir='ltr'><strong>delevi</strong></span> <span class='ocrx_word' id='word_1_37' title='bbox 1036 968 1112 1036; x_wconf 87' lang='lat' dir='ltr'><strong>et,</strong></span> <span class='ocrx_word' id='word_1_38' title='bbox 1160 959 1318 1039; x_wconf 91' lang='lat' dir='ltr'><strong>quod</strong></span> <span class='ocrx_word' id='word_1_39' title='bbox 1366 978 1485 1020; x_wconf 91' lang='lat' dir='ltr'><strong>non</strong></span> <span class='ocrx_word' id='word_1_40' title='bbox 1533 959 1730 1021; x_wconf 86' lang='lat' dir='ltr'><strong>addito</strong></span> <span class='ocrx_word' id='word_1_41' title='bbox 1770 961 1949 1021; x_wconf 91' lang='lat' dir='ltr'><strong>verbo</strong></span> <span class='ocrx_word' id='word_1_42' title='bbox 1990 962 2105 1022; x_wconf 92' lang='lat' dir='ltr'><strong>dici</strong></span> <span class='ocrx_word' id='word_1_43' title='bbox 2148 981 2263 1023; x_wconf 89' lang='lat' dir='ltr'><strong>non</strong></span> <span class='ocrx_word' id='word_1_44' title='bbox 2304 970 2556 1041; x_wconf 87' lang='lat' dir='ltr'><strong>poterat.</strong></span> <span class='ocrx_word' id='word_1_45' title='bbox 2625 963 2867 1039; x_wconf 86' lang='lat' dir='ltr'><strong>faciunt</strong></span> 
     </span>
     <span class='ocr_line' id='line_1_7' title="bbox 578 1051 2867 1148; baseline -0.002 -16"><span class='ocrx_word' id='word_1_46' title='bbox 578 1074 783 1148; x_wconf 82' lang='lat' dir='ltr'><strong>lapide</strong></span> <span class='ocrx_word' id='word_1_47' title='bbox 828 1076 1026 1131; x_wconf 83' lang='lat' dir='ltr'><strong>strata</strong></span> <span class='ocrx_word' id='word_1_48' title='bbox 1065 1058 1125 1130; x_wconf 81' lang='lat' dir='ltr'><strong>et</strong></span> <span class='ocrx_word' id='word_1_49' title='bbox 1161 1085 1382 1145; x_wconf 83' lang='lat' dir='ltr'><strong>prona,</strong></span> <span class='ocrx_word' id='word_1_50' title='bbox 1422 1070 1609 1128; x_wconf 86' lang='lat' dir='ltr'><strong>urina</strong></span> <span class='ocrx_word' id='word_1_51' title='bbox 1650 1086 1776 1147; x_wconf 88' lang='lat' dir='ltr'><strong>sqq.</strong></span> <span class='ocrx_word' id='word_1_52' title='bbox 1819 1071 2075 1130; x_wconf 89' lang='lat' dir='ltr'><strong>coniecit</strong></span> <span class='ocrx_word' id='word_1_53' title='bbox 2112 1051 2490 1130; x_wconf 86' lang='lat' dir='ltr'><strong>Heidrichius</strong></span> <span class='ocrx_word' id='word_1_54' title='bbox 2528 1068 2867 1130; x_wconf 86' lang='lat' dir='ltr'><strong>Varronian.</strong></span> 
     </span>
     <span class='ocr_line' id='line_1_8' title="bbox 580 1174 846 1257; baseline 0 -20"><span class='ocrx_word' id='word_1_55' title='bbox 580 1177 605 1237; x_wconf 94' lang='lat' dir='ltr'>I</span> <span class='ocrx_word' id='word_1_56' title='bbox 647 1197 703 1257; x_wconf 89' lang='lat' dir='ltr'><strong>p.</strong></span> <span class='ocrx_word' id='word_1_57' title='bbox 744 1174 846 1239; x_wconf 82' lang='lat'><strong>35.</strong></span> 
     </span>
    </p>

    <p class='ocr_par' dir='ltr' id='par_1_4' title="bbox 581 1280 2914 2969">
     <span class='ocr_line' id='line_1_9' title="bbox 762 1280 2870 1360; baseline -0.002 -15"><span class='ocrx_word' id='word_1_58' title='bbox 762 1280 842 1345; x_wconf 88' lang='lat'><strong>19</strong></span> <span class='ocrx_word' id='word_1_59' title='bbox 909 1282 1034 1342; x_wconf 92' lang='lat' dir='ltr'><strong>His</strong></span> <span class='ocrx_word' id='word_1_60' title='bbox 1106 1299 1599 1360; x_wconf 88' lang='lat' dir='ltr'><strong>quaecumque</strong></span> <span class='ocrx_word' id='word_1_61' title='bbox 1669 1280 2012 1342; x_wconf 89' lang='lat' dir='ltr'><strong>iubentur</strong></span> <span class='ocrx_word' id='word_1_62' title='bbox 2089 1292 2494 1343; x_wconf 88' lang='lat' dir='ltr'><strong>uescuntur</strong></span> <span class='ocrx_word' id='word_1_63' title='bbox 2562 1292 2638 1343; x_wconf 89' lang='lat' dir='ltr'><strong>ut</strong></span> <span class='ocrx_word' id='word_1_64' title='bbox 2707 1281 2870 1342; x_wconf 82' lang='lat' dir='ltr'><strong>solia</strong></span> 
     </span>
     <span class='ocr_line' id='line_1_10' title="bbox 581 1386 2871 1479; baseline -0.001 -27"><span class='ocrx_word' id='word_1_65' title='bbox 581 1390 902 1471; x_wconf 84' lang='lat' dir='ltr'><strong>figulena</strong></span> <span class='ocrx_word' id='word_1_66' title='bbox 967 1397 1036 1449; x_wconf 94' lang='lat' dir='ltr'><strong>et</strong></span> <span class='ocrx_word' id='word_1_67' title='bbox 1091 1386 1289 1467; x_wconf 86' lang='lat' dir='ltr'><strong>palea</strong></span> <span class='ocrx_word' id='word_1_68' title='bbox 1340 1390 1641 1447; x_wconf 90' lang='lat' dir='ltr'><strong>uinacea</strong></span> <span class='ocrx_word' id='word_1_69' title='bbox 1700 1389 2027 1450; x_wconf 71' lang='lat' dir='ltr'><strong>furfures</strong></span> <span class='ocrx_word' id='word_1_70' title='bbox 2085 1389 2510 1479; x_wconf 33' lang='lat' dir='ltr'><strong>obiciunt-ur</strong></span> <span class='ocrx_word' id='word_1_71' title='bbox 2559 1388 2871 1467; x_wconf 89' lang='lat' dir='ltr'><strong>modice]</strong></span> 
     </span>
     <span class='ocr_line' id='line_1_11' title="bbox 593 1495 2873 1579; baseline -0.002 -18"><span class='ocrx_word' id='word_1_72' title='bbox 593 1502 911 1577; x_wconf 71' lang='lat' dir='ltr'><strong>Fiqulena,</strong></span> <span class='ocrx_word' id='word_1_73' title='bbox 958 1514 1076 1556; x_wconf 89' lang='lat' dir='ltr'><strong>non</strong></span> <span class='ocrx_word' id='word_1_74' title='bbox 1116 1499 1409 1570; x_wconf 70' lang='lat' dir='ltr'><strong>fiyulnea,</strong></span> <span class='ocrx_word' id='word_1_75' title='bbox 1458 1502 1526 1555; x_wconf 90' lang='lat' dir='ltr'><strong>ut</strong></span> <span class='ocrx_word' id='word_1_76' title='bbox 1572 1495 1725 1573; x_wconf 85' lang='lat' dir='ltr'><strong>apud</strong></span> <span class='ocrx_word' id='word_1_77' title='bbox 1768 1495 2097 1556; x_wconf 89' lang='lat' dir='ltr'><strong>Gesnerum</strong></span> <span class='ocrx_word' id='word_1_78' title='bbox 2146 1495 2383 1578; x_wconf 86' lang='lat' dir='ltr'><strong>legitur,</strong></span> <span class='ocrx_word' id='word_1_79' title='bbox 2430 1496 2760 1557; x_wconf 89' lang='lat' dir='ltr'><strong>Politianus</strong></span> <span class='ocrx_word' id='word_1_80' title='bbox 2806 1515 2873 1579; x_wconf 73' lang='lat' dir='ltr'><strong>ex</strong></span> 
     </span>
     <span class='ocr_line' id='line_1_12' title="bbox 588 1601 2874 1682; baseline -0.001 -17"><span class='ocrx_word' id='word_1_81' title='bbox 588 1605 791 1666; x_wconf 88' lang='lat' dir='ltr'><strong>codice</strong></span> <span class='ocrx_word' id='word_1_82' title='bbox 840 1603 1155 1682; x_wconf 81' lang='lat' dir='ltr'><strong>adnotavit,</strong></span> <span class='ocrx_word' id='word_1_83' title='bbox 1196 1605 1465 1674; x_wconf 82' lang='lat' dir='ltr'><strong>ficulnea</strong></span> <span class='ocrx_word' id='word_1_84' title='bbox 1514 1619 1570 1661; x_wconf 89' lang='lat' dir='ltr'><strong>m</strong></span> <span class='ocrx_word' id='word_1_85' title='bbox 1611 1612 1670 1662; x_wconf 91' lang='lat' dir='ltr'><strong>et</strong></span> <span class='ocrx_word' id='word_1_86' title='bbox 1717 1602 1901 1662; x_wconf 87' lang='lat' dir='ltr'><strong>codex</strong></span> <span class='ocrx_word' id='word_1_87' title='bbox 1951 1601 2267 1682; x_wconf 79' lang='lat' dir='ltr'><strong>CaesenaS,</strong></span> <span class='ocrx_word' id='word_1_88' title='bbox 2315 1607 2590 1679; x_wconf 70' lang='lat' dir='ltr'><strong>fiyulnea</strong></span> <span class='ocrx_word' id='word_1_89' title='bbox 2640 1602 2874 1663; x_wconf 87' lang='lat' dir='ltr'><strong>Floren-</strong></span> 
     </span>
     <span class='ocr_line' id='line_1_13' title="bbox 586 1704 2875 1789; baseline -0 -18"><span class='ocrx_word' id='word_1_90' title='bbox 586 1715 766 1772; x_wconf 88' lang='lat' dir='ltr'><strong>tinus.</strong></span> <span class='ocrx_word' id='word_1_91' title='bbox 840 1712 1041 1789; x_wconf 89' lang='lat' dir='ltr'><strong>inepte</strong></span> <span class='ocrx_word' id='word_1_92' title='bbox 1098 1715 1294 1769; x_wconf 89' lang='lat' dir='ltr'><strong>autem</strong></span> <span class='ocrx_word' id='word_1_93' title='bbox 1354 1708 1607 1769; x_wconf 85' lang='lat' dir='ltr'><strong>Ursinus</strong></span> <span class='ocrx_word' id='word_1_94' title='bbox 1665 1704 1791 1770; x_wconf 75' lang='lat' dir='ltr'><strong>‘bis</strong></span> <span class='ocrx_word' id='word_1_95' title='bbox 1852 1728 1932 1770; x_wconf 93' lang='lat' dir='ltr'><strong>sc.</strong></span> <span class='ocrx_word' id='word_1_96' title='bbox 1980 1707 2403 1788; x_wconf 89' lang='lat' dir='ltr'><strong>praesepibus&#39;</strong></span> <span class='ocrx_word' id='word_1_97' title='bbox 2470 1710 2604 1771; x_wconf 90' lang='lat' dir='ltr'><strong>coll.</strong></span> <span class='ocrx_word' id='word_1_98' title='bbox 2656 1710 2875 1772; x_wconf 90' lang='lat' dir='ltr'><strong>Colum.</strong></span> 
     </span>
     <span class='ocr_line' id='line_1_14' title="bbox 593 1815 2875 1899; baseline 0.002 -24"><span class='ocrx_word' id='word_1_99' title='bbox 593 1817 689 1877; x_wconf 93' lang='lat' dir='ltr'><strong>VII</strong></span> <span class='ocrx_word' id='word_1_100' title='bbox 725 1815 786 1899; x_wconf 89' lang='lat'><strong>4,</strong></span> <span class='ocrx_word' id='word_1_101' title='bbox 816 1815 857 1879; x_wconf 92' lang='grc'>2</span> <span class='ocrx_word' id='word_1_102' title='bbox 911 1821 1155 1892; x_wconf 71' lang='lat' dir='ltr'><strong>sinyula</strong></span> <span class='ocrx_word' id='word_1_103' title='bbox 1214 1820 1421 1893; x_wconf 83' lang='lat' dir='ltr'><strong>capita</strong></span> <span class='ocrx_word' id='word_1_104' title='bbox 1471 1835 1588 1893; x_wconf 82' lang='lat' dir='ltr'><strong>per</strong></span> <span class='ocrx_word' id='word_1_105' title='bbox 1645 1819 1895 1877; x_wconf 78' lang='lat' dir='ltr'><strong>hiemem</strong></span> <span class='ocrx_word' id='word_1_106' title='bbox 1952 1825 2120 1878; x_wconf 80' lang='lat' dir='ltr'><strong>recte</strong></span> <span class='ocrx_word' id='word_1_107' title='bbox 2170 1825 2516 1894; x_wconf 82' lang='lat' dir='ltr'><strong>pascuntur</strong></span> <span class='ocrx_word' id='word_1_108' title='bbox 2572 1821 2659 1879; x_wconf 85' lang='lat' dir='ltr'><strong>ad</strong></span> <span class='ocrx_word' id='word_1_109' title='bbox 2695 1837 2875 1895; x_wconf 84' lang='lat' dir='ltr'><strong>prae-</strong></span> 
     </span>
     <span class='ocr_line' id='line_1_15' title="bbox 590 1923 2880 2005; baseline -0.001 -18"><span class='ocrx_word' id='word_1_110' title='bbox 590 1929 778 2003; x_wconf 83' lang='lat' dir='ltr'><strong>sepia.</strong></span> <span class='ocrx_word' id='word_1_111' title='bbox 870 1932 1114 2005; x_wconf 87' lang='lat' dir='ltr'><strong>apparet</strong></span> <span class='ocrx_word' id='word_1_112' title='bbox 1158 1923 1474 2003; x_wconf 88' lang='lat' dir='ltr'><strong>legendum</strong></span> <span class='ocrx_word' id='word_1_113' title='bbox 1513 1942 1644 1984; x_wconf 88' lang='lat' dir='ltr'><strong>esse</strong></span> <span class='ocrx_word' id='word_1_114' title='bbox 1693 1927 1786 1985; x_wconf 79' lang='lat' dir='ltr'><strong>bis</strong></span> <span class='ocrx_word' id='word_1_115' title='bbox 1833 1942 2248 2000; x_wconf 82' lang='lat' dir='ltr'><strong>quaecumque</strong></span> <span class='ocrx_word' id='word_1_116' title='bbox 2303 1926 2580 1985; x_wconf 82' lang='lat' dir='ltr'><strong>lubenter</strong></span> <span class='ocrx_word' id='word_1_117' title='bbox 2630 1944 2880 1987; x_wconf 82' lang='lat' dir='ltr'><strong>vescun-</strong></span> 
     </span>
     <span class='ocr_line' id='line_1_16' title="bbox 585 2029 2880 2111; baseline -0.001 -18"><span class='ocrx_word' id='word_1_118' title='bbox 585 2041 703 2107; x_wconf 88' lang='lat' dir='ltr'><strong>tur,</strong></span> <span class='ocrx_word' id='word_1_119' title='bbox 752 2032 808 2092; x_wconf 90' lang='lat' dir='ltr'><strong>h.</strong></span> <span class='ocrx_word' id='word_1_120' title='bbox 850 2050 900 2092; x_wconf 90' lang='lat' dir='ltr'><strong>e.</strong></span> <span class='ocrx_word' id='word_1_121' title='bbox 948 2030 1155 2092; x_wconf 87' lang='lat' dir='ltr'><strong>ovibus</strong></span> <span class='ocrx_word' id='word_1_122' title='bbox 1212 2029 1558 2092; x_wconf 89' lang='lat' dir='ltr'><strong>obiciuntur</strong></span> <span class='ocrx_word' id='word_1_123' title='bbox 1616 2050 2024 2111; x_wconf 90' lang='lat' dir='ltr'><strong>quaecumque</strong></span> <span class='ocrx_word' id='word_1_124' title='bbox 2082 2030 2357 2091; x_wconf 85' lang='lat' dir='ltr'><strong>lubenter</strong></span> <span class='ocrx_word' id='word_1_125' title='bbox 2414 2041 2772 2093; x_wconf 87' lang='lat' dir='ltr'><strong>vescuntur:</strong></span> <span class='ocrx_word' id='word_1_126' title='bbox 2829 2030 2880 2091; x_wconf 93' lang='grc' dir='ltr'><strong>ΙΙ</strong></span> 
     </span>
     <span class='ocr_line' id='line_1_17' title="bbox 590 2137 2877 2221; baseline -0.002 -20"><span class='ocrx_word' id='word_1_127' title='bbox 590 2139 646 2221; x_wconf 84' lang='grc'><strong>7,</strong></span> <span class='ocrx_word' id='word_1_128' title='bbox 680 2138 756 2201; x_wconf 97' lang='grc'><strong>11</strong></span> <span class='ocrx_word' id='word_1_129' title='bbox 809 2140 1396 2216; x_wconf 81' lang='lat' dir='ltr'><strong>quinquemestribus</strong></span> <span class='ocrx_word' id='word_1_130' title='bbox 1437 2141 1621 2215; x_wconf 86' lang='lat' dir='ltr'><strong>pullis</strong></span> <span class='ocrx_word' id='word_1_131' title='bbox 1660 2138 1854 2213; x_wconf 81' lang='lat' dir='ltr'><strong>factis</strong></span> <span class='ocrx_word' id='word_1_132' title='bbox 1883 2171 1966 2181; x_wconf 89' lang='lat'>—</span> <span class='ocrx_word' id='word_1_133' title='bbox 1997 2141 2379 2199; x_wconf 82' lang='lat' dir='ltr'><strong>obiciendum</strong></span> <span class='ocrx_word' id='word_1_134' title='bbox 2412 2137 2691 2214; x_wconf 84' lang='lat' dir='ltr'><strong>farinam</strong></span> <span class='ocrx_word' id='word_1_135' title='bbox 2737 2140 2877 2199; x_wconf 82' lang='lat' dir='ltr'><strong>hor-</strong></span> 
     </span>
     <span class='ocr_line' id='line_1_18' title="bbox 587 2244 2880 2326; baseline -0.001 -18"><span class='ocrx_word' id='word_1_136' title='bbox 587 2251 866 2309; x_wconf 83' lang='lat' dir='ltr'><strong>deaciam</strong></span> <span class='ocrx_word' id='word_1_137' title='bbox 913 2249 1177 2307; x_wconf 84' lang='lat' dir='ltr'><strong>molitam</strong></span> <span class='ocrx_word' id='word_1_138' title='bbox 1225 2262 1361 2305; x_wconf 83' lang='lat' dir='ltr'><strong>cum</strong></span> <span class='ocrx_word' id='word_1_139' title='bbox 1411 2244 1785 2326; x_wconf 86' lang='lat' dir='ltr'><strong>furfuribus,</strong></span> <span class='ocrx_word' id='word_1_140' title='bbox 1834 2254 1893 2306; x_wconf 89' lang='lat' dir='ltr'><strong>et</strong></span> <span class='ocrx_word' id='word_1_141' title='bbox 1946 2248 2156 2321; x_wconf 81' lang='lat' dir='ltr'><strong>siquid</strong></span> <span class='ocrx_word' id='word_1_142' title='bbox 2207 2248 2382 2306; x_wconf 85' lang='lat' dir='ltr'><strong>aliud</strong></span> <span class='ocrx_word' id='word_1_143' title='bbox 2438 2252 2610 2306; x_wconf 84' lang='lat' dir='ltr'><strong>terra</strong></span> <span class='ocrx_word' id='word_1_144' title='bbox 2670 2253 2880 2306; x_wconf 87' lang='lat' dir='ltr'><strong>natum</strong></span> 
     </span>
     <span class='ocr_line' id='line_1_19' title="bbox 591 2349 2914 2433; baseline -0.001 -17"><span class='ocrx_word' id='word_1_145' title='bbox 591 2358 852 2416; x_wconf 84' lang='lat' dir='ltr'><strong>libenter</strong></span> <span class='ocrx_word' id='word_1_146' title='bbox 890 2356 1085 2415; x_wconf 84' lang='lat' dir='ltr'><strong>edent.</strong></span> <span class='ocrx_word' id='word_1_147' title='bbox 1124 2385 1203 2394; x_wconf 89' lang='lat'>—</span> <span class='ocrx_word' id='word_1_148' title='bbox 1248 2351 1325 2411; x_wconf 90' lang='lat'><strong>111</strong></span> <span class='ocrx_word' id='word_1_149' title='bbox 1371 2349 1469 2432; x_wconf 87' lang='lat'><strong>16,</strong></span> <span class='ocrx_word' id='word_1_150' title='bbox 1500 2349 1582 2413; x_wconf 84' lang='lat'><strong>37</strong></span> <span class='ocrx_word' id='word_1_151' title='bbox 1617 2352 1908 2427; x_wconf 86' lang='lat' dir='ltr'><strong>ficulneis</strong></span> <span class='ocrx_word' id='word_1_152' title='bbox 1946 2356 2127 2428; x_wconf 71' lang='lat' dir='ltr'><strong>liynis</strong></span> <span class='ocrx_word' id='word_1_153' title='bbox 2166 2360 2224 2412; x_wconf 93' lang='lat' dir='ltr'><strong>et</strong></span> <span class='ocrx_word' id='word_1_154' title='bbox 2262 2351 2287 2411; x_wconf 95' lang='lat' dir='ltr'>I</span> <span class='ocrx_word' id='word_1_155' title='bbox 2325 2349 2431 2433; x_wconf 88' lang='lat'><strong>40,</strong></span> <span class='ocrx_word' id='word_1_156' title='bbox 2458 2349 2502 2412; x_wconf 88' lang='lat'>4</span> <span class='ocrx_word' id='word_1_157' title='bbox 2550 2355 2914 2428; x_wconf 72' lang='lat' dir='ltr'><strong>oleaqineis·</strong></span> 
     </span>
     <span class='ocr_line' id='line_1_20' title="bbox 583 2456 2876 2541; baseline -0.001 -18"><span class='ocrx_word' id='word_1_158' title='bbox 583 2463 951 2541; x_wconf 48' lang='lat' dir='ltr'><strong>seminibus,</strong></span> <span class='ocrx_word' id='word_1_159' title='bbox 1016 2467 1222 2520; x_wconf 89' lang='lat' dir='ltr'><strong>contra</strong></span> <span class='ocrx_word' id='word_1_160' title='bbox 1278 2458 1303 2518; x_wconf 95' lang='lat' dir='ltr'>I</span> <span class='ocrx_word' id='word_1_161' title='bbox 1355 2456 1463 2540; x_wconf 88' lang='lat'><strong>18,</strong></span> <span class='ocrx_word' id='word_1_162' title='bbox 1504 2456 1542 2520; x_wconf 88' lang='lat'>8</span> <span class='ocrx_word' id='word_1_163' title='bbox 1595 2463 1860 2532; x_wconf 77' lang='lat' dir='ltr'><strong>ficulnus</strong></span> <span class='ocrx_word' id='word_1_164' title='bbox 1928 2463 2251 2521; x_wconf 55' lang='lat' dir='ltr'><strong>insitione&amp;</strong></span> <span class='ocrx_word' id='word_1_165' title='bbox 2335 2458 2548 2520; x_wconf 88' lang='lat' dir='ltr'><strong>deinde</strong></span> <span class='ocrx_word' id='word_1_166' title='bbox 2613 2463 2876 2520; x_wconf 84' lang='lat' dir='ltr'><strong>uinacea</strong></span> 
     </span>
     <span class='ocr_line' id='line_1_21' title="bbox 592 2566 2879 2648; baseline -0.001 -19"><span class='ocrx_word' id='word_1_167' title='bbox 592 2568 729 2629; x_wconf 81' lang='lat' dir='ltr'><strong>libri</strong></span> <span class='ocrx_word' id='word_1_168' title='bbox 776 2586 953 2628; x_wconf 86' lang='lat' dir='ltr'><strong>manu</strong></span> <span class='ocrx_word' id='word_1_169' title='bbox 1003 2569 1211 2646; x_wconf 86' lang='lat' dir='ltr'><strong>scripti</strong></span> <span class='ocrx_word' id='word_1_170' title='bbox 1250 2576 1308 2627; x_wconf 91' lang='lat' dir='ltr'><strong>et</strong></span> <span class='ocrx_word' id='word_1_171' title='bbox 1347 2566 1637 2628; x_wconf 89' lang='lat' dir='ltr'><strong>editiones</strong></span> <span class='ocrx_word' id='word_1_172' title='bbox 1682 2576 1815 2628; x_wconf 90' lang='lat' dir='ltr'><strong>ante</strong></span> <span class='ocrx_word' id='word_1_173' title='bbox 1856 2566 2207 2648; x_wconf 86' lang='lat' dir='ltr'><strong>Gesnerum,</strong></span> <span class='ocrx_word' id='word_1_174' title='bbox 2247 2568 2349 2647; x_wconf 89' lang='lat' dir='ltr'><strong>qui</strong></span> <span class='ocrx_word' id='word_1_175' title='bbox 2388 2569 2683 2628; x_wconf 81' lang='lat' dir='ltr'><strong>vinaceae</strong></span> <span class='ocrx_word' id='word_1_176' title='bbox 2719 2566 2879 2627; x_wconf 89' lang='lat' dir='ltr'><strong>dedit</strong></span> 
     </span>
     <span class='ocr_line' id='line_1_22' title="bbox 596 2674 2876 2756; baseline -0.001 -20"><span class='ocrx_word' id='word_1_177' title='bbox 596 2677 906 2737; x_wconf 82' lang='lat' dir='ltr'><strong>manifesto</strong></span> <span class='ocrx_word' id='word_1_178' title='bbox 937 2693 1161 2756; x_wconf 90' lang='lat' dir='ltr'><strong>errore,</strong></span> <span class='ocrx_word' id='word_1_179' title='bbox 1191 2693 1365 2755; x_wconf 89' lang='lat' dir='ltr'><strong>quem</strong></span> <span class='ocrx_word' id='word_1_180' title='bbox 1399 2684 1596 2735; x_wconf 86' lang='lat' dir='ltr'><strong>tamen</strong></span> <span class='ocrx_word' id='word_1_181' title='bbox 1628 2674 2029 2736; x_wconf 89' lang='lat' dir='ltr'><strong>Schneiderus</strong></span> <span class='ocrx_word' id='word_1_182' title='bbox 2058 2676 2349 2755; x_wconf 89' lang='lat' dir='ltr'><strong>repetivit.</strong></span> <span class='ocrx_word' id='word_1_183' title='bbox 2416 2681 2631 2734; x_wconf 89' lang='lat' dir='ltr'><strong>neutro</strong></span> <span class='ocrx_word' id='word_1_184' title='bbox 2661 2692 2876 2753; x_wconf 86' lang='lat' dir='ltr'><strong>genere</strong></span> 
     </span>
     <span class='ocr_line' id='line_1_23' title="bbox 597 2778 2876 2865; baseline -0 -22"><span class='ocrx_word' id='word_1_185' title='bbox 597 2784 648 2843; x_wconf 90' lang='lat'><strong>11</strong></span> <span class='ocrx_word' id='word_1_186' title='bbox 687 2781 746 2865; x_wconf 93' lang='grc'><strong>4,</strong></span> <span class='ocrx_word' id='word_1_187' title='bbox 781 2780 861 2844; x_wconf 87' lang='grc'><strong>16</strong></span> <span class='ocrx_word' id='word_1_188' title='bbox 921 2786 1068 2843; x_wconf 76' lang='lat' dir='ltr'><strong>(lari</strong></span> <span class='ocrx_word' id='word_1_189' title='bbox 1109 2786 1299 2844; x_wconf 85' lang='lat' dir='ltr'><strong>solent</strong></span> <span class='ocrx_word' id='word_1_190' title='bbox 1353 2786 1629 2845; x_wconf 82' lang='lat' dir='ltr'><strong>vinacea.</strong></span> <span class='ocrx_word' id='word_1_191' title='bbox 1704 2781 1976 2860; x_wconf 89' lang='lat' dir='ltr'><strong>similiter</strong></span> <span class='ocrx_word' id='word_1_192' title='bbox 2034 2783 2392 2843; x_wconf 89' lang='lat' dir='ltr'><strong>nominativo</strong></span> <span class='ocrx_word' id='word_1_193' title='bbox 2455 2800 2597 2841; x_wconf 89' lang='lat' dir='ltr'><strong>casu</strong></span> <span class='ocrx_word' id='word_1_194' title='bbox 2644 2778 2876 2862; x_wconf 86' lang='lat'><strong>148,3</strong></span> 
     </span>
     <span class='ocr_line' id='line_1_24' title="bbox 595 2886 2199 2969; baseline -0.001 -19"><span class='ocrx_word' id='word_1_195' title='bbox 595 2893 901 2951; x_wconf 82' lang='lat' dir='ltr'><strong>eonditum</strong></span> <span class='ocrx_word' id='word_1_196' title='bbox 943 2894 1237 2967; x_wconf 74' lang='lat' dir='ltr'><strong>qladium,</strong></span> <span class='ocrx_word' id='word_1_197' title='bbox 1284 2889 1336 2949; x_wconf 92' lang='lat'><strong>11</strong></span> <span class='ocrx_word' id='word_1_198' title='bbox 1381 2889 1433 2969; x_wconf 95' lang='grc'><strong>1,</strong></span> <span class='ocrx_word' id='word_1_199' title='bbox 1462 2886 1504 2949; x_wconf 89' lang='grc'>4</span> <span class='ocrx_word' id='word_1_200' title='bbox 1551 2907 1797 2951; x_wconf 81' lang='lat' dir='ltr'><strong>caseum</strong></span> <span class='ocrx_word' id='word_1_201' title='bbox 1844 2891 2199 2949; x_wconf 79' lang='lat' dir='ltr'><strong>adhibitum.</strong></span> 
     </span>
    </p>

    <p class='ocr_par' dir='ltr' id='par_1_5' title="bbox 596 2994 2881 3931">
     <span class='ocr_line' id='line_1_25' title="bbox 773 2994 2876 3074; baseline -0.001 -17"><span class='ocrx_word' id='word_1_202' title='bbox 773 2996 985 3057; x_wconf 89' lang='lat' dir='ltr'><strong>Genit</strong></span> <span class='ocrx_word' id='word_1_203' title='bbox 1031 2996 1217 3057; x_wconf 87' lang='lat' dir='ltr'><strong>lacte</strong></span> <span class='ocrx_word' id='word_1_204' title='bbox 1261 2995 1582 3057; x_wconf 89' lang='lat' dir='ltr'><strong>Sanitate</strong></span> <span class='ocrx_word' id='word_1_205' title='bbox 1633 3005 1799 3056; x_wconf 89' lang='lat' dir='ltr'><strong>sunt</strong></span> <span class='ocrx_word' id='word_1_206' title='bbox 1837 2994 2092 3074; x_wconf 88' lang='lat' dir='ltr'><strong>multa]</strong></span> <span class='ocrx_word' id='word_1_207' title='bbox 2141 2997 2407 3057; x_wconf 85' lang='lat' dir='ltr'><strong>Generat</strong></span> <span class='ocrx_word' id='word_1_208' title='bbox 2442 3000 2555 3057; x_wconf 80' lang='lat' dir='ltr'><strong>lae.</strong></span> <span class='ocrx_word' id='word_1_209' title='bbox 2595 2997 2688 3057; x_wconf 87' lang='lat' dir='ltr'><strong>De</strong></span> <span class='ocrx_word' id='word_1_210' title='bbox 2722 2998 2876 3057; x_wconf 83' lang='lat' dir='ltr'><strong>sani-</strong></span> 
     </span>
     <span class='ocr_line' id='line_1_26' title="bbox 596 3103 2878 3184; baseline -0.001 -18"><span class='ocrx_word' id='word_1_211' title='bbox 596 3112 721 3166; x_wconf 86' lang='lat' dir='ltr'><strong>tate</strong></span> <span class='ocrx_word' id='word_1_212' title='bbox 767 3104 1008 3184; x_wconf 84' lang='lat' dir='ltr'><strong>Merula,</strong></span> <span class='ocrx_word' id='word_1_213' title='bbox 1060 3104 1160 3164; x_wconf 91' lang='lat' dir='ltr'><strong>ubi</strong></span> <span class='ocrx_word' id='word_1_214' title='bbox 1203 3108 1404 3180; x_wconf 70' lang='lat' dir='ltr'><strong>yiqnit</strong></span> <span class='ocrx_word' id='word_1_215' title='bbox 1451 3103 1772 3184; x_wconf 81' lang='lat' dir='ltr'><strong>iucunduS,</strong></span> <span class='ocrx_word' id='word_1_216' title='bbox 1814 3107 1987 3179; x_wconf 70' lang='lat' dir='ltr'><strong>yenit</strong></span> <span class='ocrx_word' id='word_1_217' title='bbox 2021 3103 2320 3164; x_wconf 86' lang='lat' dir='ltr'><strong>Victorius</strong></span> <span class='ocrx_word' id='word_1_218' title='bbox 2358 3104 2639 3164; x_wconf 88' lang='lat' dir='ltr'><strong>correxit.</strong></span> <span class='ocrx_word' id='word_1_219' title='bbox 2711 3107 2878 3177; x_wconf 86' lang='lat' dir='ltr'><strong>lacte,</strong></span> 
     </span>
     <span class='ocr_line' id='line_1_27' title="bbox 596 3209 2877 3298; baseline -0.001 -26"><span class='ocrx_word' id='word_1_220' title='bbox 596 3230 715 3273; x_wconf 91' lang='lat' dir='ltr'><strong>non</strong></span> <span class='ocrx_word' id='word_1_221' title='bbox 770 3215 895 3286; x_wconf 79' lang='lat' dir='ltr'><strong>lae,</strong></span> <span class='ocrx_word' id='word_1_222' title='bbox 953 3211 1332 3298; x_wconf 85' lang='lat' dir='ltr'><strong>scribendum</strong></span> <span class='ocrx_word' id='word_1_223' title='bbox 1393 3229 1522 3271; x_wconf 88' lang='lat' dir='ltr'><strong>esse</strong></span> <span class='ocrx_word' id='word_1_224' title='bbox 1580 3209 1965 3271; x_wconf 82' lang='lat' dir='ltr'><strong>Zablseldtius</strong></span> <span class='ocrx_word' id='word_1_225' title='bbox 2023 3218 2249 3289; x_wconf 89' lang='lat' dir='ltr'><strong>quaest.</strong></span> <span class='ocrx_word' id='word_1_226' title='bbox 2298 3212 2428 3271; x_wconf 91' lang='lat' dir='ltr'><strong>crit.</strong></span> <span class='ocrx_word' id='word_1_227' title='bbox 2467 3212 2528 3271; x_wconf 91' lang='lat' dir='ltr'><strong>in</strong></span> <span class='ocrx_word' id='word_1_228' title='bbox 2564 3209 2731 3271; x_wconf 90' lang='lat' dir='ltr'><strong>Varr.</strong></span> <span class='ocrx_word' id='word_1_229' title='bbox 2768 3228 2877 3270; x_wconf 89' lang='lat' dir='ltr'><strong>rer.</strong></span> 
     </span>
     <span class='ocr_line' id='line_1_28' title="bbox 602 3316 2876 3398; baseline -0.001 -19"><span class='ocrx_word' id='word_1_230' title='bbox 602 3327 748 3379; x_wconf 86' lang='lat' dir='ltr'><strong>rust.</strong></span> <span class='ocrx_word' id='word_1_231' title='bbox 788 3318 918 3379; x_wconf 85' lang='lat' dir='ltr'><strong>libr.</strong></span> <span class='ocrx_word' id='word_1_232' title='bbox 957 3338 1013 3398; x_wconf 90' lang='lat' dir='ltr'><strong>p.</strong></span> <span class='ocrx_word' id='word_1_233' title='bbox 1052 3316 1136 3380; x_wconf 82' lang='lat'><strong>28</strong></span> <span class='ocrx_word' id='word_1_234' title='bbox 1184 3321 1431 3393; x_wconf 86' lang='lat' dir='ltr'><strong>monuit,</strong></span> <span class='ocrx_word' id='word_1_235' title='bbox 1482 3336 1729 3397; x_wconf 86' lang='lat' dir='ltr'><strong>eamque</strong></span> <span class='ocrx_word' id='word_1_236' title='bbox 1778 3318 2026 3378; x_wconf 84' lang='lat' dir='ltr'><strong>formam</strong></span> <span class='ocrx_word' id='word_1_237' title='bbox 2085 3316 2305 3396; x_wconf 89' lang='lat' dir='ltr'><strong>ubique</strong></span> <span class='ocrx_word' id='word_1_238' title='bbox 2362 3317 2516 3396; x_wconf 89' lang='lat' dir='ltr'><strong>apud</strong></span> <span class='ocrx_word' id='word_1_239' title='bbox 2564 3316 2876 3378; x_wconf 90' lang='lat' dir='ltr'><strong>Varronem</strong></span> 
     </span>
     <span class='ocr_line' id='line_1_29' title="bbox 600 3423 2876 3502; baseline -0 -18"><span class='ocrx_word' id='word_1_240' title='bbox 600 3425 1026 3485; x_wconf 88' lang='lat' dir='ltr'><strong>restituendam</strong></span> <span class='ocrx_word' id='word_1_241' title='bbox 1075 3444 1207 3486; x_wconf 89' lang='lat' dir='ltr'><strong>esse</strong></span> <span class='ocrx_word' id='word_1_242' title='bbox 1256 3426 1627 3486; x_wconf 88' lang='lat' dir='ltr'><strong>existimavit.</strong></span> <span class='ocrx_word' id='word_1_243' title='bbox 1703 3423 1847 3485; x_wconf 88' lang='lat' dir='ltr'><strong>mihi</strong></span> <span class='ocrx_word' id='word_1_244' title='bbox 1896 3427 2081 3485; x_wconf 89' lang='lat' dir='ltr'><strong>satius</strong></span> <span class='ocrx_word' id='word_1_245' title='bbox 2119 3424 2231 3484; x_wconf 84' lang='lat' dir='ltr'><strong>suit</strong></span> <span class='ocrx_word' id='word_1_246' title='bbox 2279 3427 2636 3502; x_wconf 86' lang='lat' dir='ltr'><strong>scripturam</strong></span> <span class='ocrx_word' id='word_1_247' title='bbox 2685 3424 2876 3485; x_wconf 90' lang='lat' dir='ltr'><strong>arche·</strong></span> 
     </span>
     <span class='ocr_line' id='line_1_30' title="bbox 603 3528 2881 3612; baseline -0 -22"><span class='ocrx_word' id='word_1_248' title='bbox 603 3534 726 3610; x_wconf 82' lang='lat' dir='ltr'><strong>typi</strong></span> <span class='ocrx_word' id='word_1_249' title='bbox 776 3534 1137 3612; x_wconf 87' lang='lat' dir='ltr'><strong>exprimere,</strong></span> <span class='ocrx_word' id='word_1_250' title='bbox 1192 3533 1250 3592; x_wconf 90' lang='lat' dir='ltr'><strong>in</strong></span> <span class='ocrx_word' id='word_1_251' title='bbox 1302 3550 1418 3611; x_wconf 92' lang='lat' dir='ltr'><strong>quo</strong></span> <span class='ocrx_word' id='word_1_252' title='bbox 1466 3536 1626 3593; x_wconf 84' lang='lat' dir='ltr'><strong>lacte</strong></span> <span class='ocrx_word' id='word_1_253' title='bbox 1671 3535 1907 3610; x_wconf 84' lang='lat' dir='ltr'><strong>praeter</strong></span> <span class='ocrx_word' id='word_1_254' title='bbox 1963 3530 2122 3591; x_wconf 89' lang='lat' dir='ltr'><strong>hunc</strong></span> <span class='ocrx_word' id='word_1_255' title='bbox 2178 3528 2375 3590; x_wconf 88' lang='lat' dir='ltr'><strong>locum</strong></span> <span class='ocrx_word' id='word_1_256' title='bbox 2423 3532 2715 3609; x_wconf 90' lang='lat' dir='ltr'><strong>scriptum</strong></span> <span class='ocrx_word' id='word_1_257' title='bbox 2763 3538 2881 3590; x_wconf 83' lang='lat' dir='ltr'><strong>erat</strong></span> 
     </span>
     <span class='ocr_line' id='line_1_31' title="bbox 601 3632 2879 3719; baseline -0.001 -22"><span class='ocrx_word' id='word_1_258' title='bbox 601 3638 655 3697; x_wconf 94' lang='lat'><strong>11</strong></span> <span class='ocrx_word' id='word_1_259' title='bbox 696 3637 751 3719; x_wconf 93' lang='lat'><strong>1,</strong></span> <span class='ocrx_word' id='word_1_260' title='bbox 781 3635 841 3700; x_wconf 85' lang='lat'><strong>4.</strong></span> <span class='ocrx_word' id='word_1_261' title='bbox 891 3636 948 3718; x_wconf 83' lang='lat'><strong>8,</strong></span> <span class='ocrx_word' id='word_1_262' title='bbox 979 3636 1037 3699; x_wconf 83' lang='lat'><strong>2.</strong></span> <span class='ocrx_word' id='word_1_263' title='bbox 1085 3635 1144 3718; x_wconf 83' lang='lat'><strong>9,</strong></span> <span class='ocrx_word' id='word_1_264' title='bbox 1177 3635 1290 3718; x_wconf 76' lang='lat'><strong>105</strong></span> <span class='ocrx_word' id='word_1_265' title='bbox 1347 3643 1446 3699; x_wconf 83' lang='lat' dir='ltr'><strong>lac</strong></span> <span class='ocrx_word' id='word_1_266' title='bbox 1492 3634 1745 3717; x_wconf 83' lang='lat'><strong>113,2.</strong></span> <span class='ocrx_word' id='word_1_267' title='bbox 1790 3633 1860 3716; x_wconf 93' lang='grc'><strong>4,</strong></span> <span class='ocrx_word' id='word_1_268' title='bbox 1894 3632 2003 3716; x_wconf 82' lang='grc'><strong>15;</strong></span> <span class='ocrx_word' id='word_1_269' title='bbox 2053 3632 2162 3716; x_wconf 83' lang='grc'><strong>19;</strong></span> <span class='ocrx_word' id='word_1_270' title='bbox 2210 3632 2314 3696; x_wconf 94' lang='grc'><strong>21.</strong></span> <span class='ocrx_word' id='word_1_271' title='bbox 2375 3633 2582 3718; x_wconf 78' lang='grc'>11,2;</span> <span class='ocrx_word' id='word_1_272' title='bbox 2639 3640 2780 3698; x_wconf 84' lang='lat' dir='ltr'><strong>item</strong></span> <span class='ocrx_word' id='word_1_273' title='bbox 2832 3635 2879 3696; x_wconf 93' lang='lat'><strong>11</strong></span> 
     </span>
     <span class='ocr_line' id='line_1_32' title="bbox 605 3742 2879 3824; baseline 0.001 -20"><span class='ocrx_word' id='word_1_274' title='bbox 605 3743 713 3824; x_wconf 87' lang='lat'><strong>11,</strong></span> <span class='ocrx_word' id='word_1_275' title='bbox 753 3742 794 3804; x_wconf 92' lang='grc'>4</span> <span class='ocrx_word' id='word_1_276' title='bbox 842 3748 919 3806; x_wconf 84' lang='lat' dir='ltr'><strong>de</strong></span> <span class='ocrx_word' id='word_1_277' title='bbox 967 3749 1080 3818; x_wconf 81' lang='lat' dir='ltr'><strong>fici</strong></span> <span class='ocrx_word' id='word_1_278' title='bbox 1131 3763 1302 3805; x_wconf 87' lang='lat' dir='ltr'><strong>ramo</strong></span> <span class='ocrx_word' id='word_1_279' title='bbox 1358 3748 1473 3805; x_wconf 80' lang='lat' dir='ltr'><strong>lae.</strong></span> <span class='ocrx_word' id='word_1_280' title='bbox 1558 3753 1867 3823; x_wconf 85' lang='lat' dir='ltr'><strong>praeterea</strong></span> <span class='ocrx_word' id='word_1_281' title='bbox 1924 3746 2084 3804; x_wconf 85' lang='lat' dir='ltr'><strong>lacte</strong></span> <span class='ocrx_word' id='word_1_282' title='bbox 2143 3744 2485 3803; x_wconf 88' lang='lat' dir='ltr'><strong>coniectura</strong></span> <span class='ocrx_word' id='word_1_283' title='bbox 2541 3747 2879 3806; x_wconf 89' lang='lat' dir='ltr'><strong>restitutum</strong></span> 
     </span>
     <span class='ocr_line' id='line_1_33' title="bbox 602 3849 1975 3931; baseline -0.001 -19"><span class='ocrx_word' id='word_1_284' title='bbox 602 3861 693 3912; x_wconf 89' lang='lat' dir='ltr'><strong>est</strong></span> <span class='ocrx_word' id='word_1_285' title='bbox 739 3850 789 3910; x_wconf 94' lang='lat' dir='ltr'><strong>Il</strong></span> <span class='ocrx_word' id='word_1_286' title='bbox 833 3849 933 3931; x_wconf 89' lang='lat'><strong>11,</strong></span> <span class='ocrx_word' id='word_1_287' title='bbox 970 3850 999 3910; x_wconf 90' lang='lat'>1</span> <span class='ocrx_word' id='word_1_288' title='bbox 1053 3851 1156 3912; x_wconf 91' lang='lat' dir='ltr'><strong>ubi</strong></span> <span class='ocrx_word' id='word_1_289' title='bbox 1203 3856 1385 3912; x_wconf 83' lang='lat' dir='ltr'><strong>lanae</strong></span> <span class='ocrx_word' id='word_1_290' title='bbox 1432 3859 1524 3912; x_wconf 88' lang='lat' dir='ltr'><strong>est</strong></span> <span class='ocrx_word' id='word_1_291' title='bbox 1568 3854 1629 3911; x_wconf 89' lang='lat' dir='ltr'><strong>in</strong></span> <span class='ocrx_word' id='word_1_292' title='bbox 1678 3850 1864 3911; x_wconf 78' lang='lat' dir='ltr'><strong>libris·</strong></span> <span class='ocrx_word' id='word_1_293' title='bbox 1970 3857 1975 3870; x_wconf 85' lang='lat'><em>‘</em></span> 
     </span>
    </p>

    <p class='ocr_par' dir='ltr' id='par_1_6' title="bbox 603 3955 2885 4574">
     <span class='ocr_line' id='line_1_34' title="bbox 780 3955 2883 4038; baseline -0 -20"><span class='ocrx_word' id='word_1_294' title='bbox 780 3955 865 4018; x_wconf 85' lang='grc'><strong>20</strong></span> <span class='ocrx_word' id='word_1_295' title='bbox 930 3956 1062 4018; x_wconf 91' lang='lat' dir='ltr'><strong>Sed</strong></span> <span class='ocrx_word' id='word_1_296' title='bbox 1111 3976 1184 4018; x_wconf 87' lang='lat' dir='ltr'><strong>ea</strong></span> <span class='ocrx_word' id='word_1_297' title='bbox 1238 3969 1308 4019; x_wconf 87' lang='lat' dir='ltr'><strong>ut</strong></span> <span class='ocrx_word' id='word_1_298' title='bbox 1355 3958 1504 4019; x_wconf 90' lang='lat' dir='ltr'><strong>dixi</strong></span> <span class='ocrx_word' id='word_1_299' title='bbox 1550 3961 1619 4019; x_wconf 91' lang='lat' dir='ltr'><strong>in</strong></span> <span class='ocrx_word' id='word_1_300' title='bbox 1670 3957 1856 4018; x_wconf 91' lang='lat' dir='ltr'><strong>libro</strong></span> <span class='ocrx_word' id='word_1_301' title='bbox 1895 3957 2173 4036; x_wconf 88' lang='lat' dir='ltr'><strong>scripta</strong></span> <span class='ocrx_word' id='word_1_302' title='bbox 2214 3958 2559 4037; x_wconf 86' lang='lat' dir='ltr'><strong>magister</strong></span> <span class='ocrx_word' id='word_1_303' title='bbox 2598 3961 2883 4038; x_wconf 88' lang='lat' dir='ltr'><strong>pecoris</strong></span> 
     </span>
     <span class='ocr_line' id='line_1_35' title="bbox 603 4063 2884 4145; baseline 0.001 -20"><span class='ocrx_word' id='word_1_304' title='bbox 603 4064 850 4143; x_wconf 89' lang='lat' dir='ltr'><strong>habet]</strong></span> <span class='ocrx_word' id='word_1_305' title='bbox 902 4064 953 4124; x_wconf 94' lang='lat'><strong>11</strong></span> <span class='ocrx_word' id='word_1_306' title='bbox 998 4064 1051 4145; x_wconf 91' lang='grc'><strong>1,</strong></span> <span class='ocrx_word' id='word_1_307' title='bbox 1079 4063 1164 4126; x_wconf 86' lang='grc'><strong>23</strong></span> <span class='ocrx_word' id='word_1_308' title='bbox 1204 4069 1342 4126; x_wconf 83' lang='lat' dir='ltr'><strong>item</strong></span> <span class='ocrx_word' id='word_1_309' title='bbox 1380 4068 1466 4126; x_wconf 82' lang='lat' dir='ltr'><strong>ad</strong></span> <span class='ocrx_word' id='word_1_310' title='bbox 1500 4069 1653 4126; x_wconf 81' lang='lat' dir='ltr'><strong>alios</strong></span> <span class='ocrx_word' id='word_1_311' title='bbox 1691 4067 1930 4125; x_wconf 81' lang='lat' dir='ltr'><strong>morbos</strong></span> <span class='ocrx_word' id='word_1_312' title='bbox 1969 4068 2131 4125; x_wconf 83' lang='lat' dir='ltr'><strong>aliae</strong></span> <span class='ocrx_word' id='word_1_313' title='bbox 2168 4083 2397 4125; x_wconf 84' lang='lat' dir='ltr'><strong>causae</strong></span> <span class='ocrx_word' id='word_1_314' title='bbox 2435 4074 2494 4126; x_wconf 88' lang='lat' dir='ltr'><strong>et</strong></span> <span class='ocrx_word' id='word_1_315' title='bbox 2530 4070 2659 4127; x_wconf 85' lang='lat' dir='ltr'><strong>alia</strong></span> <span class='ocrx_word' id='word_1_316' title='bbox 2696 4071 2884 4142; x_wconf 70' lang='lat' dir='ltr'><strong>siqua,</strong></span> 
     </span>
     <span class='ocr_line' id='line_1_36' title="bbox 606 4174 2883 4250; baseline 0 -18"><span class='ocrx_word' id='word_1_317' title='bbox 606 4176 668 4233; x_wconf 90' lang='lat' dir='ltr'><strong>in</strong></span> <span class='ocrx_word' id='word_1_318' title='bbox 714 4175 877 4232; x_wconf 88' lang='lat' dir='ltr'><strong>omni</strong></span> <span class='ocrx_word' id='word_1_319' title='bbox 914 4189 1139 4248; x_wconf 85' lang='lat' dir='ltr'><strong>pecore</strong></span> <span class='ocrx_word' id='word_1_320' title='bbox 1185 4190 1343 4246; x_wconf 83' lang='lat' dir='ltr'><strong>quae</strong></span> <span class='ocrx_word' id='word_1_321' title='bbox 1386 4176 1620 4248; x_wconf 79' lang='lat' dir='ltr'><strong>scripta</strong></span> <span class='ocrx_word' id='word_1_322' title='bbox 1667 4174 1894 4232; x_wconf 81' lang='lat' dir='ltr'><strong>habere</strong></span> <span class='ocrx_word' id='word_1_323' title='bbox 1941 4179 2177 4248; x_wconf 85' lang='lat' dir='ltr'><strong>oportet</strong></span> <span class='ocrx_word' id='word_1_324' title='bbox 2231 4176 2589 4247; x_wconf 70' lang='lat' dir='ltr'><strong>mayislrum</strong></span> <span class='ocrx_word' id='word_1_325' title='bbox 2629 4177 2883 4250; x_wconf 78' lang='lat' dir='ltr'><strong>pecori-5.</strong></span> 
     </span>
     <span class='ocr_line' id='line_1_37' title="bbox 606 4277 2882 4358; baseline 0 -20"><span class='ocrx_word' id='word_1_326' title='bbox 606 4277 710 4338; x_wconf 90' lang='lat' dir='ltr'><strong>sed</strong></span> <span class='ocrx_word' id='word_1_327' title='bbox 756 4277 852 4337; x_wconf 90' lang='lat' dir='ltr'><strong>illa</strong></span> <span class='ocrx_word' id='word_1_328' title='bbox 902 4278 1140 4338; x_wconf 81' lang='lat' dir='ltr'><strong>Scrofae</strong></span> <span class='ocrx_word' id='word_1_329' title='bbox 1198 4281 1459 4339; x_wconf 88' lang='lat' dir='ltr'><strong>sermoni</strong></span> <span class='ocrx_word' id='word_1_330' title='bbox 1518 4279 1739 4357; x_wconf 86' lang='lat' dir='ltr'><strong>tributa</strong></span> <span class='ocrx_word' id='word_1_331' title='bbox 1798 4287 1961 4356; x_wconf 89' lang='lat' dir='ltr'><strong>sunt,</strong></span> <span class='ocrx_word' id='word_1_332' title='bbox 2009 4278 2153 4338; x_wconf 89' lang='lat' dir='ltr'><strong>haec</strong></span> <span class='ocrx_word' id='word_1_333' title='bbox 2211 4279 2423 4339; x_wconf 81' lang='lat' dir='ltr'><strong>Attico.</strong></span> <span class='ocrx_word' id='word_1_334' title='bbox 2500 4297 2685 4358; x_wconf 88' lang='lat' dir='ltr'><strong>quare</strong></span> <span class='ocrx_word' id='word_1_335' title='bbox 2741 4279 2882 4340; x_wconf 87' lang='lat' dir='ltr'><strong>Mor·</strong></span> 
     </span>
     <span class='ocr_line' id='line_1_38' title="bbox 606 4382 2885 4465; baseline 0 -21"><span class='ocrx_word' id='word_1_336' title='bbox 606 4388 851 4463; x_wconf 86' lang='lat' dir='ltr'><strong>gagnius</strong></span> <span class='ocrx_word' id='word_1_337' title='bbox 909 4387 970 4444; x_wconf 90' lang='lat' dir='ltr'><strong>in</strong></span> <span class='ocrx_word' id='word_1_338' title='bbox 1035 4386 1285 4463; x_wconf 89' lang='lat' dir='ltr'><strong>epistula</strong></span> <span class='ocrx_word' id='word_1_339' title='bbox 1341 4389 1402 4446; x_wconf 93' lang='lat' dir='ltr'><strong>in</strong></span> <span class='ocrx_word' id='word_1_340' title='bbox 1460 4385 1708 4446; x_wconf 87' lang='lat' dir='ltr'><strong>Gesneri</strong></span> <span class='ocrx_word' id='word_1_341' title='bbox 1765 4385 2021 4445; x_wconf 88' lang='lat' dir='ltr'><strong>editione</strong></span> <span class='ocrx_word' id='word_1_342' title='bbox 2078 4385 2233 4446; x_wconf 90' lang='lat' dir='ltr'><strong>edita</strong></span> <span class='ocrx_word' id='word_1_343' title='bbox 2280 4383 2426 4446; x_wconf 84' lang='lat'><strong>197</strong></span> <span class='ocrx_word' id='word_1_344' title='bbox 2487 4406 2543 4465; x_wconf 89' lang='lat' dir='ltr'><strong>p.</strong></span> <span class='ocrx_word' id='word_1_345' title='bbox 2589 4382 2758 4448; x_wconf 85' lang='grc'>1219</span> <span class='ocrx_word' id='word_1_346' title='bbox 2823 4393 2885 4446; x_wconf 87' lang='lat' dir='ltr'><strong>ut</strong></span> 
     </span>
     <span class='ocr_line' id='line_1_39' title="bbox 609 4492 2881 4574; baseline -0.001 -20"><span class='ocrx_word' id='word_1_347' title='bbox 609 4495 823 4554; x_wconf 76' lang='lat' dir='ltr'><strong>dixisti</strong></span> <span class='ocrx_word' id='word_1_348' title='bbox 877 4492 964 4551; x_wconf 90' lang='lat' dir='ltr'><strong>vel</strong></span> <span class='ocrx_word' id='word_1_349' title='bbox 1013 4501 1078 4553; x_wconf 88' lang='lat' dir='ltr'><strong>ut</strong></span> <span class='ocrx_word' id='word_1_350' title='bbox 1125 4496 1286 4554; x_wconf 76' lang='lat' dir='ltr'><strong>dixti</strong></span> <span class='ocrx_word' id='word_1_351' title='bbox 1329 4492 1708 4554; x_wconf 86' lang='lat' dir='ltr'><strong>scribendum</strong></span> <span class='ocrx_word' id='word_1_352' title='bbox 1759 4494 2032 4574; x_wconf 89' lang='lat' dir='ltr'><strong>coniecit,</strong></span> <span class='ocrx_word' id='word_1_353' title='bbox 2088 4511 2299 4571; x_wconf 90' lang='lat' dir='ltr'><strong>parum</strong></span> <span class='ocrx_word' id='word_1_354' title='bbox 2356 4501 2491 4573; x_wconf 87' lang='lat' dir='ltr'><strong>apte</strong></span> <span class='ocrx_word' id='word_1_355' title='bbox 2540 4494 2881 4574; x_wconf 86' lang='lat' dir='ltr'><strong>interposita</strong></span> 
     </span>
    </p>
   </div>
  </div>
 </body>
</html>
