3178 5185
496 393 626 458 172
1478 389 1852 446 vAuaoms

496 566 732 638 oportet
796 566 1116 620 stramenta
1180 559 1447 619 desecari
1510 564 1570 617 et
1636 576 1878 618 acervos
1943 559 2253 639 constitui,
2318 564 2477 619 arata
2535 559 2790 640 offringi,

497 667 768 727 frondem
815 666 1007 745 caedi,
1054 673 1221 744 prata
1268 667 1502 743 inrigua
1548 667 1769 726 iterum
1816 666 2023 725 secari.
2329 746 2332 749 Ι

241 775 476 835 XXXIV
676 772 855 834 Sexto
912 772 1219 833 intervallo
1278 771 1350 833 ab
1411 774 1784 852 aequinoctio
1832 771 2160 833 autumnali
2203 773 2469 851 incipere
2518 771 2790 832 scribunt

497 887 773 959 oportere
831 897 1031 941 serere
1087 898 1278 959 usque
1334 880 1405 940 ad
1464 880 1621 940 diem
1678 882 2121 958 nonagesimum
2177 897 2391 959 unum3
2457 887 2593 958 post
2649 879 2790 940 bru·

497 1006 677 1068 mam,
726 988 841 1047 nisi
887 1004 1037 1065 quae
1084 988 1418 1046 necessaria
1467 1005 1645 1047 causa
1692 989 1979 1067 coegerit,
2027 1005 2146 1048 non
2194 1006 2413 1068 serere,
2462 987 2617 1067 quod
2666 994 2789 1047 tan·
2848 999 2876 1039 5

497 1101 624 1155 tum
672 1095 926 1172 intersit,
973 1100 1042 1153 ut
1088 1101 1224 1153 ante
1272 1092 1544 1155 brumam
1594 1101 1720 1155 sata
1766 1113 1916 1174 quae
1964 1097 2216 1174 septimo
2258 1095 2372 1175 die,
2419 1093 2626 1154 bruma
2666 1101 2791 1163 sata

499 1201 948 1280 quadragesimo
1006 1200 1101 1260 die
1157 1202 1253 1261 vix
1311 1203 1582 1262 existant.
1676 1221 1869 1282 neque
1929 1210 2063 1264 ante
2122 1203 2561 1282 aequinoctium
2608 1202 2795 1278 incipi

500 1286 777 1386 oportere
832 1314 1068 1387 putant,
1135 1307 1327 1388 quod,
1376 1309 1428 1368 si
1482 1310 1679 1369 minus
1735 1296 1979 1370 idoneae
2037 1315 2420 1388 tempestates
2478 1310 2597 1368 sint
2653 1327 2791 1368 con·

446 1421 773 1494 2secutae,
827 1422 1139 1493 putescere
1195 1416 1419 1475 semina
1475 1416 1719 1478 soleant.
1811 1415 2001 1477 fabam
2057 1418 2277 1496 optime
2332 1418 2451 1476 seri
2497 1418 2555 1475 in
2604 1417 2794 1494 vergi-

499 1522 713 1582 liarum
777 1539 1018 1582 occasu:
1092 1539 1235 1582 uvas
1299 1529 1496 1583 autem
1561 1524 1759 1602 legere
1824 1531 1884 1585 et
1948 1524 2302 1585 vindemiam
2375 1523 2570 1583 facere
2634 1525 2795 1583 inter
2823 1540 2882 1580 10

501 1630 941 1709 aequinoctium
979 1628 1316 1689 autumnale
1356 1636 1416 1690 et
1453 1631 1832 1710 vergiliarum
1870 1650 2174 1692 occasum:
2217 1631 2352 1690 dein
2393 1632 2544 1690 vites
2581 1639 2826 1708 putare-

502 1737 766 1815 incipere
824 1742 884 1796 et
937 1753 1265 1816 propagare
1322 1744 1383 1797 et
1439 1755 1640 1798 serere
1689 1757 1877 1818 poma.
1968 1737 2115 1799 haec
2162 1737 2386 1816 aliquot
2431 1736 2796 1817 regionibuS,

501 1844 608 1904 ubi
654 1845 945 1904 maturius
991 1842 1209 1922 frigora
1257 1844 1409 1904 fiunt
1455 1847 1782 1926 asperiora,
1828 1845 2042 1906 melius
2088 1864 2272 1906 verno
2320 1852 2604 1925 tempore.

264 1952 475 2013 XXXV
683 1951 947 2030 Septimo
1021 1951 1329 2012 intervallo
1395 1954 1550 2012 inter
1616 1952 1993 2032 vergiliarum
2059 1970 2336 2014 occasum
2400 1959 2460 2013 et
2522 1952 2798 2012 brumam

503 2059 647 2118 haec
703 2058 834 2119 fieri
881 2065 1157 2137 oportere
1214 2059 1437 2119 dicunt.
1530 2076 1730 2120 serere
1778 2059 1965 2121 lilium
2013 2068 2074 2121 et
2119 2077 2378 2120 crocum.
2472 2058 2629 2136 quod
2676 2061 2793 2118 iam
2827 2073 2882 2114 15

504 2168 625 2244 egit
690 2167 949 2227 radicem
1015 2184 1209 2225 rosam
1267 2184 1333 2225 ea
1390 2165 1668 2226 conditur
1733 2167 2018 2228 radicitus
2074 2169 2137 2227 in
2191 2164 2449 2245 virgulas
2507 2164 2799 2243 palmares

505 2280 564 2333 et
603 2273 903 2334 obruitur:
942 2271 1089 2332 haec
1128 2270 1333 2332 eadem
1370 2280 1574 2351 postea
1615 2273 1975 2334 transfertur
2012 2273 2163 2333 facta
2194 2272 2492 2333 viviradix.
2559 2271 2799 2333 violaria

503 2383 567 2440 in
604 2380 786 2441 fundo
826 2381 1021 2440 facere
1059 2397 1178 2439 non
1217 2386 1309 2439 est
1345 2379 1506 2460 utile,
1553 2379 1686 2440 ideo
1725 2380 1882 2459 quod
1911 2398 2157 2441 necesse
2189 2387 2280 2441 est
2307 2388 2467 2441 terra
2496 2379 2799 2440 adruenda

683 2666 717 2713 4
753 2661 882 2730 post
916 2661 1174 2715 brumam
1211 2634 1321 2713 nisi
1357 2676 1500 2729 quae
1529 2660 1684 2715 Plin.
1718 2664 1808 2727 18,
1844 2663 1959 2715 204
2139 2667 2171 2715 9
2209 2659 2397 2715 fabam
2439 2660 2648 2732 optime
2689 2660 2797 2716 seri

505 2748 655 2805 Plin.
693 2755 783 2817 18,
822 2754 944 2805 ,228

653 3024 679 3072 1
731 3016 1000 3073 constitui
1039 3016 1224 3072 PAB
1271 3018 1519 3074 construi
1554 3035 1586 3072 v
1766 3019 1953 3086 aratra
1989 3018 2043 3071 A
2090 3018 2280 3072 aratra
2319 3016 2500 3075 PBm
2544 3021 2730 3075 aratro
2768 3036 2799 3074 v

649 3107 874 3177 inrigua
909 3106 1024 3162 ΡΛ
1057 3105 1270 3177 irrigua
1306 3109 1361 3161 B
1370 3125 1402 3163 v

649 3203 682 3250 3
745 3194 1056 3251 autumnali
1092 3196 1148 3249 A
1212 3197 1504 3252 autunnali
1568 3198 1625 3252 Β
1688 3197 2014 3253 auctunnali
2089 3198 2141 3252 V
2278 3204 2313 3252 4
2377 3197 2800 3268 nonagesimum

505 3304 677 3340 unum
707 3285 828 3340 AB
864 3284 1329 3354 nonagensimum
1356 3303 1528 3340 unum
1561 3286 1618 3339 P
1645 3286 1765 3341 XCI
1791 3305 1824 3342 v
1970 3292 2001 3341 5
2040 3288 2189 3357 quod
2219 3279 2467 3359 tanturn]
2495 3288 2609 3356 nisi
2650 3285 2800 3355 quod

506 3377 728 3430 tantum
762 3374 821 3429 Β
963 3381 995 3428 6
1033 3391 1178 3442 quae
1226 3374 1463 3444 septimo
1501 3374 1593 3430 die
1630 3376 1829 3434 bruma
1866 3377 1989 3431 sata
2026 3375 2454 3446 quadragesimo
2492 3377 2583 3431 die
2620 3376 2801 3431 PAR

509 3463 747 3532 septimo
785 3462 876 3517 die
914 3480 1057 3531 quae
1093 3481 1129 3518 a.
1163 3464 1364 3518 bruma
1402 3465 1526 3518 sata
1550 3465 1646 3517 XL
1686 3464 1776 3519 die
1814 3482 1845 3518 v
1909 3521 1914 3528 ,
1989 3466 2189 3520 bruma
2223 3466 2369 3536 sata]
2407 3466 2638 3532 fortasse
2671 3465 2804 3533 post

508 3552 765 3607 brumam
810 3554 934 3607 sata
1089 3559 1119 3607 ’1
1178 3552 1419 3608 existant
1466 3554 1587 3608 PB
1634 3554 1870 3608 esistant
1904 3554 1961 3608 A
2025 3556 2227 3609 exeant
2269 3572 2317 3609 v.
2404 3553 2521 3607 ‘XL
2569 3553 2662 3608 die
2707 3554 2802 3607 uix

509 3640 770 3696 existant.
843 3640 1001 3695 Haec
1046 3645 1122 3695 est
1165 3647 1326 3697 uetus
1371 3644 1551 3698 lectio:
1599 3648 1765 3697 antea
1807 3644 1871 3696 in
1908 3644 2145 3711 excusis,
2191 3643 2438 3699 Excant’
2527 3643 2803 3697 Victorius

652 3736 686 3784 8
731 3730 845 3784 sint
889 3732 1221 3787 consecutae
1271 3731 1385 3787 VB
1431 3735 1562 3787 sunt
1608 3735 1902 3788 consecute
1941 3733 2060 3787 Am
2203 3739 2235 3788 9
2280 3734 2572 3803 putescere
2620 3733 2802 3787 PAB

509 3821 828 3889 putrescere
881 3835 914 3873 v
1105 3826 1168 3876 11
1236 3822 1560 3876 autumnale
1615 3821 1680 3894 ¹A
1743 3823 2046 3877 autunnale
2101 3823 2157 3877 Β
2209 3822 2545 3878 auctunnale
2614 3822 2666 3876 V

508 3909 731 3980 putare]
783 3926 981 3979 parare
1018 3908 1074 3963 A
1219 3917 1286 3964 12
1335 3909 1555 3980 aliquot
1593 3911 1688 3965 Bv
1735 3910 1965 3978 aliquod
2007 3909 2126 3965 PA
2271 3916 2337 3965 15
2381 3912 2612 3978 fortasse
2658 3926 2801 3979 quae

509 3998 624 4052 iam
672 3997 791 4068 egit
835 3998 1082 4053 radicem
1128 4017 1281 4069 rosa,
1330 4016 1397 4055 ea.
1445 3999 1759 4054 conciditur
1939 4007 2006 4055 16
2052 3999 2173 4070 egit
2219 4000 2329 4054 Vm
2373 4002 2505 4070 eget
2540 3997 2661 4053 AB
2837 4017 2840 4018 ⁷

511 4104 697 4142 rosam
760 4105 829 4143 ea
891 4088 1149 4143 conditur
1195 4089 1317 4143 AB
1380 4104 1508 4143 rosa.
1562 4104 1690 4143 mea.
1745 4088 2002 4144 conditur
2046 4089 2103 4143 P
2147 4105 2278 4144 rosa
2331 4088 2504 4143 etiam
2559 4088 2803 4143 concidi-

511 4211 605 4264 tur
638 4227 671 4265 v
820 4217 884 4267 17
933 4212 1074 4268 haec
1126 4214 1323 4268 eadem
1369 4211 1481 4267 VB
1506 4176 1595 4270 biii
1630 4215 1826 4269 eadem
1864 4213 1918 4266 A
1955 4213 2097 4267 haec
2133 4212 2193 4266 in
2229 4212 2426 4268 eadem
2461 4230 2513 4268 m
2656 4211 2802 4267 uiui-

511 4333 670 4388 radix
704 4334 822 4391 ΡΑ
858 4337 991 4392 uiua
1016 4338 1177 4392 radix
1205 4339 1261 4393 B
1288 4337 1597 4393 uiuimdice
1625 4356 1658 4394 v
1800 4336 2072 4393 uiolaeria
2097 4338 2155 4392 Β
2301 4343 2367 4392 18
2405 4314 2719 4393 adruenda}
2746 4337 2803 4393 A

513 4416 765 4496 adru⁰nda
821 4444 878 4498 Β
940 4444 1227 4501 abruenda
1283 4446 1340 4500 P
1391 4446 1678 4501 adruendo
1730 4464 1784 4501 m
1838 4447 2144 4501 obruenda
2176 4463 2208 4500 v
2266 4446 2339 4500 ad
2397 4461 2465 4499 ea
2520 4445 2805 4500 obruenda

515 4532 559 4584 I
555 4534 825 4588 ucundus.
904 4532 1166 4604 ‘Antiqui
1201 4537 1332 4591 libri
1369 4536 1473 4591 hac
1501 4541 1665 4606 parte
1692 4537 2028 4606 perturbati,
2066 4551 2236 4605 quare
2272 4535 2546 4589 communi
2581 4534 2804 4589 lectione
