3178 5185
769 372 1031 427 RERVM
1067 371 1550 428 RVSTIOARVM
1585 372 1724 427 LIB.
1761 373 1786 424 I
1827 370 1995 426 6-7
2446 364 2528 428 31

283 526 440 587 voluit
484 525 752 609 UrsinuS,
800 528 958 607 quod
1009 527 1411 595 Schneiderus
1465 526 1754 607 probavit.
1843 528 1905 585 in
1953 525 2048 585 his
2095 525 2371 587 omnibus
2417 525 2531 587 lec-

278 636 465 693 tionem
505 634 811 714 archetypi
851 637 1105 695 restitui.
1171 653 1306 695 nam
1345 653 1483 714 ager
1521 652 1641 694 non
1679 636 1740 693 in
1779 651 1956 693 unam
1993 642 2222 710 partem
2264 652 2530 711 vergenS,

277 741 361 800 sed
404 741 469 801 ad
515 740 770 801 libellam
819 760 1046 820 aequus
1098 750 1252 823 tum,
1309 760 1446 802 cum
1492 741 1715 801 imbres
1771 741 1921 801 fiunt
1976 758 2168 818 neque
2225 740 2530 821 delapsum

277 865 429 925 aquae
475 845 677 927 habet,
735 847 1085 926 uliginosus*
1121 849 1215 929 fit,
1270 847 1449 926 idque
1504 850 1564 907 in
1622 865 1693 907 eo
1740 865 1956 925 genere
2015 866 2292 926 agrorum
2345 851 2530 926 magis

276 953 476 1034 accidit,
521 955 711 1032 siquis
759 965 1003 1034 propter
1051 954 1289 1014 lacunas
1336 953 1726 1041 inaequabilis
1773 963 1879 1014 est.

422 1058 601 1120 Haec
675 1060 902 1138 adque
968 1059 1472 1120 huiuscemodi
1530 1062 1668 1120 tria
1729 1061 2018 1139 fastigia
2067 1062 2217 1139 agri
2274 1060 2352 1120 ad
2412 1079 2527 1120 co-

275 1166 522 1227 lendum
553 1165 1011 1245 disperiliter
1040 1166 1305 1227 habent
1334 1166 1804 1244 momentum]
1836 1168 2223 1244 Disperiliter
2251 1167 2362 1227 hoc
2402 1167 2531 1227 loco

275 1275 323 1332 in
356 1273 660 1353 archetypo
702 1274 812 1334 fuit
840 1282 902 1334 et
940 1277 1255 1350 disperiles
1293 1272 1371 1332 ΙΙΙ
1404 1271 1505 1354 14,
1534 1271 1577 1334 4
1617 1293 1655 1333 α
1685 1273 1879 1333 littera
1919 1276 1980 1333 in
2011 1274 2376 1334 derivatione
2407 1275 2466 1332 ln
2499 1292 2532 1333 e

276 1387 482 1461 mutata,
511 1383 653 1440 item
685 1379 863 1458 gloss
883 1379 1195 1458 graecolat.
1219 1399 1269 1438 v.
1292 1378 1345 1438 11
1365 1398 1422 1458 p.
1444 1377 1548 1459 52,
1565 1376 1650 1440 39
1682 1382 1968 1456 disperile
1995 1374 2240 1460 ἄζυγον
2270 1372 2533 1459 ἄνισον,

274 1496 449 1546 contra
485 1489 780 1563 disparile
815 1484 868 1544 Π
909 1483 1009 1565 11,
1039 1484 1098 1546 4.
1176 1489 1389 1563 dispar
1426 1486 1518 1546 vel
1564 1490 1858 1563 disparile
1896 1489 2151 1548 coniecit
2191 1487 2468 1548 Ursinus:
2508 1486 2533 1545 Ι

275 1590 409 1675 18,8
435 1598 594 1670 quod
619 1600 977 1653 momentum
1007 1611 1080 1653 ea
1111 1612 1211 1654 res
1230 1595 1471 1654 habeat.
1520 1593 1625 1653 sed
1656 1597 1935 1673 quoniam
1961 1593 2034 1654 de
2065 1594 2256 1655 tribus
2286 1595 2533 1673 fastigiis

274 1710 325 1760 et
370 1719 564 1761 eorum
621 1701 679 1759 vi
735 1702 796 1768 in
855 1699 1088 1760 cultura
1145 1702 1270 1779 agri
1327 1699 1551 1760 dictum
1610 1709 1737 1761 erat
1793 1704 1854 1761 in
1920 1701 2356 1782 superioribuS,
2416 1720 2535 1761 non

272 1815 473 1886 poterat
515 1826 675 1868 nunc
724 1807 841 1867 dici
888 1807 1034 1867 haec
1082 1807 1311 1886 fastigia
1359 1806 1582 1886 dispari
1629 1807 1803 1867 modo
1852 1808 1923 1868 ad
1962 1807 2274 1868 colendum
2315 1807 2533 1869 habere

274 1925 602 1975 momentum
633 1917 741 1994 sic,
780 1917 949 1993 quasi
990 1932 1136 1974 nova
1176 1914 1247 1973 de
1288 1933 1359 1973 eo
1399 1914 1742 1974 discrimine
1782 1915 2102 1994 disputatio
2137 1915 2533 1975 subiceretur.

274 2039 429 2098 quare
475 2023 690 2101 scripsi
733 2023 890 2082 haee
946 2027 1007 2082 et
1058 2024 1312 2082 huiusce
1357 2024 1523 2081 modi
1574 2024 1699 2081 tria
1743 2020 2002 2097 fastiyia
2059 2028 2120 2082 et
2171 2016 2290 2104 (vel
2345 2015 2533 2104 quae)

273 2130 344 2187 ad
379 2131 684 2189 colendum
723 2131 1094 2205 disperiliter
1131 2129 1355 2188 habent
1390 2136 1763 2202 momentum,
1801 2128 1858 2189 h.
1898 2147 1949 2189 e.
1995 2128 2139 2188 haec
2178 2137 2237 2188 et
2283 2128 2532 2189 huiusce

272 2234 405 2294 modi
455 2244 592 2296 sunt
649 2237 762 2295 tria
816 2234 913 2295 illa
971 2235 1229 2315 fastigia,
1278 2253 1427 2313 quae
1490 2252 1669 2313 supra
1726 2234 1883 2295 dicta
1939 2244 2132 2314 erant,
2197 2244 2256 2296 et
2310 2235 2532 2314 dispari

272 2341 437 2417 modo,
481 2345 636 2403 sicut
684 2342 909 2402 dictum
959 2351 1068 2425 est,
1114 2341 1185 2402 ad
1234 2341 1545 2403 colendum
1594 2340 1814 2402 habent
1861 2351 2243 2403 momentum.

420 2447 591 2510 VII2
648 2448 750 2509 ’De
799 2450 1064 2509 formae
1112 2449 1400 2509 cultura
1445 2450 1576 2509 hoc
1625 2449 1785 2509 dico
1835 2468 2011 2528 quae
2064 2450 2305 2528 specie
2354 2449 2533 2509 fiant

273 2560 666 2618 uenustiora
742 2558 949 2635 sequi
1016 2565 1093 2618 ut
1167 2558 1432 2632 maiore
1510 2574 1796 2635 quoque
1862 2555 2107 2617 fructu
2185 2553 2365 2632 sint]
2442 2555 2534 2616 De

267 2661 444 2737 forma
496 2670 780 2726 culturae
834 2666 950 2725 hoc
1005 2666 1170 2739 dico,
1228 2682 1387 2739 quae
1440 2667 1643 2740 specie
1696 2668 1819 2724 sint
1872 2666 2216 2724 venustiore
2259 2663 2534 2725 Ursinus.

273 2770 473 2832 cultura
512 2773 735 2832 formae
776 2772 994 2831 dicitur
1033 2789 1183 2848 quae
1214 2770 1283 2830 ad
1325 2789 1451 2830 eam
1492 2772 1618 2849 agri
1657 2770 1924 2851 formam,
1962 2788 2138 2850 quam
2170 2780 2377 2830 natura
2416 2770 2532 2851 dat,

275 2877 490 2939 colendo
535 2878 794 2958 accedit,
834 2878 907 2938 de
956 2896 1073 2957 quo
1122 2878 1347 2938 dictum
1395 2887 1521 2937 erat
1569 2896 1749 2957 supra
1797 2874 1856 2957 6,
1888 2875 1923 2937 1
1972 2882 2171 2938 altera
2210 2896 2392 2953 quam
2436 2896 2531 2938 sa·

274 2986 435 3047 tiones
479 2989 794 3064 inponunt.

419 3092 511 3152 Ex
570 3110 744 3153 aruo
810 3109 1033 3169 aeque
1091 3110 1380 3170 magnos
1438 3092 1615 3152 male
1681 3090 2001 3169 consito]
2071 3092 2331 3166 Maqnos
2396 3109 2531 3170 apo-

272 3198 479 3280 grapha,
506 3217 728 3275 mayno
760 3198 1001 3279 Merula,
1032 3199 1186 3278 quod
1218 3201 1280 3259 in
1311 3201 1578 3279 principe
1611 3198 1868 3259 editione
1902 3198 2227 3259 Politianus
2259 3217 2375 3258 non
2402 3217 2530 3258 cor-

271 3307 418 3387 rexit,
454 3324 672 3382 maqno
718 3309 830 3367 sed
873 3325 932 3366 m
973 3315 1033 3366 et
1071 3316 1378 3367 corrector
1417 3305 1640 3367 codicis
1678 3306 2022 3389 Florentini,
2071 3306 2226 3384 quod
2274 3306 2410 3366 inde
2458 3305 2530 3365 ab

273 3409 447 3472 Aldina
484 3415 743 3474 editione
774 3411 845 3472 ab
877 3412 1206 3474 editoribus
1236 3421 1543 3492 receptum
1574 3421 1719 3473 erat.
1788 3411 1970 3473 multa
2010 3421 2208 3473 autem
2237 3415 2297 3472 in
2328 3413 2530 3473 arche·

273 3524 386 3596 typo
422 3520 611 3581 addita
648 3539 679 3580 s
717 3519 913 3580 littera
954 3528 1235 3600 corrupta
1266 3528 1454 3602 erant,
1484 3519 1804 3598 exquibus
1836 3522 2031 3579 notavi
2059 3519 2222 3600 haec,
2254 3538 2402 3598 quae
2434 3520 2532 3579 ad-

272 3624 500 3687 scribere
538 3626 697 3687 haud
737 3627 947 3687 inutile
989 3638 1098 3707 est,
1138 3629 1416 3706 quoniam
1454 3627 1709 3706 plurima
1748 3626 2075 3687 editoribus
2116 3626 2307 3687 fraudi
2348 3628 2531 3686 fuisse

273 3730 439 3813 video,
484 3734 770 3814 quaedam
820 3753 959 3794 vero
1009 3737 1184 3795 etiam
1230 3737 1293 3794 in
1338 3737 1467 3814 ipso
1516 3743 1714 3794 vetere
1767 3733 1971 3794 codice
2029 3743 2295 3793 correcta
2345 3742 2533 3813 erant,

275 3838 406 3899 sicut
446 3841 551 3903 hoc
599 3845 798 3921 ipsum
835 3860 1116 3917 maqnos:
1163 3841 1187 3900 1
1226 3840 1283 3923 8,
1314 3840 1355 3901 4
1396 3849 1696 3921 pertusae,
1742 3839 1844 3900 ubi
1874 3849 2020 3901 'eum
2052 3839 2250 3915 fundo
2279 3847 2530 3926 pertuso

274 3945 618 4011 scribendum
668 3958 787 4029 est,
855 3946 914 4029 9,
945 3946 985 4010 3
1026 3949 1228 4025 facies
1275 3957 1550 4024 terrena,
1610 3945 1710 4029 12,
1740 3945 1783 4008 4
1832 3950 2212 4025 improuisos,
2279 3945 2381 4006 ubi
2429 3949 2530 4005 im-

267 4057 476 4123 proviso
520 4048 922 4135 scribendum,
972 4052 1073 4134 16,
1103 4052 1142 4115 6
1183 4057 1431 4132 adsista,
1484 4051 1584 4135 19,
1617 4052 1650 4114 1
1696 4056 1947 4128 oliueti8‚
2003 4050 2161 4135 19,3
2206 4056 2384 4128 iuyus
2421 4072 2529 4131 pro

274 4158 466 4241 iuqum,
509 4161 612 4243 20,
637 4161 670 4223 1
720 4166 961 4242 Τήρης,
1011 4158 1115 4241 22,
1144 4158 1184 4222 3
1222 4180 1333 4221 sex
1369 4180 1413 4220 ε.
1445 4166 1667 4235 ενατεε,
1706 4157 1870 4242 39,3
1911 4163 2091 4220 uiuus
2128 4162 2390 4237 radiceS,
2431 4160 2531 4219 ubi

272 4266 388 4324 viva
428 4273 634 4331 radice
680 4268 1067 4329 scribendum
1115 4276 1223 4341 est,
1273 4264 1359 4329 54
1406 4271 1467 4328 in
1514 4270 1826 4328 uindemia
1874 4257 2195 4341 diliyentiS,
2253 4263 2337 4326 64
2384 4270 2529 4327 leni·

275 4370 446 4452 liquis,
488 4374 535 4434 ll
572 4373 631 4456 3,
660 4374 702 4437 2
751 4380 1041 4450 mulioriS,
1091 4372 1150 4455 3,
1181 4372 1217 4435 7
1268 4378 1502 4436 inimici
1544 4377 1813 4447 sationiS,
1864 4372 1963 4433 ubi
2009 4376 2249 4447 sationi,
2290 4371 2348 4453 3,
2379 4371 2417 4434 8
2469 4378 2530 4434 in

275 4492 502 4559 campo&
538 4482 637 4543 ubi
679 4487 740 4545 in
780 4501 993 4560 eampo
1033 4481 1414 4543 scribendum
1453 4491 1559 4556 est,
1599 4478 1660 4562 4,
1690 4478 1728 4542 3
1771 4484 1833 4541 in
1871 4483 2217 4554 carnario&
2254 4477 2316 4561 4,
2343 4477 2431 4541 20
2470 4483 2532 4540 in
