<?xml version="1.0" encoding="UTF-8"?>
<!DOCTYPE html PUBLIC "-//W3C//DTD XHTML 1.0 Transitional//EN"
    "http://www.w3.org/TR/xhtml1/DTD/xhtml1-transitional.dtd">
<html xmlns="http://www.w3.org/1999/xhtml" xml:lang="en" lang="en">
 <head>
  <title>
</title>
<meta http-equiv="Content-Type" content="text/html;charset=utf-8" />
  <meta name='ocr-system' content='tesseract 3.04.00' />
  <meta name='ocr-capabilities' content='ocr_page ocr_carea ocr_par ocr_line ocrx_word'/>
</head>
<body>
  <div class='ocr_page' id='page_1' title='image "./mporcicatonisde01catogoog_0379.png"; bbox 0 0 3178 5185; ppageno 0'>
   <div class='ocr_carea' id='block_1_1' title="bbox 782 387 2569 451">
    <p class='ocr_par' dir='ltr' id='par_1_1' title="bbox 782 387 2569 451">
     <span class='ocr_line' id='line_1_1' title="bbox 782 387 2569 451; baseline 0.002 -4"><span class='ocrx_word' id='word_1_1' title='bbox 782 394 1043 448; x_wconf 86' lang='lat' dir='ltr'>RERVM</span> <span class='ocrx_word' id='word_1_2' title='bbox 1079 393 1557 449; x_wconf 86' lang='lat' dir='ltr'><strong>RVSTICARVM</strong></span> <span class='ocrx_word' id='word_1_3' title='bbox 1605 395 1740 451; x_wconf 92' lang='lat' dir='ltr'>LIB.</span> <span class='ocrx_word' id='word_1_4' title='bbox 1776 391 1806 449; x_wconf 91' lang='lat' dir='ltr'>I</span> <span class='ocrx_word' id='word_1_5' title='bbox 1850 393 2105 451; x_wconf 87' lang='lat'>64—65</span> <span class='ocrx_word' id='word_1_6' title='bbox 2448 387 2569 451; x_wconf 76' lang='grc'>127</span> 
     </span>
    </p>
   </div>
   <div class='ocr_carea' id='block_1_2' title="bbox 287 548 2583 4592">
    <p class='ocr_par' dir='ltr' id='par_1_2' title="bbox 287 548 2582 2339">
     <span class='ocr_line' id='line_1_2' title="bbox 294 548 2566 632; baseline 0.001 -23"><span class='ocrx_word' id='word_1_7' title='bbox 294 550 436 611; x_wconf 91' lang='lat' dir='ltr'>idem</span> <span class='ocrx_word' id='word_1_8' title='bbox 466 551 724 610; x_wconf 88' lang='lat' dir='ltr'>coniecit</span> <span class='ocrx_word' id='word_1_9' title='bbox 759 553 886 612; x_wconf 83' lang='lat' dir='ltr'>leni</span> <span class='ocrx_word' id='word_1_10' title='bbox 920 553 1075 626; x_wconf 73' lang='lat' dir='ltr'>iqui:</span> <span class='ocrx_word' id='word_1_11' title='bbox 1112 549 1259 610; x_wconf 91' lang='lat' dir='ltr'>Plin.</span> <span class='ocrx_word' id='word_1_12' title='bbox 1282 548 1416 610; x_wconf 89' lang='lat' dir='ltr'>XXI</span> <span class='ocrx_word' id='word_1_13' title='bbox 1452 548 1576 612; x_wconf 77' lang='lat'>122</span> <span class='ocrx_word' id='word_1_14' title='bbox 1616 554 1853 627; x_wconf 79' lang='lat' dir='ltr'>lenique</span> <span class='ocrx_word' id='word_1_15' title='bbox 1890 554 2023 627; x_wconf 73' lang='lat' dir='ltr'>iqni</span> <span class='ocrx_word' id='word_1_16' title='bbox 2053 568 2236 611; x_wconf 91' lang='lat' dir='ltr'>sucus</span> <span class='ocrx_word' id='word_1_17' title='bbox 2266 552 2566 632; x_wconf 80' lang='lat' dir='ltr'><em>coquitur,</em></span> 
     </span>
     <span class='ocr_line' id='line_1_3' title="bbox 295 647 2574 737; baseline -0 -20"><span class='ocrx_word' id='word_1_18' title='bbox 295 660 471 719; x_wconf 89' lang='lat' dir='ltr'>donec</span> <span class='ocrx_word' id='word_1_19' title='bbox 511 661 633 732; x_wconf 83' lang='lat' dir='ltr'>fiat</span> <span class='ocrx_word' id='word_1_20' title='bbox 676 660 1019 719; x_wconf 81' lang='lat' dir='ltr'><em>crassitudo</em></span> <span class='ocrx_word' id='word_1_21' title='bbox 1066 661 1272 719; x_wconf 87' lang='lat' dir='ltr'>mellis.</span> <span class='ocrx_word' id='word_1_22' title='bbox 1364 677 1498 718; x_wconf 89' lang='lat' dir='ltr'>nam</span> <span class='ocrx_word' id='word_1_23' title='bbox 1544 657 1778 719; x_wconf 90' lang='lat' dir='ltr'>lenibus</span> <span class='ocrx_word' id='word_1_24' title='bbox 1827 647 2005 737; x_wconf 51' lang='lat' dir='ltr'>¹lignis</span> <span class='ocrx_word' id='word_1_25' title='bbox 2061 658 2121 718; x_wconf 90' lang='lat' dir='ltr'>in</span> <span class='ocrx_word' id='word_1_26' title='bbox 2178 675 2417 717; x_wconf 86' lang='lat' dir='ltr'>amurca</span> <span class='ocrx_word' id='word_1_27' title='bbox 2479 675 2574 717; x_wconf 90' lang='lat' dir='ltr'>co-</span> 
     </span>
     <span class='ocr_line' id='line_1_4' title="bbox 295 763 2580 847; baseline 0 -22"><span class='ocrx_word' id='word_1_28' title='bbox 295 766 514 845; x_wconf 87' lang='lat' dir='ltr'>quenda</span> <span class='ocrx_word' id='word_1_29' title='bbox 562 767 658 826; x_wconf 86' lang='lat' dir='ltr'>vix</span> <span class='ocrx_word' id='word_1_30' title='bbox 707 783 857 844; x_wconf 91' lang='lat' dir='ltr'>opus</span> <span class='ocrx_word' id='word_1_31' title='bbox 905 774 1011 845; x_wconf 90' lang='lat' dir='ltr'>est,</span> <span class='ocrx_word' id='word_1_32' title='bbox 1058 764 1161 825; x_wconf 90' lang='lat' dir='ltr'>sed</span> <span class='ocrx_word' id='word_1_33' title='bbox 1210 763 1330 825; x_wconf 89' lang='lat' dir='ltr'>leni</span> <span class='ocrx_word' id='word_1_34' title='bbox 1376 767 1527 844; x_wconf 85' lang='lat' dir='ltr'>igne.</span> <span class='ocrx_word' id='word_1_35' title='bbox 1603 767 1690 825; x_wconf 93' lang='lat' dir='ltr'>ad</span> <span class='ocrx_word' id='word_1_36' title='bbox 1733 768 1887 826; x_wconf 89' lang='lat' dir='ltr'>duas</span> <span class='ocrx_word' id='word_1_37' title='bbox 1925 771 2137 840; x_wconf 89' lang='lat' dir='ltr'>partes</span> <span class='ocrx_word' id='word_1_38' title='bbox 2175 763 2448 847; x_wconf 80' lang='lat' dir='ltr'>UrsinuS,</span> <span class='ocrx_word' id='word_1_39' title='bbox 2491 767 2580 825; x_wconf 93' lang='lat' dir='ltr'>ad</span> 
     </span>
     <span class='ocr_line' id='line_1_5' title="bbox 294 870 2573 953; baseline 0 -21"><span class='ocrx_word' id='word_1_40' title='bbox 294 875 435 932; x_wconf 85' lang='lat' dir='ltr'>duas</span> <span class='ocrx_word' id='word_1_41' title='bbox 473 880 693 949; x_wconf 88' lang='lat' dir='ltr'>partes</span> <span class='ocrx_word' id='word_1_42' title='bbox 740 874 946 946; x_wconf 82' lang='lat' dir='ltr'>quoad</span> <span class='ocrx_word' id='word_1_43' title='bbox 989 874 1364 948; x_wconf 74' lang='lat' dir='ltr'>redeqerunt</span> <span class='ocrx_word' id='word_1_44' title='bbox 1400 870 1702 932; x_wconf 84' lang='lat' dir='ltr'>Gesnerus</span> <span class='ocrx_word' id='word_1_45' title='bbox 1749 880 1809 931; x_wconf 82' lang='lat' dir='ltr'>et</span> <span class='ocrx_word' id='word_1_46' title='bbox 1856 873 2069 931; x_wconf 88' lang='lat' dir='ltr'>omissa</span> <span class='ocrx_word' id='word_1_47' title='bbox 2114 873 2573 953; x_wconf 82' lang='lat' dir='ltr'>praepositione,</span> 
     </span>
     <span class='ocr_line' id='line_1_6' title="bbox 296 978 2572 1058; baseline 0.001 -19"><span class='ocrx_word' id='word_1_48' title='bbox 296 997 457 1058; x_wconf 91' lang='lat' dir='ltr'>quam</span> <span class='ocrx_word' id='word_1_49' title='bbox 505 978 764 1039; x_wconf 85' lang='lat' dir='ltr'><strong>Ursinus</strong></span> <span class='ocrx_word' id='word_1_50' title='bbox 810 978 1131 1054; x_wconf 81' lang='lat' dir='ltr'>addiderat,</span> <span class='ocrx_word' id='word_1_51' title='bbox 1180 981 1525 1054; x_wconf 83' lang='lat' dir='ltr'>decoquunt</span> <span class='ocrx_word' id='word_1_52' title='bbox 1576 1012 1652 1021; x_wconf 90' lang='lat'>—</span> <span class='ocrx_word' id='word_1_53' title='bbox 1704 981 1858 1039; x_wconf 91' lang='lat' dir='ltr'>duas</span> <span class='ocrx_word' id='word_1_54' title='bbox 1897 986 2110 1055; x_wconf 88' lang='lat' dir='ltr'>partes</span> <span class='ocrx_word' id='word_1_55' title='bbox 2157 982 2368 1055; x_wconf 80' lang='lat' dir='ltr'>quaad</span> <span class='ocrx_word' id='word_1_56' title='bbox 2401 982 2572 1041; x_wconf 93' lang='lat' dir='ltr'>rede-</span> 
     </span>
     <span class='ocr_line' id='line_1_7' title="bbox 289 1078 2575 1169; baseline 0 -23"><span class='ocrx_word' id='word_1_57' title='bbox 289 1089 500 1161; x_wconf 71' lang='lat' dir='ltr'>yerunt</span> <span class='ocrx_word' id='word_1_58' title='bbox 556 1078 671 1169; x_wconf 87' lang='lat' dir='ltr'>(sc.</span> <span class='ocrx_word' id='word_1_59' title='bbox 721 1084 790 1145; x_wconf 94' lang='lat' dir='ltr'>ad</span> <span class='ocrx_word' id='word_1_60' title='bbox 857 1080 1079 1167; x_wconf 87' lang='lat' dir='ltr'>minus)</span> <span class='ocrx_word' id='word_1_61' title='bbox 1147 1085 1425 1147; x_wconf 88' lang='lat' dir='ltr'>Reiterus</span> <span class='ocrx_word' id='word_1_62' title='bbox 1490 1095 1740 1169; x_wconf 35' lang='lat' dir='ltr'>quaest..</span> <span class='ocrx_word' id='word_1_63' title='bbox 1774 1084 2016 1145; x_wconf 88' lang='lat' dir='ltr'>Varron.</span> <span class='ocrx_word' id='word_1_64' title='bbox 2077 1104 2319 1165; x_wconf 85' lang='lat' dir='ltr'>gramm.</span> <span class='ocrx_word' id='word_1_65' title='bbox 2374 1083 2575 1166; x_wconf 38' lang='lat' dir='ltr'>p.*56.</span> 
     </span>
     <span class='ocr_line' id='line_1_8' title="bbox 291 1191 2575 1272; baseline 0.001 -21"><span class='ocrx_word' id='word_1_66' title='bbox 291 1191 345 1252; x_wconf 93' lang='lat' dir='ltr'>hi</span> <span class='ocrx_word' id='word_1_67' title='bbox 388 1211 593 1253; x_wconf 85' lang='lat' dir='ltr'>omnes</span> <span class='ocrx_word' id='word_1_68' title='bbox 644 1191 1028 1252; x_wconf 82' lang='lat' dir='ltr'>fundamento</span> <span class='ocrx_word' id='word_1_69' title='bbox 1078 1193 1509 1254; x_wconf 85' lang='lat' dir='ltr'>emendationis</span> <span class='ocrx_word' id='word_1_70' title='bbox 1556 1196 1650 1254; x_wconf 88' lang='lat' dir='ltr'>usi</span> <span class='ocrx_word' id='word_1_71' title='bbox 1713 1200 1852 1253; x_wconf 88' lang='lat' dir='ltr'>sunt</span> <span class='ocrx_word' id='word_1_72' title='bbox 1908 1191 2038 1253; x_wconf 87' lang='lat' dir='ltr'>loco</span> <span class='ocrx_word' id='word_1_73' title='bbox 2086 1192 2367 1253; x_wconf 85' lang='lat' dir='ltr'>Varronis</span> <span class='ocrx_word' id='word_1_74' title='bbox 2423 1192 2575 1272; x_wconf 92' lang='lat' dir='ltr'>apud</span> 
     </span>
     <span class='ocr_line' id='line_1_9' title="bbox 292 1295 2576 1382; baseline 0.001 -24"><span class='ocrx_word' id='word_1_75' title='bbox 292 1297 534 1360; x_wconf 89' lang='lat' dir='ltr'>Nonium</span> <span class='ocrx_word' id='word_1_76' title='bbox 576 1319 633 1379; x_wconf 90' lang='lat' dir='ltr'>p.</span> <span class='ocrx_word' id='word_1_77' title='bbox 667 1295 818 1382; x_wconf 83' lang='lat'>551,</span> <span class='ocrx_word' id='word_1_78' title='bbox 861 1297 941 1360; x_wconf 87' lang='grc'>18</span> <span class='ocrx_word' id='word_1_79' title='bbox 990 1301 1175 1377; x_wconf 87' lang='lat' dir='ltr'>Sapa,</span> <span class='ocrx_word' id='word_1_80' title='bbox 1212 1302 1378 1376; x_wconf 83' lang='lat' dir='ltr'>quod</span> <span class='ocrx_word' id='word_1_81' title='bbox 1421 1318 1583 1362; x_wconf 89' lang='lat' dir='ltr'>nunc</span> <span class='ocrx_word' id='word_1_82' title='bbox 1623 1302 1962 1361; x_wconf 85' lang='lat' dir='ltr'>mellacium</span> <span class='ocrx_word' id='word_1_83' title='bbox 2002 1302 2273 1382; x_wconf 75' lang='lat' dir='ltr'>dicimus,</span> <span class='ocrx_word' id='word_1_84' title='bbox 2320 1309 2576 1361; x_wconf 90' lang='lat' dir='ltr'>mustum</span> 
     </span>
     <span class='ocr_line' id='line_1_10' title="bbox 292 1408 2582 1486; baseline 0.001 -20"><span class='ocrx_word' id='word_1_85' title='bbox 292 1409 368 1467; x_wconf 91' lang='lat' dir='ltr'>ad</span> <span class='ocrx_word' id='word_1_86' title='bbox 423 1409 689 1467; x_wconf 89' lang='lat' dir='ltr'>mediam</span> <span class='ocrx_word' id='word_1_87' title='bbox 747 1414 988 1483; x_wconf 89' lang='lat' dir='ltr'>partem</span> <span class='ocrx_word' id='word_1_88' title='bbox 1056 1409 1384 1468; x_wconf 78' lang='lat' dir='ltr'>decoctum.</span> <span class='ocrx_word' id='word_1_89' title='bbox 1493 1408 1690 1469; x_wconf 86' lang='lat' dir='ltr'>Varro</span> <span class='ocrx_word' id='word_1_90' title='bbox 1750 1410 1824 1468; x_wconf 92' lang='lat' dir='ltr'>de</span> <span class='ocrx_word' id='word_1_91' title='bbox 1880 1410 2001 1467; x_wconf 83' lang='lat' dir='ltr'>vita</span> <span class='ocrx_word' id='word_1_92' title='bbox 2050 1412 2263 1486; x_wconf 86' lang='lat' dir='ltr'>populi</span> <span class='ocrx_word' id='word_1_93' title='bbox 2316 1409 2582 1470; x_wconf 86' lang='lat' dir='ltr'>Romani</span> 
     </span>
     <span class='ocr_line' id='line_1_11' title="bbox 291 1515 2574 1592; baseline 0.001 -19"><span class='ocrx_word' id='word_1_94' title='bbox 291 1515 379 1574; x_wconf 85' lang='lat' dir='ltr'>lib.</span> <span class='ocrx_word' id='word_1_95' title='bbox 417 1515 455 1573; x_wconf 96' lang='lat' dir='ltr'><em>I</em></span> <span class='ocrx_word' id='word_1_96' title='bbox 491 1531 711 1591; x_wconf 80' lang='lat' dir='ltr'>sapam</span> <span class='ocrx_word' id='word_1_97' title='bbox 760 1516 1149 1591; x_wconf 85' lang='lat' dir='ltr'>appellabant</span> <span class='ocrx_word' id='word_1_98' title='bbox 1194 1517 1358 1590; x_wconf 83' lang='lat' dir='ltr'>quod</span> <span class='ocrx_word' id='word_1_99' title='bbox 1402 1517 1478 1576; x_wconf 92' lang='lat' dir='ltr'>de</span> <span class='ocrx_word' id='word_1_100' title='bbox 1522 1521 1716 1576; x_wconf 88' lang='lat' dir='ltr'>musto</span> <span class='ocrx_word' id='word_1_101' title='bbox 1759 1517 1845 1575; x_wconf 93' lang='lat' dir='ltr'>ad</span> <span class='ocrx_word' id='word_1_102' title='bbox 1887 1516 2148 1575; x_wconf 88' lang='lat' dir='ltr'>mediam</span> <span class='ocrx_word' id='word_1_103' title='bbox 2187 1523 2428 1592; x_wconf 90' lang='lat' dir='ltr'>partem</span> <span class='ocrx_word' id='word_1_104' title='bbox 2476 1519 2574 1577; x_wconf 92' lang='lat' dir='ltr'>de-</span> 
     </span>
     <span class='ocr_line' id='line_1_12' title="bbox 293 1603 2578 1700; baseline 0.002 -21"><span class='ocrx_word' id='word_1_105' title='bbox 293 1627 599 1695; x_wconf 82' lang='lat' dir='ltr'>coxerant,</span> <span class='ocrx_word' id='word_1_106' title='bbox 641 1618 967 1695; x_wconf 82' lang='lat' dir='ltr'>defrutum,</span> <span class='ocrx_word' id='word_1_107' title='bbox 1005 1603 1062 1681; x_wconf 78' lang='lat' dir='ltr'>si</span> <span class='ocrx_word' id='word_1_108' title='bbox 1095 1640 1174 1681; x_wconf 81' lang='lat' dir='ltr'>ex</span> <span class='ocrx_word' id='word_1_109' title='bbox 1212 1623 1449 1682; x_wconf 84' lang='lat' dir='ltr'>duabus</span> <span class='ocrx_word' id='word_1_110' title='bbox 1479 1624 1766 1699; x_wconf 83' lang='lat' dir='ltr'>partibus</span> <span class='ocrx_word' id='word_1_111' title='bbox 1805 1623 1890 1682; x_wconf 93' lang='lat' dir='ltr'>ad</span> <span class='ocrx_word' id='word_1_112' title='bbox 1924 1624 2167 1682; x_wconf 80' lang='lat' dir='ltr'>tertiam</span> <span class='ocrx_word' id='word_1_113' title='bbox 2206 1626 2578 1700; x_wconf 73' lang='lat' dir='ltr'>redeqerant</span> 
     </span>
     <span class='ocr_line' id='line_1_13' title="bbox 294 1725 2576 1806; baseline 0.002 -20"><span class='ocrx_word' id='word_1_114' title='bbox 294 1725 529 1803; x_wconf 69' lang='lat' dir='ltr'>deferre</span> <span class='ocrx_word' id='word_1_115' title='bbox 569 1726 883 1803; x_wconf 80' lang='lat' dir='ltr'>faciendo,</span> <span class='ocrx_word' id='word_1_116' title='bbox 976 1736 1137 1788; x_wconf 83' lang='lat' dir='ltr'>recte</span> <span class='ocrx_word' id='word_1_117' title='bbox 1187 1736 1382 1788; x_wconf 89' lang='lat' dir='ltr'>autem</span> <span class='ocrx_word' id='word_1_118' title='bbox 1432 1727 1732 1790; x_wconf 85' lang='lat' dir='ltr'>Gesnerus</span> <span class='ocrx_word' id='word_1_119' title='bbox 1790 1730 1876 1789; x_wconf 93' lang='lat' dir='ltr'>ad</span> <span class='ocrx_word' id='word_1_120' title='bbox 1936 1731 2091 1789; x_wconf 91' lang='lat' dir='ltr'>duas</span> <span class='ocrx_word' id='word_1_121' title='bbox 2132 1737 2347 1806; x_wconf 90' lang='lat' dir='ltr'>partes</span> <span class='ocrx_word' id='word_1_122' title='bbox 2401 1732 2576 1792; x_wconf 90' lang='lat' dir='ltr'>rede-</span> 
     </span>
     <span class='ocr_line' id='line_1_14' title="bbox 287 1835 2575 1918; baseline 0 -23"><span class='ocrx_word' id='word_1_123' title='bbox 287 1842 515 1907; x_wconf 74' lang='lat' dir='ltr'>qerunt.</span> <span class='ocrx_word' id='word_1_124' title='bbox 592 1853 730 1895; x_wconf 89' lang='lat' dir='ltr'>nam</span> <span class='ocrx_word' id='word_1_125' title='bbox 779 1836 906 1896; x_wconf 91' lang='lat' dir='ltr'>sine</span> <span class='ocrx_word' id='word_1_126' title='bbox 945 1837 1387 1915; x_wconf 87' lang='lat' dir='ltr'>praepositione</span> <span class='ocrx_word' id='word_1_127' title='bbox 1426 1838 1714 1912; x_wconf 72' lang='lat' dir='ltr'>rediqere</span> <span class='ocrx_word' id='word_1_128' title='bbox 1751 1835 1867 1896; x_wconf 86' lang='lat' dir='ltr'>diei</span> <span class='ocrx_word' id='word_1_129' title='bbox 1906 1853 2024 1895; x_wconf 91' lang='lat' dir='ltr'>non</span> <span class='ocrx_word' id='word_1_130' title='bbox 2063 1838 2274 1918; x_wconf 88' lang='lat' dir='ltr'>potuit,</span> <span class='ocrx_word' id='word_1_131' title='bbox 2314 1845 2379 1897; x_wconf 88' lang='lat' dir='ltr'>ut</span> <span class='ocrx_word' id='word_1_132' title='bbox 2417 1845 2575 1897; x_wconf 89' lang='lat' dir='ltr'>esset</span> 
     </span>
     <span class='ocr_line' id='line_1_15' title="bbox 294 1936 2577 2023; baseline 0.001 -23"><span class='ocrx_word' id='word_1_133' title='bbox 294 1936 387 2001; x_wconf 75' lang='lat' dir='ltr'>‘ad</span> <span class='ocrx_word' id='word_1_134' title='bbox 449 1944 745 2003; x_wconf 89' lang='lat' dir='ltr'>minorem</span> <span class='ocrx_word' id='word_1_135' title='bbox 811 1952 1038 2021; x_wconf 88' lang='lat' dir='ltr'>partem</span> <span class='ocrx_word' id='word_1_136' title='bbox 1105 1937 1429 2022; x_wconf 87' lang='lat' dir='ltr'>redigere&#39;.</span> <span class='ocrx_word' id='word_1_137' title='bbox 1480 1942 1625 2004; x_wconf 89' lang='lat' dir='ltr'>·sed</span> <span class='ocrx_word' id='word_1_138' title='bbox 1688 1942 1800 2003; x_wconf 86' lang='lat' dir='ltr'>hoc</span> <span class='ocrx_word' id='word_1_139' title='bbox 1865 1944 2066 2021; x_wconf 86' lang='lat' dir='ltr'>potius</span> <span class='ocrx_word' id='word_1_140' title='bbox 2129 1943 2577 2023; x_wconf 86' lang='lat' dir='ltr'>praescribitur,</span> 
     </span>
     <span class='ocr_line' id='line_1_16' title="bbox 296 2048 2578 2131; baseline 0.001 -23"><span class='ocrx_word' id='word_1_141' title='bbox 296 2066 585 2109; x_wconf 83' lang='lat' dir='ltr'>amurcam</span> <span class='ocrx_word' id='word_1_142' title='bbox 634 2051 717 2109; x_wconf 91' lang='lat' dir='ltr'>ita</span> <span class='ocrx_word' id='word_1_143' title='bbox 774 2048 1220 2128; x_wconf 87' lang='lat' dir='ltr'>decoquendam</span> <span class='ocrx_word' id='word_1_144' title='bbox 1268 2068 1426 2131; x_wconf 88' lang='lat' dir='ltr'>esse,</span> <span class='ocrx_word' id='word_1_145' title='bbox 1484 2060 1548 2111; x_wconf 92' lang='lat' dir='ltr'>ut</span> <span class='ocrx_word' id='word_1_146' title='bbox 1606 2069 1721 2111; x_wconf 91' lang='lat' dir='ltr'>una</span> <span class='ocrx_word' id='word_1_147' title='bbox 1777 2061 1944 2130; x_wconf 88' lang='lat' dir='ltr'>parte</span> <span class='ocrx_word' id='word_1_148' title='bbox 2004 2050 2247 2111; x_wconf 88' lang='lat' dir='ltr'>decocta</span> <span class='ocrx_word' id='word_1_149' title='bbox 2304 2050 2374 2109; x_wconf 87' lang='lat' dir='ltr'>ad</span> <span class='ocrx_word' id='word_1_150' title='bbox 2434 2051 2578 2110; x_wconf 82' lang='lat' dir='ltr'>duas</span> 
     </span>
     <span class='ocr_line' id='line_1_17' title="bbox 294 2154 2579 2236; baseline 0.001 -22"><span class='ocrx_word' id='word_1_151' title='bbox 294 2164 478 2232; x_wconf 90' lang='lat' dir='ltr'>partes</span> <span class='ocrx_word' id='word_1_152' title='bbox 535 2154 872 2236; x_wconf 86' lang='lat' dir='ltr'>redigatur,</span> <span class='ocrx_word' id='word_1_153' title='bbox 921 2163 1044 2217; x_wconf 89' lang='lat' dir='ltr'>tum</span> <span class='ocrx_word' id='word_1_154' title='bbox 1109 2160 1409 2219; x_wconf 79' lang='lat' dir='ltr'>decocunt</span> <span class='ocrx_word' id='word_1_155' title='bbox 1473 2161 1533 2218; x_wconf 89' lang='lat' dir='ltr'>in</span> <span class='ocrx_word' id='word_1_156' title='bbox 1602 2160 1814 2219; x_wconf 78' lang='lat' dir='ltr'>ahenis</span> <span class='ocrx_word' id='word_1_157' title='bbox 1883 2161 2007 2219; x_wconf 86' lang='lat' dir='ltr'>leni</span> <span class='ocrx_word' id='word_1_158' title='bbox 2061 2160 2216 2234; x_wconf 70' lang='lat' dir='ltr'>iyni,</span> <span class='ocrx_word' id='word_1_159' title='bbox 2282 2160 2367 2218; x_wconf 90' lang='lat' dir='ltr'>ad</span> <span class='ocrx_word' id='word_1_160' title='bbox 2425 2159 2579 2218; x_wconf 89' lang='lat' dir='ltr'>duas</span> 
     </span>
     <span class='ocr_line' id='line_1_18' title="bbox 295 2265 1186 2339; baseline 0.003 -17"><span class='ocrx_word' id='word_1_161' title='bbox 295 2270 493 2338; x_wconf 83' lang='lat' dir='ltr'>partes</span> <span class='ocrx_word' id='word_1_162' title='bbox 540 2265 758 2338; x_wconf 82' lang='lat' dir='ltr'>quaad</span> <span class='ocrx_word' id='word_1_163' title='bbox 798 2265 1186 2339; x_wconf 72' lang='lat' dir='ltr'>redeqerunt.</span> 
     </span>
    </p>

    <p class='ocr_par' dir='ltr' id='par_1_3' title="bbox 295 2370 2579 2881">
     <span class='ocr_line' id='line_1_19' title="bbox 464 2370 2579 2451; baseline 0.001 -22"><span class='ocrx_word' id='word_1_164' title='bbox 464 2370 612 2431; x_wconf 86' lang='lat' dir='ltr'>Tum</span> <span class='ocrx_word' id='word_1_165' title='bbox 679 2372 939 2445; x_wconf 83' lang='lat' dir='ltr'>denique</span> <span class='ocrx_word' id='word_1_166' title='bbox 1003 2373 1089 2431; x_wconf 89' lang='lat' dir='ltr'>ad</span> <span class='ocrx_word' id='word_1_167' title='bbox 1149 2388 1322 2431; x_wconf 91' lang='lat' dir='ltr'>usum</span> <span class='ocrx_word' id='word_1_168' title='bbox 1389 2379 1558 2432; x_wconf 89' lang='lat' dir='ltr'>recte</span> <span class='ocrx_word' id='word_1_169' title='bbox 1611 2374 1919 2447; x_wconf 85' lang='lat' dir='ltr'>promitur</span> <span class='ocrx_word' id='word_1_170' title='bbox 1973 2372 2047 2451; x_wconf 84' lang='lat' dir='ltr'>A,</span> <span class='ocrx_word' id='word_1_171' title='bbox 2104 2380 2163 2431; x_wconf 91' lang='lat' dir='ltr'>et</span> <span class='ocrx_word' id='word_1_172' title='bbox 2217 2370 2329 2431; x_wconf 87' lang='lat' dir='ltr'>hoc</span> <span class='ocrx_word' id='word_1_173' title='bbox 2396 2370 2579 2432; x_wconf 88' lang='lat' dir='ltr'>voluit</span> 
     </span>
     <span class='ocr_line' id='line_1_20' title="bbox 295 2474 2574 2559; baseline 0 -23"><span class='ocrx_word' id='word_1_174' title='bbox 295 2474 638 2559; x_wconf 88' lang='lat' dir='ltr'>Politianus,</span> <span class='ocrx_word' id='word_1_175' title='bbox 688 2479 792 2555; x_wconf 92' lang='lat' dir='ltr'>qui</span> <span class='ocrx_word' id='word_1_176' title='bbox 838 2479 1033 2538; x_wconf 89' lang='lat' dir='ltr'>minus</span> <span class='ocrx_word' id='word_1_177' title='bbox 1080 2486 1356 2539; x_wconf 88' lang='lat' dir='ltr'>accurate</span> <span class='ocrx_word' id='word_1_178' title='bbox 1404 2479 1690 2557; x_wconf 87' lang='lat' dir='ltr'>principis</span> <span class='ocrx_word' id='word_1_179' title='bbox 1750 2478 2027 2539; x_wconf 91' lang='lat' dir='ltr'>editionis</span> <span class='ocrx_word' id='word_1_180' title='bbox 2058 2477 2399 2538; x_wconf 69' lang='lat' dir='ltr'>lectionem</span> <span class='ocrx_word' id='word_1_181' title='bbox 2447 2496 2574 2538; x_wconf 87' lang='lat' dir='ltr'>cor·</span> 
     </span>
     <span class='ocr_line' id='line_1_21' title="bbox 295 2584 2577 2670; baseline 0.001 -27"><span class='ocrx_word' id='word_1_182' title='bbox 295 2584 455 2645; x_wconf 84' lang='lat' dir='ltr'>rexit.</span> <span class='ocrx_word' id='word_1_183' title='bbox 547 2591 810 2646; x_wconf 90' lang='lat' dir='ltr'>mustum</span> <span class='ocrx_word' id='word_1_184' title='bbox 858 2587 1116 2661; x_wconf 81' lang='lat' dir='ltr'>denique</span> <span class='ocrx_word' id='word_1_185' title='bbox 1175 2584 1507 2665; x_wconf 84' lang='lat' dir='ltr'>apographa</span> <span class='ocrx_word' id='word_1_186' title='bbox 1554 2585 1864 2670; x_wconf 91' lang='lat' dir='ltr'>Italorum,</span> <span class='ocrx_word' id='word_1_187' title='bbox 1920 2594 2176 2648; x_wconf 91' lang='lat' dir='ltr'>mustum</span> <span class='ocrx_word' id='word_1_188' title='bbox 2233 2592 2355 2647; x_wconf 89' lang='lat' dir='ltr'>tum</span> <span class='ocrx_word' id='word_1_189' title='bbox 2413 2587 2577 2647; x_wconf 86' lang='lat' dir='ltr'>deni-</span> 
     </span>
     <span class='ocr_line' id='line_1_22' title="bbox 301 2693 2579 2773; baseline 0 -21"><span class='ocrx_word' id='word_1_190' title='bbox 301 2710 405 2766; x_wconf 83' lang='lat' dir='ltr'>que</span> <span class='ocrx_word' id='word_1_191' title='bbox 441 2712 515 2754; x_wconf 90' lang='lat' dir='ltr'>m.</span> <span class='ocrx_word' id='word_1_192' title='bbox 555 2695 617 2753; x_wconf 91' lang='lat' dir='ltr'>in</span> <span class='ocrx_word' id='word_1_193' title='bbox 659 2693 978 2773; x_wconf 82' lang='lat' dir='ltr'>archetypo</span> <span class='ocrx_word' id='word_1_194' title='bbox 1017 2700 1273 2754; x_wconf 90' lang='lat' dir='ltr'>mustum</span> <span class='ocrx_word' id='word_1_195' title='bbox 1313 2695 1572 2768; x_wconf 80' lang='lat' dir='ltr'>denique</span> <span class='ocrx_word' id='word_1_196' title='bbox 1604 2697 1809 2770; x_wconf 88' lang='lat' dir='ltr'>prima</span> <span class='ocrx_word' id='word_1_197' title='bbox 1848 2712 2025 2755; x_wconf 89' lang='lat' dir='ltr'>manu</span> <span class='ocrx_word' id='word_1_198' title='bbox 2070 2694 2357 2772; x_wconf 88' lang='lat' dir='ltr'>scriptum</span> <span class='ocrx_word' id='word_1_199' title='bbox 2397 2693 2579 2755; x_wconf 83' lang='lat' dir='ltr'>fuisse</span> 
     </span>
     <span class='ocr_line' id='line_1_23' title="bbox 301 2799 1675 2881; baseline 0.006 -26"><span class='ocrx_word' id='word_1_200' title='bbox 301 2799 540 2881; x_wconf 83' lang='lat' dir='ltr'>videtur,</span> <span class='ocrx_word' id='word_1_201' title='bbox 589 2807 795 2879; x_wconf 88' lang='lat' dir='ltr'>postea</span> <span class='ocrx_word' id='word_1_202' title='bbox 843 2808 1177 2861; x_wconf 88' lang='lat' dir='ltr'>correctum</span> <span class='ocrx_word' id='word_1_203' title='bbox 1227 2807 1350 2860; x_wconf 89' lang='lat' dir='ltr'>tum</span> <span class='ocrx_word' id='word_1_204' title='bbox 1398 2803 1675 2875; x_wconf 79' lang='lat' dir='ltr'>denique.</span> 
     </span>
    </p>

    <p class='ocr_par' dir='ltr' id='par_1_4' title="bbox 297 2906 2583 4592">
     <span class='ocr_line' id='line_1_24' title="bbox 458 2906 2579 2978; baseline 0.001 -11"><span class='ocrx_word' id='word_1_205' title='bbox 458 2913 610 2968; x_wconf 90' lang='lat' dir='ltr'>LXV</span> <span class='ocrx_word' id='word_1_206' title='bbox 660 2906 857 2978; x_wconf 87' lang='lat' dir='ltr'>Quod</span> <span class='ocrx_word' id='word_1_207' title='bbox 902 2917 1207 2968; x_wconf 90' lang='lat' dir='ltr'>mustum</span> <span class='ocrx_word' id='word_1_208' title='bbox 1254 2906 1593 2967; x_wconf 87' lang='lat' dir='ltr'>conditur</span> <span class='ocrx_word' id='word_1_209' title='bbox 1639 2908 1710 2967; x_wconf 90' lang='lat' dir='ltr'>iu</span> <span class='ocrx_word' id='word_1_210' title='bbox 1757 2906 2026 2969; x_wconf 90' lang='lat' dir='ltr'>dolium</span> <span class='ocrx_word' id='word_1_211' title='bbox 2074 2916 2148 2968; x_wconf 88' lang='lat' dir='ltr'>ut</span> <span class='ocrx_word' id='word_1_212' title='bbox 2194 2907 2579 2969; x_wconf 89' lang='lat' dir='ltr'>habeamus</span> 
     </span>
     <span class='ocr_line' id='line_1_25' title="bbox 299 3013 2577 3094; baseline 0 -21"><span class='ocrx_word' id='word_1_213' title='bbox 299 3015 524 3076; x_wconf 91' lang='lat' dir='ltr'>uinum</span> <span class='ocrx_word' id='word_1_214' title='bbox 597 3033 734 3075; x_wconf 91' lang='lat' dir='ltr'>non</span> <span class='ocrx_word' id='word_1_215' title='bbox 799 3013 1262 3092; x_wconf 85' lang='lat' dir='ltr'>promendum</span> <span class='ocrx_word' id='word_1_216' title='bbox 1326 3013 1482 3073; x_wconf 91' lang='lat' dir='ltr'>dum</span> <span class='ocrx_word' id='word_1_217' title='bbox 1551 3014 1793 3074; x_wconf 88' lang='lat' dir='ltr'>seruet</span> <span class='ocrx_word' id='word_1_218' title='bbox 1853 3033 2085 3094; x_wconf 90' lang='lat' dir='ltr'>neque</span> <span class='ocrx_word' id='word_1_219' title='bbox 2151 3017 2362 3075; x_wconf 90' lang='lat' dir='ltr'>etiam</span> <span class='ocrx_word' id='word_1_220' title='bbox 2421 3033 2577 3075; x_wconf 87' lang='lat' dir='ltr'>cum</span> 
     </span>
     <span class='ocr_line' id='line_1_26' title="bbox 297 3120 2576 3198; baseline 0 -17"><span class='ocrx_word' id='word_1_221' title='bbox 297 3130 666 3198; x_wconf 88' lang='lat' dir='ltr'>processet</span> <span class='ocrx_word' id='word_1_222' title='bbox 714 3122 808 3180; x_wconf 88' lang='lat' dir='ltr'>ita</span> <span class='ocrx_word' id='word_1_223' title='bbox 857 3130 930 3181; x_wconf 83' lang='lat' dir='ltr'>ut</span> <span class='ocrx_word' id='word_1_224' title='bbox 977 3122 1070 3181; x_wconf 84' lang='lat' dir='ltr'>sit</span> <span class='ocrx_word' id='word_1_225' title='bbox 1118 3122 1359 3181; x_wconf 91' lang='lat' dir='ltr'>uinum</span> <span class='ocrx_word' id='word_1_226' title='bbox 1409 3120 1673 3181; x_wconf 85' lang='lat' dir='ltr'>sactum</span> <span class='ocrx_word' id='word_1_227' title='bbox 1722 3123 1780 3181; x_wconf 93' lang='lat' dir='ltr'>si</span> <span class='ocrx_word' id='word_1_228' title='bbox 1827 3130 2037 3182; x_wconf 92' lang='lat' dir='ltr'>uetus</span> <span class='ocrx_word' id='word_1_229' title='bbox 2086 3121 2333 3182; x_wconf 91' lang='lat' dir='ltr'>bibere</span> <span class='ocrx_word' id='word_1_230' title='bbox 2382 3121 2576 3182; x_wconf 90' lang='lat' dir='ltr'>uelis</span> 
     </span>
     <span class='ocr_line' id='line_1_27' title="bbox 300 3226 2577 3311; baseline 0.002 -25"><span class='ocrx_word' id='word_1_231' title='bbox 300 3226 466 3304; x_wconf 92' lang='lat' dir='ltr'>quod</span> <span class='ocrx_word' id='word_1_232' title='bbox 532 3246 670 3287; x_wconf 88' lang='lat' dir='ltr'>non</span> <span class='ocrx_word' id='word_1_233' title='bbox 730 3226 816 3287; x_wconf 86' lang='lat' dir='ltr'>fit</span> <span class='ocrx_word' id='word_1_234' title='bbox 871 3236 1246 3307; x_wconf 87' lang='lat' dir='ltr'>antequam</span> <span class='ocrx_word' id='word_1_235' title='bbox 1303 3237 1776 3288; x_wconf 88' lang='lat' dir='ltr'>accesserunt</span> <span class='ocrx_word' id='word_1_236' title='bbox 1831 3227 2240 3290; x_wconf 90' lang='lat' dir='ltr'>anniculum</span> <span class='ocrx_word' id='word_1_237' title='bbox 2294 3229 2577 3311; x_wconf 90' lang='lat' dir='ltr'>prodit]</span> 
     </span>
     <span class='ocr_line' id='line_1_28' title="bbox 300 3335 2581 3411; baseline 0.002 -18"><span class='ocrx_word' id='word_1_238' title='bbox 300 3335 492 3410; x_wconf 81' lang='lat' dir='ltr'>Neque</span> <span class='ocrx_word' id='word_1_239' title='bbox 539 3338 725 3397; x_wconf 88' lang='lat' dir='ltr'>etiam</span> <span class='ocrx_word' id='word_1_240' title='bbox 771 3353 907 3395; x_wconf 88' lang='lat' dir='ltr'>cum</span> <span class='ocrx_word' id='word_1_241' title='bbox 947 3338 1272 3411; x_wconf 87' lang='lat' dir='ltr'>processit,</span> <span class='ocrx_word' id='word_1_242' title='bbox 1322 3338 1408 3395; x_wconf 90' lang='lat' dir='ltr'>ita</span> <span class='ocrx_word' id='word_1_243' title='bbox 1463 3343 1531 3396; x_wconf 90' lang='lat' dir='ltr'>ut</span> <span class='ocrx_word' id='word_1_244' title='bbox 1573 3339 1654 3396; x_wconf 91' lang='lat' dir='ltr'>sit</span> <span class='ocrx_word' id='word_1_245' title='bbox 1709 3339 1911 3396; x_wconf 87' lang='lat' dir='ltr'>vinum</span> <span class='ocrx_word' id='word_1_246' title='bbox 1961 3335 2215 3411; x_wconf 84' lang='lat' dir='ltr'>factum.</span> <span class='ocrx_word' id='word_1_247' title='bbox 2306 3340 2363 3397; x_wconf 90' lang='lat' dir='ltr'>si</span> <span class='ocrx_word' id='word_1_248' title='bbox 2413 3344 2581 3397; x_wconf 85' lang='lat' dir='ltr'>vetus</span> 
     </span>
     <span class='ocr_line' id='line_1_29' title="bbox 301 3442 2580 3520; baseline 0.001 -20"><span class='ocrx_word' id='word_1_249' title='bbox 301 3442 494 3502; x_wconf 85' lang='lat' dir='ltr'>bibere</span> <span class='ocrx_word' id='word_1_250' title='bbox 539 3444 720 3515; x_wconf 84' lang='lat' dir='ltr'>velis,</span> <span class='ocrx_word' id='word_1_251' title='bbox 765 3445 930 3516; x_wconf 83' lang='lat' dir='ltr'>quod</span> <span class='ocrx_word' id='word_1_252' title='bbox 973 3459 1090 3503; x_wconf 88' lang='lat' dir='ltr'>non</span> <span class='ocrx_word' id='word_1_253' title='bbox 1130 3445 1206 3515; x_wconf 78' lang='lat' dir='ltr'>fit</span> <span class='ocrx_word' id='word_1_254' title='bbox 1253 3448 1577 3516; x_wconf 81' lang='lat' dir='ltr'>antequam</span> <span class='ocrx_word' id='word_1_255' title='bbox 1637 3446 1867 3504; x_wconf 82' lang='lat' dir='ltr'>acescit</span> <span class='ocrx_word' id='word_1_256' title='bbox 1913 3447 2263 3505; x_wconf 84' lang='lat' dir='ltr'>anniculum</span> <span class='ocrx_word' id='word_1_257' title='bbox 2319 3447 2580 3520; x_wconf 83' lang='lat' dir='ltr'>promito</span> 
     </span>
     <span class='ocr_line' id='line_1_30' title="bbox 302 3546 2576 3631; baseline 0.001 -24"><span class='ocrx_word' id='word_1_258' title='bbox 302 3546 526 3631; x_wconf 88' lang='lat' dir='ltr'>Merula,</span> <span class='ocrx_word' id='word_1_259' title='bbox 565 3568 764 3625; x_wconf 82' lang='lat' dir='ltr'>neque</span> <span class='ocrx_word' id='word_1_260' title='bbox 809 3552 988 3610; x_wconf 92' lang='lat' dir='ltr'>etiam</span> <span class='ocrx_word' id='word_1_261' title='bbox 1036 3566 1173 3609; x_wconf 85' lang='lat' dir='ltr'>cum</span> <span class='ocrx_word' id='word_1_262' title='bbox 1213 3551 1529 3629; x_wconf 83' lang='lat' dir='ltr'>processit,</span> <span class='ocrx_word' id='word_1_263' title='bbox 1567 3552 1692 3610; x_wconf 88' lang='lat' dir='ltr'>nisi</span> <span class='ocrx_word' id='word_1_264' title='bbox 1725 3553 1905 3626; x_wconf 90' lang='lat' dir='ltr'>prius</span> <span class='ocrx_word' id='word_1_265' title='bbox 1950 3554 2029 3611; x_wconf 89' lang='lat' dir='ltr'>sit</span> <span class='ocrx_word' id='word_1_266' title='bbox 2075 3555 2277 3612; x_wconf 84' lang='lat' dir='ltr'>vinum</span> <span class='ocrx_word' id='word_1_267' title='bbox 2318 3550 2576 3627; x_wconf 83' lang='lat' dir='ltr'>factum.</span> 
     </span>
     <span class='ocr_line' id='line_1_31' title="bbox 302 3642 2582 3733; baseline 0.002 -21"><span class='ocrx_word' id='word_1_268' title='bbox 302 3657 351 3713; x_wconf 90' lang='lat' dir='ltr'>si</span> <span class='ocrx_word' id='word_1_269' title='bbox 389 3664 552 3717; x_wconf 84' lang='lat' dir='ltr'>vetus</span> <span class='ocrx_word' id='word_1_270' title='bbox 601 3657 811 3717; x_wconf 82' lang='lat' dir='ltr'>bibere</span> <span class='ocrx_word' id='word_1_271' title='bbox 865 3658 1034 3730; x_wconf 85' lang='lat' dir='ltr'>velis,</span> <span class='ocrx_word' id='word_1_272' title='bbox 1082 3657 1246 3730; x_wconf 80' lang='lat' dir='ltr'>quod</span> <span class='ocrx_word' id='word_1_273' title='bbox 1301 3642 1441 3716; x_wconf 46' lang='lat' dir='ltr'>non*</span> <span class='ocrx_word' id='word_1_274' title='bbox 1470 3659 1545 3728; x_wconf 78' lang='lat' dir='ltr'>fit</span> <span class='ocrx_word' id='word_1_275' title='bbox 1601 3663 1925 3731; x_wconf 79' lang='lat' dir='ltr'>antequam</span> <span class='ocrx_word' id='word_1_276' title='bbox 1982 3660 2315 3718; x_wconf 88' lang='lat' dir='ltr'>accesserit</span> <span class='ocrx_word' id='word_1_277' title='bbox 2368 3675 2582 3733; x_wconf 74' lang='lat' dir='ltr'>annuS,</span> 
     </span>
     <span class='ocr_line' id='line_1_32' title="bbox 303 3761 2579 3845; baseline 0.002 -26"><span class='ocrx_word' id='word_1_278' title='bbox 303 3767 430 3843; x_wconf 91' lang='lat' dir='ltr'>tum,</span> <span class='ocrx_word' id='word_1_279' title='bbox 476 3781 614 3823; x_wconf 91' lang='lat' dir='ltr'>cum</span> <span class='ocrx_word' id='word_1_280' title='bbox 654 3762 854 3838; x_wconf 88' lang='lat' dir='ltr'>fuerit</span> <span class='ocrx_word' id='word_1_281' title='bbox 899 3765 1267 3838; x_wconf 82' lang='lat' dir='ltr'>anniculum,</span> <span class='ocrx_word' id='word_1_282' title='bbox 1297 3765 1585 3838; x_wconf 89' lang='lat' dir='ltr'>promitto</span> <span class='ocrx_word' id='word_1_283' title='bbox 1625 3761 1944 3845; x_wconf 81' lang='lat' dir='ltr'>IucunduS,</span> <span class='ocrx_word' id='word_1_284' title='bbox 1983 3782 2178 3839; x_wconf 81' lang='lat' dir='ltr'>neque</span> <span class='ocrx_word' id='word_1_285' title='bbox 2215 3766 2394 3824; x_wconf 88' lang='lat' dir='ltr'>etiam</span> <span class='ocrx_word' id='word_1_286' title='bbox 2445 3781 2579 3823; x_wconf 93' lang='lat' dir='ltr'>cum</span> 
     </span>
     <span class='ocr_line' id='line_1_33' title="bbox 299 3869 2583 3946; baseline 0.003 -21"><span class='ocrx_word' id='word_1_287' title='bbox 299 3873 584 3940; x_wconf 87' lang='lat' dir='ltr'>processit</span> <span class='ocrx_word' id='word_1_288' title='bbox 632 3872 751 3944; x_wconf 88' lang='lat' dir='ltr'>ita,</span> <span class='ocrx_word' id='word_1_289' title='bbox 795 3876 863 3930; x_wconf 91' lang='lat' dir='ltr'>ut</span> <span class='ocrx_word' id='word_1_290' title='bbox 907 3873 986 3930; x_wconf 88' lang='lat' dir='ltr'>sit</span> <span class='ocrx_word' id='word_1_291' title='bbox 1030 3872 1233 3929; x_wconf 83' lang='lat' dir='ltr'>vinum</span> <span class='ocrx_word' id='word_1_292' title='bbox 1272 3869 1526 3945; x_wconf 84' lang='lat' dir='ltr'>factum.</span> <span class='ocrx_word' id='word_1_293' title='bbox 1620 3873 1676 3929; x_wconf 90' lang='lat' dir='ltr'>si</span> <span class='ocrx_word' id='word_1_294' title='bbox 1718 3877 1886 3930; x_wconf 83' lang='lat' dir='ltr'>vetus</span> <span class='ocrx_word' id='word_1_295' title='bbox 1941 3871 2147 3931; x_wconf 82' lang='lat' dir='ltr'>bibere</span> <span class='ocrx_word' id='word_1_296' title='bbox 2203 3873 2372 3946; x_wconf 84' lang='lat' dir='ltr'>velis,</span> <span class='ocrx_word' id='word_1_297' title='bbox 2419 3873 2583 3945; x_wconf 81' lang='lat' dir='ltr'>quod</span> 
     </span>
     <span class='ocr_line' id='line_1_34' title="bbox 306 3975 2577 4057; baseline 0.003 -25"><span class='ocrx_word' id='word_1_298' title='bbox 306 3990 411 4034; x_wconf 89' lang='lat' dir='ltr'>non</span> <span class='ocrx_word' id='word_1_299' title='bbox 449 3979 522 4048; x_wconf 78' lang='lat' dir='ltr'>fit</span> <span class='ocrx_word' id='word_1_300' title='bbox 568 3983 729 4057; x_wconf 87' lang='lat' dir='ltr'>ante,</span> <span class='ocrx_word' id='word_1_301' title='bbox 767 3994 948 4051; x_wconf 83' lang='lat' dir='ltr'>quam</span> <span class='ocrx_word' id='word_1_302' title='bbox 996 3979 1327 4037; x_wconf 89' lang='lat' dir='ltr'>accesserit</span> <span class='ocrx_word' id='word_1_303' title='bbox 1363 3995 1579 4051; x_wconf 88' lang='lat' dir='ltr'>annus,</span> <span class='ocrx_word' id='word_1_304' title='bbox 1628 3984 1770 4052; x_wconf 86' lang='lat' dir='ltr'>tum,</span> <span class='ocrx_word' id='word_1_305' title='bbox 1809 3994 1945 4038; x_wconf 90' lang='lat' dir='ltr'>cum</span> <span class='ocrx_word' id='word_1_306' title='bbox 1976 3975 2173 4052; x_wconf 87' lang='lat' dir='ltr'>fuerit</span> <span class='ocrx_word' id='word_1_307' title='bbox 2210 3981 2577 4054; x_wconf 83' lang='lat' dir='ltr'>anniculum,</span> 
     </span>
     <span class='ocr_line' id='line_1_35' title="bbox 302 4081 2579 4165; baseline 0.003 -27"><span class='ocrx_word' id='word_1_308' title='bbox 302 4083 496 4152; x_wconf 83' lang='lat' dir='ltr'>prodit</span> <span class='ocrx_word' id='word_1_309' title='bbox 540 4081 855 4143; x_wconf 82' lang='lat' dir='ltr'>Victorius.</span> <span class='ocrx_word' id='word_1_310' title='bbox 948 4084 1164 4142; x_wconf 85' lang='lat' dir='ltr'>ceteris</span> <span class='ocrx_word' id='word_1_311' title='bbox 1224 4082 1414 4145; x_wconf 86' lang='lat' dir='ltr'>obfuit</span> <span class='ocrx_word' id='word_1_312' title='bbox 1470 4102 1640 4143; x_wconf 90' lang='lat' dir='ltr'>error</span> <span class='ocrx_word' id='word_1_313' title='bbox 1686 4082 1955 4165; x_wconf 89' lang='lat' dir='ltr'>Victorii,</span> <span class='ocrx_word' id='word_1_314' title='bbox 2013 4085 2114 4162; x_wconf 90' lang='lat' dir='ltr'>qui</span> <span class='ocrx_word' id='word_1_315' title='bbox 2161 4083 2402 4144; x_wconf 87' lang='lat' dir='ltr'>Aldinae</span> <span class='ocrx_word' id='word_1_316' title='bbox 2460 4085 2579 4145; x_wconf 90' lang='lat' dir='ltr'>edi·</span> 
     </span>
     <span class='ocr_line' id='line_1_36' title="bbox 309 4186 2582 4270; baseline 0.004 -27"><span class='ocrx_word' id='word_1_317' title='bbox 309 4186 471 4247; x_wconf 85' lang='lat' dir='ltr'>tionis</span> <span class='ocrx_word' id='word_1_318' title='bbox 535 4187 790 4249; x_wconf 89' lang='lat' dir='ltr'>lectione</span> <span class='ocrx_word' id='word_1_319' title='bbox 850 4189 1135 4268; x_wconf 87' lang='lat' dir='ltr'>deeeptus</span> <span class='ocrx_word' id='word_1_320' title='bbox 1199 4207 1308 4268; x_wconf 88' lang='lat' dir='ltr'>pro</span> <span class='ocrx_word' id='word_1_321' title='bbox 1374 4208 1443 4250; x_wconf 91' lang='lat' dir='ltr'>eo</span> <span class='ocrx_word' id='word_1_322' title='bbox 1512 4188 1668 4270; x_wconf 90' lang='lat' dir='ltr'>quod</span> <span class='ocrx_word' id='word_1_323' title='bbox 1736 4192 1863 4269; x_wconf 86' lang='lat' dir='ltr'>ipse</span> <span class='ocrx_word' id='word_1_324' title='bbox 1930 4208 2000 4250; x_wconf 89' lang='lat' dir='ltr'>ex</span> <span class='ocrx_word' id='word_1_325' title='bbox 2058 4189 2259 4251; x_wconf 87' lang='lat' dir='ltr'>codice</span> <span class='ocrx_word' id='word_1_326' title='bbox 2317 4190 2582 4252; x_wconf 89' lang='lat' dir='ltr'>ediderat</span> 
     </span>
     <span class='ocr_line' id='line_1_37' title="bbox 305 4295 2579 4376; baseline 0.003 -24"><span class='ocrx_word' id='word_1_327' title='bbox 305 4296 497 4364; x_wconf 83' lang='lat' dir='ltr'>prodit</span> <span class='ocrx_word' id='word_1_328' title='bbox 539 4297 599 4355; x_wconf 90' lang='lat' dir='ltr'>in</span> <span class='ocrx_word' id='word_1_329' title='bbox 649 4298 910 4375; x_wconf 88' lang='lat' dir='ltr'>antiquis</span> <span class='ocrx_word' id='word_1_330' title='bbox 969 4295 1274 4356; x_wconf 83' lang='lat' dir='ltr'>codicibus</span> <span class='ocrx_word' id='word_1_331' title='bbox 1322 4300 1610 4373; x_wconf 87' lang='lat' dir='ltr'>promitto</span> <span class='ocrx_word' id='word_1_332' title='bbox 1668 4296 1783 4376; x_wconf 88' lang='lat' dir='ltr'>legi</span> <span class='ocrx_word' id='word_1_333' title='bbox 1839 4296 2153 4357; x_wconf 89' lang='lat' dir='ltr'>adnotavit.</span> <span class='ocrx_word' id='word_1_334' title='bbox 2246 4300 2410 4372; x_wconf 83' lang='lat' dir='ltr'>quod</span> <span class='ocrx_word' id='word_1_335' title='bbox 2460 4316 2579 4359; x_wconf 89' lang='lat' dir='ltr'>non</span> 
     </span>
     <span class='ocr_line' id='line_1_38' title="bbox 307 4400 2579 4483; baseline 0.004 -27"><span class='ocrx_word' id='word_1_336' title='bbox 307 4400 386 4474; x_wconf 80' lang='lat' dir='ltr'>fit,</span> <span class='ocrx_word' id='word_1_337' title='bbox 428 4409 749 4478; x_wconf 84' lang='lat' dir='ltr'>antequam</span> <span class='ocrx_word' id='word_1_338' title='bbox 812 4410 1205 4464; x_wconf 86' lang='lat' dir='ltr'>accesserunt</span> <span class='ocrx_word' id='word_1_339' title='bbox 1260 4407 1434 4483; x_wconf 89' lang='lat' dir='ltr'>anni,</span> <span class='ocrx_word' id='word_1_340' title='bbox 1492 4406 1751 4465; x_wconf 85' lang='lat' dir='ltr'>culleum</span> <span class='ocrx_word' id='word_1_341' title='bbox 1801 4406 2060 4480; x_wconf 87' lang='lat' dir='ltr'>promito</span> <span class='ocrx_word' id='word_1_342' title='bbox 2117 4406 2371 4464; x_wconf 87' lang='lat' dir='ltr'>coniecit</span> <span class='ocrx_word' id='word_1_343' title='bbox 2417 4403 2579 4464; x_wconf 89' lang='lat' dir='ltr'>Zahl-</span> 
     </span>
     <span class='ocr_line' id='line_1_39' title="bbox 312 4503 2578 4592; baseline 0.005 -30"><span class='ocrx_word' id='word_1_344' title='bbox 312 4503 531 4569; x_wconf 83' lang='lat' dir='ltr'>feldtius</span> <span class='ocrx_word' id='word_1_345' title='bbox 579 4518 806 4589; x_wconf 88' lang='lat' dir='ltr'>quaest.</span> <span class='ocrx_word' id='word_1_346' title='bbox 845 4511 973 4571; x_wconf 87' lang='lat' dir='ltr'>crit.</span> <span class='ocrx_word' id='word_1_347' title='bbox 1013 4513 1073 4571; x_wconf 91' lang='lat' dir='ltr'>in</span> <span class='ocrx_word' id='word_1_348' title='bbox 1112 4510 1275 4571; x_wconf 90' lang='lat' dir='ltr'>Varr.</span> <span class='ocrx_word' id='word_1_349' title='bbox 1313 4529 1430 4571; x_wconf 91' lang='lat' dir='ltr'>rer.</span> <span class='ocrx_word' id='word_1_350' title='bbox 1469 4518 1617 4571; x_wconf 90' lang='lat' dir='ltr'>rust.</span> <span class='ocrx_word' id='word_1_351' title='bbox 1655 4510 1786 4573; x_wconf 90' lang='lat' dir='ltr'>libr.</span> <span class='ocrx_word' id='word_1_352' title='bbox 1823 4530 1880 4591; x_wconf 90' lang='lat' dir='ltr'>p.</span> <span class='ocrx_word' id='word_1_353' title='bbox 1920 4509 2023 4574; x_wconf 84' lang='lat'>31.</span> <span class='ocrx_word' id='word_1_354' title='bbox 2097 4519 2364 4572; x_wconf 85' lang='lat' dir='ltr'>correcta</span> <span class='ocrx_word' id='word_1_355' title='bbox 2402 4531 2578 4592; x_wconf 87' lang='lat' dir='ltr'>prava</span> 
     </span>
    </p>
   </div>
  </div>
 </body>
</html>
