3178 5185
705 399 959 455 RERVM
1003 400 1472 455 RVSTICARVM
1509 400 1646 456 LIB.
1685 401 1737 453 ΙΙ
1779 398 2017 454 10-11
2403 401 2530 465 259

285 568 592 651 minoribuS,
639 579 703 629 ut
750 576 886 628 sunt
937 577 996 627 et
1043 569 1221 627 Attici
1267 577 1327 627 et
1373 570 1506 628 mei.
1601 571 2026 647 septingenarii
2073 570 2228 627 enim
2279 570 2531 650 meiztii,

281 678 492 755 opinor,
544 677 974 754 octIngenarios
1026 674 1312 755 habuisti,
1371 695 1480 736 nec
1528 684 1723 736 tamen
1774 695 1918 758 non,
1977 684 2042 736 ut
2089 694 2223 756 1108,
2280 678 2529 737 arietum

281 784 553 843 decumam
614 791 859 861 partem.
970 782 1042 841 ad
1111 800 1396 860 equarum
1464 801 1703 862 gregem
1770 785 2338 862 quinquagenarium
2407 783 2531 843 bini

281 890 540 971 homineS,
593 893 799 970 utique
859 897 1111 968 uterque
1161 890 1374 949 horum
1423 898 1490 950 ut
1537 909 1738 950 secum
1789 890 2000 949 habeat
2048 908 2230 969 equas
2279 890 2529 950 domitas

235 996 510 1074 5singulas
558 999 617 1056 in
662 998 755 1057 his
804 996 1174 1076 regionibuS,
1232 999 1291 1056 in
1342 997 1559 1075 quibus
1608 997 1892 1057 stabulari
1940 997 2131 1057 solent
2179 1015 2361 1075 equas
2407 995 2526 1056 abi-

277 1121 424 1182 gere,
466 1112 525 1163 ut
567 1106 625 1163 in
672 1104 882 1183 Apulia
931 1112 990 1164 et
1037 1106 1096 1164 in
1145 1104 1402 1164 Lucania
1451 1105 1665 1164 accidit
1714 1123 1905 1183 saepe.

434 1209 700 1279 Quoniam
760 1214 1050 1290 promissa
1108 1210 1491 1291 absolvimuS,
1549 1214 1769 1292 inquit,
1826 1230 2043 1271 eamus.
2148 1211 2208 1271 Si
2268 1211 2524 1292 quidem,
2562 1210 2642 1270 XI

274 1319 507 1397 inquam,
559 1319 896 1380 adieceritis
953 1318 1024 1378 de
1085 1319 1553 1378 extraordinario
1612 1318 1906 1398 pecudum
1965 1318 2191 1398 fructu,
2247 1328 2314 1379 ut
2359 1314 2524 1398 prae·

274 1423 468 1483 (fictum
512 1433 614 1506 est,
662 1426 735 1486 de
782 1425 934 1486 lacte
984 1428 1042 1485 in
1092 1445 1159 1486 eo
1209 1435 1266 1485 et
1314 1434 1558 1486 tonsura
1608 1425 1771 1485 lanae
1802 1444 1837 1483 *
1865 1433 1956 1485 est
2004 1428 2268 1486 omnium
2306 1444 2525 1505 rerum,

213 1543 252 1580 10
275 1549 401 1607 quas
440 1532 545 1591 cibi
580 1511 756 1593 causa
796 1535 1080 1612 capimuS,
1127 1533 1479 1612 liquentium
1521 1536 1770 1592 maxime
1809 1532 2021 1611 alibile,
2071 1540 2128 1592 et
2166 1532 2226 1591 id
2266 1530 2523 1608 ovillum,

275 1636 348 1712 [in
410 1640 743 1717 caprinum}
848 1641 1003 1719 quod
1071 1649 1265 1700 autem
1334 1643 1583 1700 maxime
1650 1650 1999 1719 perpurget,
2066 1647 2157 1699 est
2221 1640 2522 1718 equinum,

275 1751 381 1803 tum
431 1748 736 1825 asininum,
792 1747 929 1807 dein
986 1747 1300 1829 bubulum,
1357 1756 1483 1807 tum
1540 1749 1865 1825 caprinum.
1958 1746 2060 1806 sed
2113 1744 2326 1805 horum
2376 1749 2572 1805 sunt2

271 1849 575 1912 discrimina
629 1855 918 1933 quaedam
976 1862 1034 1914 et
1089 1873 1121 1914 a
1177 1854 1548 1932 pastionibus
1597 1864 1656 1914 et
1704 1873 1732 1912 a
1783 1853 2079 1931 pecudum
2128 1859 2334 1911 natura
2385 1860 2443 1911 et
2490 1870 2520 1911 a

272 1966 438 2018 motu:
497 1979 523 2019 a
588 1960 982 2041 paslionibuS,
1050 1961 1205 2039 quod
1271 1963 1333 2020 fit
1388 1962 1460 2020 ab
1516 1961 1740 2020 hordeo
1799 1968 1858 2019 et
1915 1959 2106 2038 stupla
2164 1967 2224 2017 et
2280 1960 2520 2018 omnino

209 2074 246 2110 15
269 2064 411 2124 arido
464 2074 516 2126 et
568 2069 735 2128 firmo
785 2067 919 2128 cibo
968 2069 1195 2146 pecude
1241 2078 1434 2149 pasta3
1491 2068 1561 2128 ad
1610 2067 2093 2146 perpurgandum
2142 2085 2234 2147 ea,
2291 2084 2441 2144 quae
2489 2084 2521 2124 a

391 2278 414 2325 1
449 2277 508 2328 ut
541 2278 667 2329 sunt
704 2276 764 2329 eb
800 2273 883 2329 ait
918 2272 1018 2329 tici
1053 2276 1112 2330 et
1135 2275 1250 2330 mel
1279 2276 1678 2345 septingenasii
1706 2276 1853 2329 enim
1883 2293 1971 2329 me
1999 2276 2063 2328 tu
2091 2273 2289 2344 opinor
2317 2272 2429 2325 PB
2459 2273 2521 2325 nt

269 2365 378 2415 sunt
404 2367 456 2417 et
481 2366 563 2417 att
590 2364 688 2418 tici
717 2364 776 2419 et
804 2363 915 2418 mel
944 2365 1320 2434 septingenari
1343 2365 1491 2419 enim
1520 2382 1610 2419 me
1639 2367 1703 2418 tu
1732 2364 1931 2434 opinor
1949 2363 2004 2417 A
2032 2364 2097 2416 ut
2122 2364 2252 2415 sunt
2277 2364 2336 2415 et
2355 2360 2519 2415 attici

269 2451 316 2501 et
346 2454 499 2506 semel
534 2446 970 2523 septigenarium
1008 2454 1158 2508 enim
1194 2455 1348 2508 mebu
1387 2453 1586 2524 opinor
1615 2472 1667 2508 m
1704 2457 1767 2508 ut
1794 2455 1925 2508 suni:
1950 2451 2132 2506 -Attici
2160 2449 2517 2505 Ttremellius

270 2538 626 2611 septingenarii
664 2544 816 2598 enim
854 2544 964 2598 mei
1000 2544 1065 2597 ub
1102 2540 1299 2613 opinor
1334 2543 1399 2596 bu
1433 2559 1467 2597 v
1488 2584 1500 2597 .
1527 2541 1626 2596 ‘Vt
1662 2543 1791 2596 sunt
1819 2542 2010 2610 Attici,
2050 2545 2108 2596 et
2144 2539 2274 2607 mei,
2312 2537 2517 2609 septin-

266 2629 451 2694 genarii
494 2631 635 2685 enim
683 2633 821 2700 mei,
868 2631 954 2686 tui
991 2631 1213 2701 opinor,
1261 2634 1366 2687 etc.
1441 2633 1676 2686 Auxilio
1714 2634 2065 2701 antiquorum
2102 2632 2371 2696 codicum,
2419 2630 2517 2683 ad-

266 2717 412 2773 hibita
438 2723 674 2788 paruula
711 2722 1014 2787 industria,
1053 2722 1226 2774 locum
1261 2721 1397 2788 (nisi
1423 2721 1610 2788 fallor)
1638 2722 1884 2789 puryaui
1912 2738 1924 2770 ε
1954 2726 2118 2775 autea
2155 2720 2296 2773 enim
2332 2735 2516 2772 macu-

267 2806 385 2862 losus
423 2816 530 2865 erat
577 2841 641 2849 —-
698 2810 768 2863 Vt
817 2816 1000 2864 tamen
1044 2809 1279 2863 studiosi
1313 2813 1450 2862 recte
1485 2810 1551 2862 de
1585 2809 1685 2862 hoc
1721 2809 1971 2862 iudicare
2000 2810 2242 2876 possint,
2288 2814 2517 2861 ueterem

267 2895 500 2954 lectionem
543 2917 664 2955 cum
711 2901 817 2966 fide
855 2900 1131 2967 adponam
1149 2919 1168 2951 .·
1205 2897 1284 2951 Vt
1319 2899 1447 2950 sunt
1484 2899 1541 2950 et
1578 2897 1662 2950 ait
1697 2897 1825 2964 tici,
1873 2898 1931 2950 et
1965 2897 2094 2951 mel.
2134 2896 2513 2964 septing-enati

265 2985 386 3040 enim
403 3007 481 3044 me
499 2991 559 3042 tu
579 2988 794 3058 opinor,
817 2987 946 3042 etc!
984 2986 1255 3040 Victorius
1345 2991 1376 3038 2
1408 2984 1821 3055 octingenarios
1840 3003 1871 3039 v
1892 2985 2308 3055 octingenarius
2332 2986 2446 3037 PA
2459 2985 2513 3037 Β

350 3100 377 3147 3
411 3096 691 3151 decumam
732 3094 919 3149 PAB
957 3092 1233 3147 decimam
1269 3110 1301 3146 v
1413 3058 1712 3162 a‘iquarum
1753 3093 1805 3146 A
1916 3091 2432 3161 quinquagenarum
2461 3091 2515 3145 A

380 3191 407 3237 6
438 3184 668 3240 lucaniis
706 3185 826 3238 AB
863 3182 1077 3238 lucanis
1134 3182 1236 3236 Vm

379 3279 404 3326 7
455 3273 725 3339 Quoniam
781 3271 1079 3342 promissa]
1130 3272 1212 3324 De
1269 3271 1418 3326 laete
1463 3273 1525 3325 iu
1571 3273 1818 3340 maryirie
1860 3272 2088 3325 rubrica
2132 3271 2188 3325 A
2330 3270 2515 3339 inquit

263 3373 418 3415 eamus
453 3365 505 3417 Β
538 3362 735 3431 inquid
765 3379 794 3415 e
827 3364 836 3432 Ι
867 3379 988 3415 mus
1015 3361 1073 3416 A
1100 3377 1291 3415 eamus
1319 3359 1506 3429 inquit
1540 3361 1595 3415 V
1677 3366 1708 3413 8
1748 3361 1932 3414 fructu
1961 3362 2024 3414 ui,
2050 3359 2397 3430 praedictum
2427 3363 2514 3415 est

268 3444 499 3507 Victorius
532 3454 719 3507 fructu
754 3451 1105 3521 praedictum
1144 3452 1232 3504 esi:
1267 3449 1443 3503 VAB
1536 3455 1566 3501 9
1606 3451 1835 3517 fortasse
1872 3449 1941 3502 de
1977 3450 2126 3503 lacte
2156 3452 2215 3503 et
2242 3467 2403 3504 caseo

264 3536 453 3595 tonsura.
469 3542 625 3597 lanae
647 3544 735 3596 est
753 3541 1001 3596 omnium
1020 3541 1135 3594 PA
1149 3540 1203 3593 Β
1221 3542 1451 3592 tonsura
1469 3536 1648 3595 lanae.
1689 3540 1775 3592 esi:
1793 3538 1940 3592 enim
1957 3539 2048 3592 lae
2068 3538 2318 3593 omnium
2337 3557 2368 3593 v
2445 3546 2511 3595 10

264 3623 354 3680 cibi
376 3630 650 3685 Iucundus
687 3628 844 3699 cibilj
875 3630 931 3684 A
969 3628 1122 3684 cibili
1153 3629 1269 3681 PB
1303 3626 1410 3681 tibi
1446 3645 1500 3680 m
1535 3627 1708 3681 cibali
1743 3645 1791 3682 v.
1833 3629 1936 3680 ‘Iu
1972 3631 2336 3683 uetustissimo
2372 3631 2511 3684 libro

268 3711 415 3785 Cibili,
449 3722 707 3788 scriptum
745 3725 846 3785 est,
883 3724 933 3773 et
967 3720 1032 3772 in
1068 3719 1199 3772 aliis
1234 3719 1358 3772 item
1404 3717 1709 3770 nonnullis’
1762 3717 2038 3771 Victorius
2181 3718 2415 3771 ouiilum
2452 3718 2509 3770 in

266 3806 505 3870 caprinum
533 3810 716 3863 PAB
753 3809 963 3863 ouilum
999 3807 1128 3860 inde
1167 3807 1452 3876 caprinum
1482 3823 1515 3859 v
1629 3812 1692 3858 12
1732 3805 1861 3859 dein
1898 3805 2169 3859 bubulum
2197 3807 2308 3859 PA
2347 3806 2508 3860 deinc

265 3887 489 3950 bubulum
518 3901 573 3952 Β
610 3898 811 3952 deinde
845 3897 1121 3952 bubulum
1148 3913 1179 3949 v
1292 3901 1356 3948 13
1395 3898 1451 3948 et
1479 3912 1514 3948 a.
1541 3895 1817 3964 pecudum
1849 3926 1912 3934 --
1943 3893 2294 3963 pastionibus
2323 3912 2422 3950 om.
2453 3897 2508 3948 A

349 3989 395 4040 et
427 4004 458 4040 a.
482 3991 637 4042 motu
669 3987 788 4041 PB
814 3989 871 4041 eb
897 3986 1112 4040 mulctu
1138 4002 1187 4039 v.
1233 3985 1463 4052 fortasse
1490 3985 1548 4038 et
1575 3985 1647 4038 ab
1678 3986 1804 4039 ortu
1915 3990 1981 4036 14
2018 3984 2188 4038 ordeo
2227 3983 2399 4037 VAB

267 4069 414 4141 stapla
439 4077 611 4131 PAB
650 4076 863 4146 stipula.
898 4092 990 4129 mv
1104 4079 1169 4127 15
1205 4075 1373 4142 pasta.
1406 4072 1466 4126 id
1505 4072 1695 4127 alibile
1732 4074 2024 4128 Iucwndus
2134 4073 2242 4125 ‘Ad
2278 4089 2503 4142 perpur-

266 4162 467 4224 gaudum
501 4168 573 4233 id,
613 4166 762 4235 quod
801 4181 836 4217 a.
870 4163 1056 4232 uiridi,
1095 4165 1200 4218 etc.
1259 4161 1717 4231 Corruptissimus
1754 4164 1841 4216 hic
1878 4164 2026 4218 locus
2063 4169 2139 4217 est
2166 4165 2228 4217 i‘n
2256 4165 2507 4218 omuibus

268 4253 467 4322 antiquis
518 4257 810 4311 codicibus.
892 4255 1183 4325 Receptam
1238 4253 1413 4321 iyitur
1468 4253 1745 4305 lectionem
1798 4254 2007 4306 retinui
2032 4275 2050 4306 .·
2078 4269 2227 4306 nunc
2279 4258 2506 4308 ueterem

267 4341 571 4413 scripturam,
611 4363 734 4400 eum
770 4346 1027 4399 maiorem
1065 4344 1277 4396 ‘nullam
1314 4358 1464 4410 opem
1499 4342 1760 4395 studiosis
1798 4342 2012 4407 adferre
2057 4357 2274 4410 queam,
2319 4349 2505 4397 uotam

269 4426 449 4501 faciam,
475 4441 521 4488 et
546 4452 664 4490 eam
691 4435 859 4489 totius
878 4433 1176 4502 perioches,
1204 4449 1271 4485 ‘ne
1297 4433 1495 4485 iterum
1513 4431 1697 4484 eadem
1714 4431 1998 4498 repetendo
2017 4430 2233 4497 frustra
2252 4432 2504 4500 laborem,

271 4522 344 4569 aut
372 4538 465 4590 eos,
499 4527 592 4593 qui
627 4526 757 4579 haec
794 4525 984 4594 legerit,
1021 4522 1197 4589 mayis
1223 4520 1568 4589 perturbem:
1609 4520 1697 4572 Ad
1731 4521 2183 4589 pei-purgandum
2221 4536 2309 4590 ea,
2360 4538 2502 4589 quae
