3178 5185
890 416 1150 471 RERVM
1187 414 1667 470 RVSTICARVM
1705 416 1839 470 LIB.
1879 417 1930 469 11
1970 414 2009 469 4
2465 404 2593 471 163

310 562 523 647 μένων
583 562 698 629 διὰ
754 561 827 630 τὸ
874 561 991 643 τὰς
1045 561 1261 649 θηλὰς
1317 564 1759 644 σπανιζούσας
1813 564 2135 648 γάλακτος
2196 568 2310 652 βίᾳ
2365 569 2620 655 θλιβοῂ

308 669 501 754 μένας
561 665 694 735 ὑπὸ
744 673 879 737 τῶν
936 667 1238 739 ὀδόντων
1305 671 1687 738 ἑλκοῦσθαι.
1779 671 2049 737 ἐπειδὰν
2109 668 2183 737 δὲ
2247 667 2407 756 μετὰ
2471 667 2592 758 τὴν

309 776 641 861 σύλληψιν
687 778 999 861 τέκωσιν,
1046 776 1360 856 ἐάσαντες
1405 780 1612 843 ταῦτα
1656 774 1816 862 μετὰ
1862 786 1998 843 τῶν
2046 777 2349 864 μητέρων
2407 780 2594 864 δίμη-

308 909 451 967 νον,
490 880 656 968 μετὰ
694 885 901 950 ταῦτα
938 888 1351 969 χωρίζουσιν.
1426 889 1609 949 Varro
1647 907 1863 968 porcos
1901 891 2029 967 ipso
2069 890 2329 951 secundo
2370 910 2593 971 mense,

307 1013 439 1055 cum
484 996 603 1054 iam
650 996 813 1073 pasci
860 1002 1138 1075 possunt,
1186 1013 1215 1055 a
1266 994 1555 1055 matribus
1604 997 1837 1055 secerni
1892 994 2053 1056 dicit.
2143 998 2341 1076 itaque
2399 997 2593 1057 deleto

312 1104 661 1180 pronomine
700 1120 775 1162 ea
823 1103 1036 1180 scripsi
1081 1105 1366 1177 secunda,
1405 1119 1542 1163 cum
1583 1106 1704 1162 iam
1735 1106 1917 1179 pasci
1945 1110 2212 1178 possunt,
2249 1111 2594 1165 secernunt.

307 1227 438 1269 nam
485 1212 822 1270 secundum
860 1226 934 1269 ea
982 1226 1090 1286 pro
1130 1216 1343 1286 postea
1383 1209 1626 1290 dictum,
1666 1209 1820 1288 quod
1863 1208 2266 1270 Schneiderus
2303 1209 2590 1290 probavit,

304 1314 550 1375 latinum
600 1334 717 1375 non
768 1325 874 1375 est.

481 1422 681 1493 Quod
732 1430 995 1482 matres
1044 1434 1529 1502 aspernantur
1569 1432 1868 1502 propter
1906 1425 2415 1502 exsiguitatem
2454 1423 2590 1484 lac-

302 1532 394 1590 tis
440 1529 628 1608 quod
693 1528 1035 1590 dentibus
1091 1533 1512 1591 sauciantur
1569 1508 1955 1610 propter-ea
2013 1530 2367 1608 mammae]
2425 1533 2602 1604 Quod

305 1645 532 1698 matres
598 1654 697 1698 eos
764 1644 1178 1713 aspernantur
1238 1636 1568 1714 Pontedera
1635 1656 1690 1716 p.
1729 1633 1878 1697 426.
1970 1643 2031 1698 et
2091 1641 2256 1712 quod
2319 1641 2598 1699 dentibus

305 1747 671 1805 sauciantur
718 1743 1050 1825 Iucundus,
1112 1745 1268 1823 quod
1315 1744 1615 1806 Victorius
1672 1752 1731 1804 et
1791 1743 2004 1805 deinde
2062 1744 2279 1824 reliqui
2334 1745 2594 1806 editores

304 1860 682 1930 receperunt.
769 1853 1122 1912 sententiam
1191 1850 1507 1911 verborum
1574 1853 1852 1931 aperiunt
1917 1870 1985 1912 ea
2046 1869 2196 1931 quae
2268 1871 2451 1935 ⁴supra
2524 1872 2597 1915 ex

307 1960 651 2038 geoponicis
691 1957 987 2037 adscripta
1026 1967 1184 2019 sunt.
1259 1966 1478 2019 matres
1526 1960 1683 2020 enim
1722 1966 2117 2037 aspernantur
2163 1977 2378 2038 porcos
2420 1978 2596 2039 prop-

303 2073 484 2145 terea,
525 2065 686 2144 quod
735 2064 805 2125 ab
854 2065 968 2125 illis
1016 2073 1261 2145 propter
1299 2067 1681 2145 exiguitatem
1717 2064 1888 2126 lactis
1925 2083 2214 2127 mammae
2253 2068 2599 2127 sauciantur

300 2171 596 2234 dentibus,

485 2279 739 2339 Scrofa
786 2281 856 2339 in
905 2298 1029 2340 sua
1079 2299 1401 2360 quaeque
1459 2280 1631 2341 hora
1689 2299 1855 2342 suos
1901 2279 2043 2341 alat
2090 2289 2380 2359 oportet
2436 2299 2597 2360 por-

309 2406 429 2447 cos
478 2405 612 2466 quo
662 2385 936 2446 alienos
984 2395 1466 2467 aspernantur
1513 2397 1582 2448 et
1629 2387 1788 2448 ideo
1847 2390 1907 2447 si
1954 2387 2373 2448 conturbati
2431 2396 2601 2448 sunt

312 2496 383 2554 in
431 2494 671 2554 fetura
718 2494 803 2554 fit
851 2486 1196 2576 deterius]
1239 2493 1464 2570 Scrofa
1510 2493 1650 2554 libri
1698 2476 2120 2573 manuscripti
2159 2501 2219 2554 et
2255 2492 2598 2576 PolitianuS,

311 2620 426 2662 non
474 2601 743 2676 scrofas,
790 2610 857 2662 ut
914 2602 1067 2681 apud
1116 2601 1448 2662 Gesnerum
1504 2604 1794 2680 scriptum
1852 2611 1960 2663 est.
2051 2604 2212 2662 hara
2268 2610 2330 2662 et
2385 2603 2596 2663 deinde

312 2728 470 2784 quae
534 2711 764 2769 alienos
828 2718 1199 2786 aspernatur
1263 2708 1514 2790 Merula,
1575 2713 1860 2784 quoniam
1928 2712 2159 2770 alienos
2224 2716 2594 2787 aspernatur

309 2815 641 2896 Iucundus,
697 2834 814 2891 quo
870 2819 1099 2878 alienos
1156 2824 1527 2894 aspernatur
1582 2816 1891 2897 Angelius,
1938 2834 2055 2891 quo
2112 2819 2341 2876 alienos
2388 2834 2598 2893 asper-

315 2931 545 2985 nantur
593 2941 667 2983 ex
715 2924 918 2985 codice
965 2923 1289 3005 VictoriuS,
1336 2942 1453 2999 quo
1504 2927 1733 2985 alienos
1776 2931 2070 3001 spernant
2118 2921 2397 3002 Scaliger,
2444 2921 2601 3001 quod

310 3033 386 3092 ita
425 3034 854 3111 interpretatus
894 3040 1001 3114 est,
1040 3027 1132 3092 ‘id
1172 3038 1265 3091 est
1302 3038 1604 3111 separent:
1658 3049 1943 3111 spernere
1984 3031 2142 3090 enim
2181 3028 2335 3107 apud
2366 3036 2597 3089 veteres

310 3158 612 3222 separare,
673 3158 1015 3221 secernere,
1071 3158 1367 3219 spargere.
1462 3138 1584 3199 vult
1641 3140 1824 3217 igitur
1881 3121 2140 3218 singulas
2196 3136 2419 3196 scrofas
2478 3138 2603 3196 suis

309 3245 465 3308 haris
522 3249 814 3328 separari,
869 3258 936 3307 ut
991 3264 1065 3307 ne
1123 3246 1296 3326 alieni
1356 3244 1586 3324 porculi
1643 3240 2140 3305 immisceantur'.
2232 3260 2348 3318 quo
2417 3246 2606 3304 alieni

317 3361 689 3431 spernantur
719 3352 1044 3414 Pontedera
1073 3373 1128 3432 p.
1148 3350 1297 3414 426.
1349 3356 1495 3428 quia
1534 3356 1763 3414 alienos
1800 3370 1919 3413 non
1957 3357 2329 3429 aspernatur
2358 3350 2600 3411 Schnei-

316 3461 519 3522 derus:
568 3478 704 3521 nam
751 3463 832 3521 ita
879 3460 1087 3542 voluit,
1135 3468 1549 3537 aspernantur
1596 3462 1725 3539 ipso
1783 3462 1966 3520 invito
2012 3461 2074 3519 in
2122 3459 2380 3519 editione
2428 3458 2595 3520 relic-

317 3577 435 3629 tum
483 3577 593 3629 est.
668 3571 834 3643 quoa
876 3572 1105 3629 alienos
1151 3585 1272 3628 non
1309 3576 1726 3645 aspernantur
1765 3566 2037 3628 Reiterus
2086 3574 2312 3646 quaest.
2352 3565 2598 3627 Varron.

313 3693 551 3753 gramm.
607 3694 664 3754 p.
708 3673 852 3738 103.
944 3676 1169 3736 scrofas
1237 3694 1355 3736 non
1412 3677 1719 3754 aspernari
1775 3674 1995 3735 alienos
2051 3692 2292 3754 porcoS,
2340 3676 2454 3734 nisi
2516 3673 2600 3734 illi

312 3789 675 3862 separentur,
723 3782 938 3843 docent
982 3785 1306 3863 geoponica
1354 3781 1488 3841 XIX
1527 3779 1587 3863 6,
1630 3780 1705 3843 11
1756 3776 1864 3843 καὶ
1913 3772 2193 3859 ἑκάστην
2243 3774 2318 3841 δὲ
2363 3788 2596 3861 χοῖρον

312 3889 663 3951 τίκτουσαν
708 3883 783 3949 ἐν
827 3882 1145 3963 ἰδιάζοντι
1185 3886 1411 3974 συφεῷ
1452 3882 1836 3968 ἐμβλητέον,
1877 3877 2043 3950 ὥστε
2070 3949 2075 3954 ,
2088 3881 2178 3967 μὴ
2227 3886 2597 3967 μίγνυσθαι

312 3988 617 4077 ἀλλήλοις
662 3987 742 4057 τὰ
789 3988 965 4078 παρὰ
1017 3990 1367 4078 διαφόρων
1411 3989 1765 4076 τικτόμενα
1830 3988 1997 4077 πρός
2041 4015 2111 4056 τε
2155 3986 2273 4067 τὰς
2318 3989 2601 4077 μητέρας

311 4097 425 4184 τὴν
470 4096 687 4185 γονὴν
733 4097 842 4164 καὶ
889 4096 968 4163 τὰ
1017 4102 1308 4185 χοιρίδια
1355 4102 1831 4178 συνεθίζεσθαι
1876 4110 2023 4176 ταῖς
2057 4096 2415 4175 τεκούσαις.
2477 4094 2597 4165 ἐὰν

309 4202 426 4293 γὰρ
492 4201 809 4291 ἀλλήλοις
872 4215 1321 4293 συναναμιγῇ,
1388 4201 1730 4273 άδύνατον
1797 4205 2167 4289 διαγνῶναι
2252 4200 2418 4270 αὐτοὶ
2485 4203 2620 4283 τὰς

316 4311 644 4391 τεκούσας.
691 4313 952 4397 βέλτιον
1001 4312 1095 4397 δέ,
1136 4316 1197 4378 εἰ
1242 4311 1476 4397 ἑκάστη
1523 4313 1732 4400 τρέφῃ
1768 4310 1847 4379 τὰ
1889 4313 2046 4377 ἴδια.
2121 4315 2393 4376 similiter
2432 4316 2602 4378 Colu-

319 4426 482 4485 mella
530 4423 632 4485 VII
671 4421 732 4504 9,
764 4423 840 4487 11
885 4424 1181 4502 facillime
1228 4429 1433 4502 porci,
1479 4428 1535 4485 si
1580 4428 1884 4487 evaserint
1928 4425 2182 4497 haram,
2229 4426 2483 4485 miscent
2539 4444 2605 4486 se

319 4539 375 4592 et
423 4530 663 4612 scrofa,
722 4549 858 4592 eum
915 4533 1230 4606 decubuit,
1278 4549 1470 4607 aeque
1535 4535 1732 4592 alieno
1788 4549 1865 4592 ae
1917 4548 2026 4591 suo
2079 4531 2339 4608 praebet
2389 4534 2599 4593 ubera.

2076 4631 2184 4685 11*
