3178 5185
820 426 1081 482 RERVM
1118 426 1595 485 RVSTICARVM
1631 428 1766 485 LIB.
1803 426 1883 483 111
1923 427 1958 485 8
1984 427 2091 484 u9
2473 422 2602 489 259

326 582 719 661 gignuntur
776 587 896 664 qui
952 584 1031 647 ad
1091 586 1436 647 farturam
1495 580 1862 664 melidres]
1919 586 2084 647 Tunc
2140 590 2402 665 optimae
2448 589 2603 651 edita

324 689 457 750 inde
506 708 538 750 a
585 693 854 772 principe
903 693 1160 753 editione
1209 693 1591 774 exemplaria,
1637 700 1783 755 tunc
1829 697 2064 771 opimae
2111 694 2411 757 Gesnerus
2467 715 2602 759 con-

321 798 476 857 iecit.
570 805 715 860 tune
761 803 1023 876 optimae
1066 807 1231 876 sunt,
1279 808 1425 862 tuno
1474 804 1633 879 pulli
1678 804 1934 878 plurimi
1972 805 2314 876 qiqnuntur
2362 803 2604 865 Schnei-

322 903 502 966 derus
550 924 621 965 ex
669 908 1011 968 coniectura
1056 907 1422 969 Pontederae
1477 927 1534 987 p.
1571 903 1722 970 452.
1813 917 2082 970 turtures
2129 911 2286 971 circa
2332 930 2604 992 messem,

321 1021 446 1072 tum
496 1031 631 1074 cum
677 1014 917 1094 plurimi
963 1015 1111 1095 pulli
1157 1018 1502 1096 gignuntur,
1549 1018 1760 1096 optimi
1807 1024 1963 1077 sunt.
2055 1016 2202 1095 pulli
2248 1027 2462 1102 autem,
2502 1022 2606 1100 qui

319 1126 445 1180 tum
494 1123 617 1181 nati
664 1130 820 1204 sunt,
869 1123 937 1182 ad
986 1123 1270 1183 farturam
1317 1123 1594 1195 meliores
1633 1132 1772 1184 sunt
1810 1142 1987 1203 quam
2025 1133 2260 1186 matres,
2335 1127 2604 1188 similiter

319 1226 390 1287 de
446 1229 782 1308 saginandis
840 1229 1176 1291 turturibus
1234 1229 1442 1291 scribit
1496 1229 1817 1292 Columella
1863 1229 1994 1290 VIII
2030 1228 2091 1314 9,
2128 1229 2170 1293 2
2232 1240 2460 1295 aestate
2514 1239 2612 1296 vel

317 1353 431 1395 sua
477 1343 711 1417 sponte,
758 1339 1075 1398 dummodo
1133 1341 1212 1398 sit
1258 1336 1531 1414 facultas
1586 1340 1735 1414 eibi,
1785 1341 2155 1416 pinquescit,
2220 1339 2298 1400 ib.
2336 1337 2381 1402 4
2425 1344 2606 1403 huius

320 1445 448 1503 avis
495 1449 666 1504 aetas
721 1447 808 1505 ad
857 1448 1137 1519 saqinam
1182 1463 1301 1506 non
1348 1454 1471 1506 tam
1517 1452 1685 1507 vetus
1733 1430 1831 1506 est'
1867 1448 2087 1507 idonea
2125 1464 2305 1522 quam
2352 1453 2604 1511 nouella.

318 1553 525 1626 itaque
570 1553 746 1612 cirea
791 1570 1054 1627 messem,
1102 1570 1238 1613 eum
1286 1555 1407 1613 iam
1454 1556 1819 1627 confirmata
1867 1560 1955 1614 est
1992 1557 2286 1635 pullities,
2334 1559 2599 1631 eliqitur..

491 1664 569 1717 IX
614 1655 647 1719 1
696 1657 915 1720 Axius
962 1678 1088 1739 ego
1138 1678 1315 1739 quae
1352 1662 1654 1740 requiro
1693 1679 2028 1721 sarsurae
2067 1679 2360 1722 assurae
2399 1682 2605 1724 mem-

314 1763 436 1825 bra
496 1765 577 1826 de
633 1765 989 1846 palumbis
1044 1765 1335 1845 gallinis
1392 1765 1539 1845 dic]
1589 1770 1804 1829 Axius.
1896 1786 2126 1843 eqoque
2180 1772 2429 1845 requiro
2468 1768 2604 1849 far-

316 1883 494 1934 turae
541 1891 581 1934 a
626 1892 778 1934 sura
824 1876 1094 1935 membra
1143 1877 1218 1935 de
1255 1876 1575 1952 palumbis.
1654 1878 1730 1936 de
1771 1879 2020 1950 qallinis
2066 1879 2168 1937 die
2215 1877 2396 1940 editio
2443 1881 2605 1958 prin·

315 1998 473 2062 cepS,
522 1981 733 2042 Axius,
826 1998 936 2056 eqo
983 1984 1103 2042 duo
1149 1984 1399 2056 requiro
1450 1981 1749 2058 farsurae
1803 1984 2089 2044 membra.
2181 1987 2257 2046 de
2301 1989 2605 2062 palumbis

317 2107 391 2148 ae
442 2090 692 2165 qallinis
750 2091 851 2148 die
899 2087 1174 2171 Ursinus,
1230 2090 1440 2150 Axius.
1535 2091 1664 2168 eho,
1719 2108 1878 2165 quae
1932 2094 2182 2167 requiro
2230 2109 2270 2152 a
2309 2091 2604 2168 farctura

317 2198 602 2269 assanda,
640 2197 909 2256 membra
947 2198 1023 2256 de
1052 2198 1356 2272 palumbis
1394 2203 1453 2257 et
1484 2199 1734 2271 qallim‘s
1773 2200 1874 2258 die
1910 2196 2211 2277 AngeliuS.
2262 2208 2602 2281 corruptam

318 2303 624 2383 archetypi
670 2304 1025 2382 scripturam
1076 2302 1369 2364 Victorius
1418 2286 1749 2386 espressit,
1787 2304 1889 2365 sed
1947 2323 2019 2365 ex
2064 2304 2272 2366 Aldina
2329 2307 2604 2389 editione,

264 2479 270 2486 ,
317 2412 378 2470 in
426 2429 601 2490 quam
648 2411 936 2490 principis
984 2410 1260 2471 editionis
1317 2410 1495 2471 lectio
1542 2420 1783 2490 recepta
1841 2419 1993 2494 erat,
2048 2416 2124 2474 de
2172 2417 2474 2491 palumbis
2530 2420 2606 2478 de

313 2521 561 2592 qallinis
607 2520 873 2579 retinuit.
952 2517 1246 2595 farturae
1292 2537 1549 2580 assurae
1597 2519 1898 2581 Gesnerus
1946 2521 2214 2582 coniecit.
2291 2540 2399 2598 eqo
2448 2542 2606 2599 quae

316 2629 566 2702 requiro
624 2625 925 2702 farsurae
987 2629 1255 2688 membra
1311 2631 1387 2689 de
1434 2630 1739 2705 palumbis
1794 2636 1854 2689 et
1901 2632 2150 2704 qallinis
2207 2632 2307 2691 dic
2364 2629 2604 2692 Schnei-

317 2732 513 2795 deruS.
588 2753 884 2796 sarsurae
921 2754 953 2796 a
992 2736 1302 2796 sarciendo
1341 2735 1566 2796 dictum
1613 2735 1876 2815 intellegi
1923 2739 2148 2815 nequit.
2223 2756 2254 2797 a
2302 2737 2602 2799 farciendo

318 2850 515 2902 autem
562 2842 792 2903 farsura
841 2861 959 2903 non
1005 2845 1203 2904 minus
1259 2851 1424 2903 recte
1473 2843 1693 2903 dicitur
1750 2862 1924 2922 quam
1982 2845 2222 2906 sartura.
2316 2844 2418 2905 sed
2465 2846 2601 2906 Var—

316 2967 523 3010 ronem
581 2968 648 3010 ea
705 2952 960 3011 nominis
1015 2950 1201 3010 forma
1257 2969 1431 3012 usum
1489 2967 1621 3011 esse
1685 2957 1745 3010 et
1800 2950 1869 3011 ad
1925 2950 2102 3011 huius
2158 2950 2603 3014 similitudinem

319 3058 539 3118 sactum
589 3077 803 3120 novum
853 3057 1202 3119 vocabulum
1251 3077 1548 3133 assuram,
1598 3057 1755 3137 quod
1804 3057 1876 3117 de
1924 3059 2073 3118 assis
2122 3058 2399 3120 carnibus
2447 3059 2603 3121 dice-

314 3173 500 3246 retur,
538 3164 833 3226 addidisse
871 3164 1174 3246 probabile
1215 3183 1332 3225 non
1381 3173 1487 3226 est.
1562 3174 1871 3244 praeterea
1909 3166 2131 3227 fartura
2170 3165 2602 3249 palumborum,

315 3291 490 3351 quam
549 3282 684 3352 post
738 3273 979 3353 gallinas
1028 3273 1169 3333 Cato
1218 3292 1269 3334 c.
1310 3270 1396 3334 90
1442 3281 1502 3333 et
1549 3272 1869 3334 Columella
1915 3272 2044 3333 VIII
2084 3272 2121 3335 8
2180 3281 2603 3357 tractaverunt,

313 3398 343 3439 a
389 3358 656 3441 Varrone
703 3380 999 3460 descripta
1046 3399 1163 3441 non
1211 3389 1328 3462 est,
1376 3381 1479 3441 sed
1536 3381 1741 3459 paucis
1790 3380 1987 3442 verbis
2036 3391 2491 3443 commemorata
2540 3384 2601 3442 in

312 3488 427 3549 fine
475 3487 656 3549 huius
713 3490 940 3569 capitis
1033 3506 1216 3568 quare
1265 3506 1401 3549 vera
1450 3507 1581 3548 esse
1640 3496 1784 3568 puto
1832 3489 1977 3549 haec
2026 3489 2174 3572 sola,
2222 3491 2443 3567 Αἰκείας,
2491 3509 2602 3565 eqo

313 3613 470 3671 quae
525 3599 775 3672 requiro
825 3595 1117 3672 farturae
1161 3598 1452 3671 membra,
1501 3599 1576 3657 de
1626 3599 1875 3671 qallinis
1922 3599 2050 3677 die,
2097 3595 2187 3656 vel
2243 3607 2405 3658 certe
2454 3599 2599 3658 scri-

311 3701 573 3766 bendum
621 3707 695 3765 de
736 3706 985 3779 qallinis
1030 3710 1091 3765 et
1126 3706 1429 3781 palumbis
1476 3706 1594 3764 dic.
1681 3722 1813 3763 nam
1862 3703 1970 3764 hae
2019 3702 2176 3764 solae
2224 3723 2360 3765 aves
2409 3723 2481 3764 ex
2528 3706 2602 3766 iis

312 3831 462 3893 quae
520 3819 682 3873 terra
736 3812 909 3872 modo
967 3819 1278 3873 contentae
1345 3819 1484 3871 sunt
1539 3804 1650 3894 (ΙΙΙ
1689 3809 1748 3893 3,
1786 3804 1858 3894 3)
1924 3819 2177 3893 restant,
2242 3812 2313 3872 de
2381 3811 2601 3891 quibus

311 3928 535 3999 agatur.
613 3936 711 3980 eas
756 3920 939 3999 igitur
983 3927 1182 3999 partes
1230 3920 1507 4002 sarturae,
1554 3937 1704 3998 quae
1753 3918 1821 3979 ad
1872 3918 1977 3980 has
2023 3920 2352 3999 pertinent,
2394 3938 2458 3980 se
2507 3939 2599 3980 re-

315 4031 552 4108 quirere
602 4028 745 4089 dicit
790 4028 990 4089 AxiuS.
1055 4045 1058 4048 “
1320 4006 1323 4009 ’

489 4134 899 4197 Baeiocinari
925 4153 1060 4196 cum
1088 4134 1377 4196 Politiano
1405 4133 1543 4196 libri
1583 4153 1758 4195 manu
1789 4136 1997 4213 scripti
2027 4152 2236 4194 omnes
2264 4142 2502 4213 praeter
2533 4134 2598 4215 A,

311 4246 615 4306 racimari
656 4244 722 4324 A,
770 4241 928 4322 quod
976 4260 1047 4302 ex
1094 4242 1297 4302 codice
1344 4242 1643 4303 Victorius
1691 4240 2006 4321 adnotavit,
2053 4243 2428 4301 ratiocinari
2473 4240 2594 4300 edi-

314 4352 503 4411 tiones
550 4359 686 4411 ante
732 4348 1074 4410 victorium.
1165 4351 1226 4410 in
1276 4349 1594 4430 archetypo
1643 4348 1783 4428 quid
1842 4348 2023 4408 fuerit
2070 4365 2188 4407 non
2235 4346 2407 4427 plane
2456 4365 2594 4407 con·

315 4465 444 4540 stat,
491 4455 595 4518 sed
643 4459 923 4518 roeinari
966 4456 1104 4518 olim
1144 4459 1429 4538 scriptum
1470 4457 1654 4517 fuisse
1692 4463 1856 4535 puto.
1931 4458 2247 4516 racemari
2279 4454 2596 4534 VictoriuS,

316 4565 468 4648 quod
517 4585 549 4627 a
590 4563 879 4626 vindemia
926 4564 1276 4626 translatum
1323 4573 1383 4626 et
1429 4563 1500 4624 de
1548 4562 1878 4624 minoribus
1926 4564 2178 4623 racemis
2224 4562 2595 4643 neglegentia

2067 4664 2172 4719 17*
