3178 5185
543 408 629 472 92
871 490 878 498 1
1225 413 1608 469 ΟΟΜΜΕΝΤ.
1646 414 1724 468 IN
1761 412 2135 468 VARRONIS

541 573 909 633 servandum
956 573 1023 631 id
1066 589 1103 630 a
1143 572 1495 647 pleniluniis
1542 577 1603 629 et
1640 567 1821 629 XVIII
1864 565 1989 630 321
2039 570 2242 629 omnia
2277 586 2435 643 quae
2472 570 2838 643 caeduntur,

543 686 905 765 carpuntur,
965 680 1329 757 conduntur,
1377 679 1754 739 innocentius
1811 678 2201 738 decrescente
2255 679 2402 737 luna
2471 691 2655 750 quam
2709 691 2839 734 cre-

541 793 748 848 scente
787 790 963 859 fiunt.
1037 788 1218 846 immo
1256 784 1370 845 hoc
1408 783 1553 844 dicit
1598 783 1898 865 AgrasiuS,
1939 802 2002 843 se
2043 800 2267 856 cavere*
2298 800 2392 863 ne,
2429 782 2483 841 si
2531 786 2838 841 crescente

541 892 679 954 luna
738 891 1013 973 capillum
1070 890 1339 973 tondeat,
1395 890 1595 951 calvus
1653 892 1768 951 fiat.
1862 908 2044 970 quare
2108 890 2321 969 scripsi
2386 908 2464 950 ne
2529 893 2843 958 crescente

541 1004 689 1062 luna
736 1002 1005 1060 tondens.
1099 1016 1232 1057 nam
1280 1000 1349 1058 ni
1390 1015 1500 1076 pro
1546 1016 1623 1058 ne
1681 998 1906 1058 dictum
1963 1015 2106 1056 num
2152 995 2400 1057 Varroni
2459 992 2839 1056 tribuendum

543 1107 638 1188 sit,
687 1103 921 1185 dubito,
970 1122 1327 1184 quamquam
1377 1103 1631 1165 Ursinus
1680 1106 2023 1166 coniectura
2070 1104 2334 1166 scribere
2382 1121 2502 1163 non
2552 1101 2842 1164 dubitavit

541 1212 567 1272 I
614 1208 718 1297 59,
756 1210 800 1275 3
862 1215 931 1274 ni
991 1214 1374 1273 extrinsecus
1438 1213 1691 1288 spiritus
1756 1214 1945 1288 adstet
2007 1221 2067 1273 et
2130 1210 2211 1271 III
2261 1208 2379 1293 16,
2416 1206 2505 1271 34
2568 1211 2640 1270 ni
2700 1210 2848 1284 quid

546 1322 869 1382 eximatur.

722 1424 762 1488 3
846 1424 1235 1505 Numquam
1317 1444 1490 1486 rure
1574 1426 1848 1492 audisti
1927 1425 2180 1505 inquid
2264 1432 2522 1485 octauo
2607 1422 2842 1484 lanam

543 1534 777 1595 lunam
843 1541 914 1594 et
978 1542 1430 1594 crescentem
1498 1542 1567 1594 et
1633 1541 1885 1594 contra
1953 1540 2456 1594 senescentem
2522 1539 2593 1592 et
2668 1549 2841 1610 quae

549 1648 928 1702 crescente
975 1639 1141 1701 luna
1180 1641 1352 1720 fieri
1389 1649 1765 1721 oporteret
1811 1648 1880 1702 et
1926 1650 2157 1703 tamen
2207 1639 2543 1720 quaedam
2585 1638 2843 1698 melius

549 1748 718 1809 fieri
765 1755 924 1827 post
971 1755 1227 1809 octauo
1289 1748 1516 1808 lanam
1572 1747 1812 1809 lunam
1869 1767 2075 1829 quam
2131 1746 2322 1825 ante]
2372 1748 2591 1807 Ianam
2639 1750 2843 1806 lunam

552 1865 805 1934 utroque
864 1854 992 1915 loco
1040 1855 1194 1917 edita
1242 1855 1385 1915 inde
1432 1874 1464 1915 a
1510 1857 1782 1936 principe
1829 1856 2089 1918 editione
2147 1853 2518 1933 exemplaria.
2611 1859 2848 1930 oportet

549 1963 734 2042 codex
771 1961 1175 2044 Florentinus‚
1214 1970 1490 2040 oporteat
1535 1982 1593 2024 m
1641 1972 1702 2024 et
1737 1963 2058 2025 IucunduS.
2132 1970 2343 2024 octavo
2382 1963 2600 2022 Ianam
2638 1964 2843 2021 lunam
2933 2028 2940 2038 ‚

549 2077 919 2132 crescentem
965 2076 1024 2132 et
1069 2076 1288 2130 contra
1333 2078 1765 2145 senescentem,
1822 2079 1881 2132 et
1933 2090 2091 2167 quae
2146 2075 2457 2131 crescente
2512 2072 2661 2129 luna
2701 2071 2847 2141 fieri

548 2184 850 2256 oporteat,
915 2184 1115 2238 tamen
1172 2179 1384 2237 melius
1432 2179 1581 2249 fieri
1614 2183 1755 2253 post
1798 2184 2010 2238 octavo
2059 2177 2275 2236 Ianam
2322 2180 2526 2236 lunam
2574 2174 2842 2235 Ursinus

550 2285 623 2345 de
671 2282 922 2345 formula
969 2281 1123 2363 apud
1171 2283 1429 2343 rusticos
1469 2292 1752 2363 usurpata
1791 2293 2003 2345 octavo
2042 2284 2261 2344 Ianam
2298 2286 2521 2358 lunam,
2561 2300 2676 2361 qua
2717 2281 2842 2350 dies

551 2398 792 2451 octavus
859 2399 993 2451 ante
1059 2385 1293 2469 plenam
1359 2399 1418 2451 et
1483 2398 1617 2452 ante
1674 2409 1883 2451 novam
1939 2390 2138 2452 lunam
2198 2386 2668 2469 significabatur,
2726 2405 2841 2447 non

551 2498 786 2558 videtur
830 2495 1221 2558 dubitandum
1284 2515 1432 2559 esse.
1525 2498 1630 2558 sed
1687 2497 1870 2559 altero
1926 2498 2083 2578 loco,
2132 2496 2235 2558 ubi
2290 2496 2577 2576 quaedam
2633 2494 2841 2555 melius

550 2612 685 2684 post
731 2622 868 2665 eum
914 2603 1070 2665 diem
1115 2605 1248 2665 fieri
1294 2604 1530 2687 dicitur,
1559 2616 1701 2683 post
1745 2614 2020 2668 octavum
2066 2606 2296 2686 scripsi.
2370 2612 2430 2667 et
2463 2614 2599 2667 ante
2644 2612 2840 2666 tamen

553 2710 868 2772 delendum
916 2729 1046 2772 esse
1086 2710 1231 2771 vidit
1270 2710 1537 2794 UrsinuS‚
1576 2732 1735 2789 quae
1782 2720 2093 2775 crescente
2137 2718 2283 2775 luna
2324 2716 2472 2785 βενε·
2514 2718 2838 2789 oporteret,

552 2827 751 2886 tamen
798 2822 1097 2894 quaedam
1160 2823 1371 2882 melius
1420 2824 1567 2894 fieri
1613 2829 1754 2899 post
1807 2829 2083 2883 octavum
2130 2822 2348 2881 Ianam
2403 2823 2609 2880 lunam
2665 2837 2838 2894 quam

553 2932 714 2986 ante.
779 2943 915 2985 nam
962 2924 1160 2988 addito
1206 2934 1342 3005 post
1388 2927 1690 2987 relativam
1737 2929 2090 2988 sententiam
2136 2926 2485 3005 pronomine
2542 2929 2836 3001 quaedam

552 3050 692 3112 pars
729 3029 1024 3093 indicatur
1062 3051 1269 3093 eorum
1300 3052 1449 3112 quae
1487 3034 1619 3094 fieri
1648 3041 1915 3114 oportet,
1951 3033 1977 3094 1
2006 3029 2110 3115 55,
2142 3032 2175 3095 1
2210 3051 2367 3108 quae
2394 3049 2578 3092 manu
2607 3035 2835 3105 stricta,

554 3142 765 3201 melior
821 3156 895 3201 ea
942 3158 1101 3215 quae
1147 3143 1353 3216 diqitis
1399 3144 1608 3222 nudiS,
1669 3139 1790 3222 14,
1828 3139 1868 3203 2
1935 3159 2008 3202 ea
2075 3159 2233 3216 quae
2289 3138 2538 3216 faciunt
2599 3144 2836 3201 cultura

554 3249 952 3307 honestiorem
1018 3264 1235 3321 aqrum
1295 3251 1594 3324 pleraque
1657 3266 1777 3309 non
1840 3252 2028 3309 solum
2093 3244 2569 3322 fructuosiorem
2635 3250 2835 3307 eadem

546 3351 808 3428 faciunt,
855 3349 936 3411 111
974 3349 1033 3433 9,
1076 3350 1158 3414 16
1205 3357 1369 3429 quod
1405 3354 1546 3431 sere
1593 3374 1750 3430 quae
1796 3362 1938 3416 ante
1975 3359 2275 3432 pleraque
2320 3372 2439 3414 non
2492 3357 2835 3415 succedunt.

730 3458 889 3520 Dixi
954 3459 1036 3520 de
1104 3460 1641 3542 quadripertita
1696 3463 1919 3522 forma
1978 3459 2264 3522 cultura
2320 3458 2499 3539 agri]
2557 3461 2837 3522 Culturae

556 3566 712 3628 edita
772 3565 908 3628 inde
965 3585 998 3626 a
1053 3569 1322 3648 principe
1380 3568 1639 3630 editione
1697 3568 2070 3649 exemplaria.
2160 3587 2269 3649 pro
2334 3586 2404 3628 eo
2471 3570 2532 3628 in
2599 3572 2837 3629 cultura

559 3675 788 3752 scripsi.
882 3673 1371 3753 quadripertitam
1435 3684 1633 3737 autem
1698 3677 1946 3738 formam
2010 3683 2256 3755 apparet
2326 3693 2444 3734 non
2520 3693 2649 3735 eam
2713 3675 2842 3754 dici,

558 3800 708 3861 quae
765 3799 838 3841 ex
886 3788 1165 3860 quattuor
1223 3780 1491 3861 partibus
1548 3782 1721 3843 lunae
1778 3782 2043 3862 ducitur,
2099 3783 2255 3841 sicut
2309 3780 2612 3842 Gesnerus
2661 3781 2840 3841 adno-

554 3890 721 3969 tavit,
776 3886 880 3947 sed
939 3894 1219 3965 quattuor
1273 3896 1473 3968 partes
1540 3890 1666 3967 agri
1731 3888 1998 3950 culturae
2062 3887 2368 3967 dicuntur,
2434 3905 2581 3966 quas
2640 3886 2839 3947 Scrofa

566 4013 748 4076 supra
794 3989 854 4075 5,
892 3991 933 4056 3
991 4002 1400 4074 proposuerat.
1491 3994 1602 4056 hac
1649 3996 1831 4074 igilur
1876 3995 2272 4076 disputatione
2318 3994 2479 4054 finita
2520 3994 2638 4053 iam
2687 3992 2843 4053 Stolo

557 4103 1018 4182 descriptionem
1087 4100 1247 4163 addit
1310 4120 1558 4182 operum
1615 4103 1977 4162 rusticorum
2043 4104 2105 4162 in
2163 4117 2264 4162 sex
2324 4108 2524 4180 partes
2583 4100 2840 4180 divisam,

558 4228 706 4292 quae
757 4216 848 4270 est
894 4206 1078 4270 altera
1125 4215 1480 4289 temporum
1510 4208 1716 4269 divisio
1766 4210 2104 4287 sexpertita.

732 4313 777 4377 4
841 4314 1021 4386 Quin
1087 4314 1529 4395 sexpertita]
1607 4317 1778 4389 Quae
1843 4319 1905 4376 in
1950 4334 2061 4377 sex
2099 4318 2338 4392 partita
2384 4321 2473 4375 est
2523 4313 2841 4375 Iucundos,

559 4445 716 4502 quae
763 4430 852 4485 est
894 4426 1231 4499 sexpertita
1279 4424 1508 4502 scripsi.
1602 4441 1737 4483 nam
1783 4426 1930 4500 quin
1985 4421 2271 4502 particula
2329 4419 2690 4482 adfirmativa
2745 4420 2838 4480 hic

554 4533 751 4593 locum
785 4549 918 4619 *non
965 4529 1158 4592 habet.
