3178 5185
601 424 727 488 188
1579 423 1951 480 VARRONIS

596 593 786 670 possit
868 599 1102 651 ventus:
1194 590 1346 650 hanc
1430 609 1563 651 esse
1637 592 1928 652 modicam
2002 610 2112 670 pro
2191 592 2595 671 magnitudine
2665 595 2942 673 segetiS,

597 700 970 777 potissimum
1020 696 1340 758 rutundam
1391 706 1450 757 et
1489 699 1741 758 mediam
1790 698 1965 777 paulo
2015 699 2391 779 extumidam,
2439 707 2521 780 ut,
2570 702 2622 759 si
2660 700 2941 780 pluerit,

598 823 716 864 non
773 807 1058 865 consistat
1116 823 1265 884 aqua
1323 811 1382 864 et
1438 823 1615 883 quam
1674 805 2024 866 brevissimo
2082 808 2296 866 itinere
2344 814 2509 866 extra
2557 826 2758 867 aream
2818 808 2938 866 de-

596 913 782 973 ssuere
837 914 1053 992 possit:
1113 931 1287 971 omne
1348 930 1526 992 porro
1585 912 2003 972 brevissimum
2059 914 2122 972 in
2177 914 2440 973 rutundo
2498 933 2530 973 e
2577 914 2780 974 medio
2847 914 2932 974 ad
2979 989 2986 997 ὁ

596 1028 956 1081 extremum:
1013 1019 1199 1080 solida
1254 1028 1415 1079 terra
1472 1021 1692 1100 pavita,
1753 1021 2005 1080 maxime
2063 1021 2113 1079 si
2171 1028 2261 1080 est
2317 1020 2546 1102 argilla,
2603 1040 2678 1082 ne
2729 1030 2929 1081 aestu
2993 1035 3021 1074 5

595 1129 899 1205 peminosa
957 1129 1015 1186 in
1073 1129 1242 1187 rimis
1299 1127 1428 1186 eius
1487 1144 1668 1203 grana
1726 1126 2077 1188 oblitescant
2133 1134 2192 1187 et
2240 1129 2530 1207 recipiant
2577 1147 2799 1207 aquam
2860 1135 2933 1188 et

597 1236 746 1294 ostia
802 1235 1070 1314 aperiant
1123 1233 1395 1294 muribus
1453 1252 1519 1293 ac
1578 1233 1863 1294 formicis·
1962 1236 2159 1314 itaque
2217 1253 2455 1295 amurca
2513 1234 2706 1296 solent
2767 1253 2929 1314 per-

598 1340 876 1401 fundere:
931 1359 997 1400 ea
1060 1342 1216 1400 enim
1275 1339 1598 1400 herbarum
1657 1338 1756 1417 [de
1814 1339 2079 1418 amurca]
2139 1348 2198 1401 et
2253 1341 2635 1403 formicarum
2684 1350 2747 1403 et
2797 1341 2927 1402 tal-

546 1452 815 1526 2parum
882 1466 1190 1508 venenum.
1294 1448 1532 1526 quidam
1597 1466 1791 1508 aream
1858 1456 1925 1509 ut
1988 1448 2242 1509 habeant
2306 1448 2555 1527 soldam,
2622 1452 2927 1511 muniunt

597 1553 789 1634 lapide
850 1563 950 1614 aut
1016 1556 1192 1615 etiam
1257 1555 1483 1615 faciunt
1545 1557 1961 1633 pavimentum.
2055 1574 2172 1616 non
2229 1555 2379 1616 nulli
2441 1558 2615 1616 etiam
2684 1563 2920 1635 tegunt
2953 1566 3011 1607 10

596 1680 781 1742 areaS,
828 1669 896 1721 ut
943 1662 1002 1720 in
1051 1660 1384 1744 BagienniS‚
1434 1662 1587 1741 quod
1639 1662 1726 1722 ibi
1772 1682 1946 1742 saepe
1994 1663 2051 1723 id
2103 1664 2389 1742 temporis
2435 1665 2575 1722 anni
2612 1664 2919 1725 oriuntur

595 1768 801 1829 nimbi.
892 1767 994 1828 ubi
1061 1787 1127 1830 ea
1191 1776 1415 1830 retecta
1482 1777 1542 1829 et
1608 1769 1732 1831 loca
1801 1769 1992 1851 calda,
2056 1789 2242 1849 prope
2298 1789 2496 1830 aream
2552 1770 2915 1832 faciundum

598 1875 968 1958 umbracula,
1027 1895 1144 1955 quo
1201 1877 1523 1938 succedant
1578 1877 1851 1938 homines
1905 1880 1967 1937 in
2015 1885 2183 1938 aestu
2234 1885 2498 1957 tempore
2546 1878 2912 1939 meridiano,

462 1983 563 2044 LII
604 2003 752 2063 quae
810 2002 980 2062 seges
1036 1984 1426 2063 grandissima
1483 1992 1660 2063 atque
1717 1986 1948 2063 optima·
1994 1985 2201 2065 suerit,
2259 2003 2528 2045 seorsum
2586 1986 2647 2044 in
2696 2004 2910 2045 aream

603 2093 837 2152 secerni
891 2099 1128 2171 oportet
1183 2094 1400 2173 spicaS,
1468 2099 1536 2153 ut
1593 2110 1795 2151 semen
1853 2093 2140 2171 optimum
2195 2091 2435 2173 habeat3
2500 2110 2532 2152 e
2590 2093 2773 2171 spicis
2833 2095 2904 2152 in
2938 2095 2996 2136 15

594 2217 730 2259 area
803 2200 1000 2259 excuti
1074 2216 1271 2277 grana.
1383 2198 1538 2277 quod
1615 2200 1681 2259 fit
1755 2199 1909 2276 apud
1985 2198 2130 2258 alios
2194 2201 2474 2260 iumentis
2539 2200 2761 2259 iunctis
2828 2218 2905 2259 ac

598 2306 834 2367 tribulo,
933 2306 991 2366 id
1060 2306 1127 2366 fit
1190 2325 1221 2365 e
1286 2304 1484 2365 tabula
1549 2304 1846 2384 lapidibus
1902 2313 2004 2366 aut
2061 2307 2220 2367 ferro
2277 2315 2572 2387 asperata,
2630 2326 2751 2386 quo
2805 2308 2901 2366 in-

593 2414 1047 2492 posito-auriga
1104 2420 1206 2472 aut
1260 2412 1522 2490 pondere
1576 2413 1785 2491 grandi
1833 2412 2089 2473 trahitur
2135 2415 2419 2473 iumentis
2465 2415 2686 2474 iunctis
2737 2413 2899 2490 [aut]

595 2520 840 2581 discutit
905 2539 936 2579 e
1002 2521 1162 2599 spica
1228 2537 1434 2600 grana:
1499 2529 1603 2580 aut
1668 2540 1738 2580 ex
1805 2520 2013 2580 axibus
2078 2520 2334 2582 dentatis
2396 2540 2531 2581 cum
2589 2520 2899 2602 orbiculiS‚

736 2823 769 2870 ὅ
817 2818 996 2872 solida.
1040 2819 1193 2873 terra.
1236 2818 1434 2887 pavita
1470 2817 1619 2872 Non.
1650 2834 1710 2888 p.
1735 2823 1878 2885 7163,
1919 2823 1988 2872 11
2137 2823 2202 2873 14
2250 2836 2393 2887 quae
2439 2835 2600 2889 seges
2638 2817 2891 2888 grandis-

594 2906 738 2962 sima
772 2923 994 2978 yeopon.
1032 2907 1115 2960 II
1151 2913 1222 2962 16
1369 2913 1434 2961 16
1472 2908 1623 2977 quod
1662 2907 1727 2961 fit
1763 2908 1913 2977 apud
1951 2908 2093 2964 alios
2131 2908 2279 2967 Non.
2311 2926 2373 2978 p.
2410 2913 2551 2975 228,
2588 2912 2666 2963 26

697 3201 730 3248 2
759 3194 1065 3249 rutundam
1097 3193 1214 3246 PB
1242 3192 1542 3246 rotundam
1567 3191 1665 3246 Av
1777 3199 1808 3246 3
1838 3194 1997 3246 extra
2021 3209 2212 3248 aream
2243 3195 2252 3263 Ι
2286 3193 2525 3248 defluere
2554 3194 2735 3263 possit
2763 3198 2887 3250 otii—e

592 3301 758 3354 porro
786 3283 1176 3339 breuissimum
1204 3281 1263 3335 in
1290 3281 1600 3336 rutundo.e
1629 3281 1815 3337 medio
1837 3282 1907 3335 ad
1930 3284 2083 3336 extre
2116 3285 2125 3353 Ι
2157 3299 2250 3336 ma.
2271 3283 2428 3351 (corr.
2452 3285 2567 3352 mii)
2589 3299 2775 3338 aerem
2798 3285 2888 3339 de-

591 3375 760 3427 fluere
818 3372 1001 3442 possit
1047 3377 1174 3426 om‘e‘
1218 3388 1384 3440 porro
1427 3369 1824 3426 breuissimum
1871 3371 1928 3424 in
1975 3372 2215 3426 rotundo
2248 3374 2257 3441 Ι
2290 3388 2319 3426 e
2357 3371 2541 3425 medio
2589 3373 2661 3426 ad
2708 3375 2887 3428 extre-

590 3481 744 3516 mum
774 3461 829 3514 A
937 3468 972 3515 4
999 3461 1242 3516 rutundo
1275 3461 1330 3513 P
1355 3460 1597 3514 rotundo
1616 3460 1713 3514 Bv
1823 3466 1854 3515 5
1887 3459 2152 3515 ‘Maxime
2182 3460 2230 3513 si
2259 3462 2345 3516 est
2373 3460 2590 3529 argilla,
2629 3478 2698 3516 ne
2729 3464 2888 3518 aestu

589 3551 896 3621 peminosa.
988 3551 1152 3606 Vetus
1204 3552 1335 3605 haec
1390 3550 1544 3604 lectio
1551 3591 1570 3617 ,
1627 3567 1792 3619 quam
1845 3551 2088 3619 imperiti
2136 3555 2186 3605 et
2241 3552 2477 3606 audaces
2529 3552 2890 3621 sustulerunt,

581 3642 816 3710 pessimo
853 3640 1097 3707 consili0,
1135 3657 1241 3709 quo
1277 3646 1693 3706 consueuerant,
1730 3656 2080 3709 quaecunque
2116 3656 2230 3694 non
2266 3641 2585 3710 intelliqunt
2601 3680 2617 3707 ‚
2656 3656 2886 3696 commu-

590 3736 737 3784 tare.-
780 3746 899 3784 eam
945 3730 1008 3783 in
1046 3730 1258 3784 cunctis
1296 3746 1469 3783 manu
1504 3730 1727 3798 seriptis
1761 3729 1977 3784 inueni’
2055 3728 2332 3784 Victorius
2474 3729 2520 3783 si
2560 3731 2647 3784 est
2684 3730 2888 3801 argilla

590 3871 659 3908 ne
706 3856 866 3909 aestu
914 3852 1203 3924 peminosa
1244 3854 1364 3908 PB
1406 3819 1687 3924 {tigillane
1735 3870 1765 3908 e
1798 3856 1807 3924 1
1841 3856 1931 3907 stu
1977 3852 2271 3924 peminosa.
2305 3855 2360 3908 A
2410 3853 2457 3908 si
2497 3855 2582 3909 est
2618 3855 2886 3925 argillosa

588 3960 659 3996 ne
696 3946 857 3998 aestu
891 3960 1119 3998 rumosa
1146 3961 1198 3998 m
1237 3942 1286 3996 si
1324 3947 1409 3998 est
1447 3943 1715 4013 argillosa
1751 3959 1821 3997 ne
1859 3943 2019 3997 aestu
2047 3943 2354 4012 pertimosa.
2380 3961 2413 3998 v
2559 3945 2741 4017 aestu]
2774 3944 2886 3999 situ

588 4032 811 4087 Nonius
820 4050 879 4102 p.
902 4036 1030 4100 163,
1051 4037 1122 4088 12
1221 4039 1252 4087 6
1281 4033 1512 4100 fortasse
1529 4030 1823 4102 pemjnosa
1842 4031 1890 4086 si
1911 4032 1986 4085 sit
2094 4038 2125 4087 9
2148 4033 2364 4087 soldam
2389 4033 2572 4087 PAB
2594 4032 2835 4088 solidam
2853 4052 2886 4088 v

689 4127 757 4175 10
783 4120 993 4176 fatiunt
1012 4121 1068 4176 A
1179 4128 1241 4176 11
1275 4140 1462 4177 aream
1501 4139 1638 4177 corr.
1680 4153 1745 4162 —
1776 4138 1836 4175 as
1863 4121 1920 4175 A
2026 4119 2323 4191 bagiennis
2356 4122 2540 4175 PAB
2567 4120 2824 4192 bagienis
2852 4141 2884 4177 v

734 4217 798 4264 12
836 4210 1031 4280 nymbi
1066 4212 1131 4266 V·
1264 4213 1426 4267 calda
1456 4211 1632 4265 PAB
1669 4210 1855 4265 calida
1889 4227 1921 4265 v
2069 4216 2133 4265 15
2173 4215 2238 4265 ut
2272 4212 2701 4280 superscriptum
2738 4213 2801 4265 in
2829 4213 2885 4266 B

734 4305 798 4354 16
837 4300 985 4369 apud
1033 4301 1146 4356 VB
1175 4300 1387 4370 aputA
1500 4306 1563 4354 17
1604 4317 1713 4367 quo
1752 4298 1998 4369 inposito
2038 4299 2094 4354 A
2135 4318 2244 4369 quo
2282 4299 2546 4370 imposito
2586 4301 2699 4354 VB
2728 4345 2740 4356 .
2770 4302 2883 4368 for-

586 4394 728 4444 tasse
764 4406 907 4459 quae
946 4408 1071 4444 cum
1109 4389 1376 4460 imposito
1524 4394 1589 4442 18
1628 4388 1870 4458 pendere
1908 4388 1964 4443 A
2001 4407 2138 4446 corr.
2177 4390 2428 4460 pondere
2454 4388 2538 4442 A’
2679 4389 2886 4444 iunctis

585 4480 1012 4547 superscriptum
1056 4481 1119 4533 in
1164 4480 1221 4532 A
1403 4485 1467 4533 19
1515 4477 1771 4548 discutit]
1822 4476 2046 4532 discunt
2080 4481 2198 4533 Am
2379 4497 2409 4533 e
2456 4478 2612 4546 spica.
2647 4477 2771 4530 AB
2817 4496 2885 4532 ex

587 4567 745 4637 spica
792 4567 845 4621 V
1019 4584 1087 4620 ex
1125 4567 1321 4622 axibus
1357 4567 1414 4621 P
1446 4585 1512 4623 ex
1549 4567 1738 4621 asibus
1776 4567 1831 4620 A
1869 4585 1936 4621 ex
1975 4567 2192 4622 assibus
2231 4568 2328 4621 Bv
2500 4566 2789 4621 dentantis
2828 4568 2885 4622 A
