3178 5185
601 425 730 488 316
1584 424 1958 480 VARRONIS

493 596 576 654 36
599 592 828 652 avidius
891 591 1189 671 adplicant
1253 610 1316 651 se
1383 598 1559 670 atque
1625 591 2059 670 obstupescunt
2123 598 2410 668 potantes.
2513 590 2566 647 si
2628 607 2696 648 ex
2765 587 2896 648 alvo

601 701 798 759 minus
837 699 1180 778 frequentes
1220 698 1477 759 evadunt
1514 718 1582 759 ac
1622 698 1880 759 subsidit
1916 698 2108 776 aliqua
2159 715 2322 777 parS,
2370 695 2896 773 subfumigandum

602 813 661 865 et
705 823 891 884 prope
939 804 1354 884 adponendum
1401 805 1552 866 bene
1593 805 1879 865 olentium
1919 804 2237 864 herbarum
2276 805 2529 864 maxime
2568 805 2896 881 apiastrum

494 919 571 976 37
599 922 655 973 et
725 913 1005 992 thymum.
1106 912 1536 991 providendum
1614 913 1994 973 vehementer
2060 930 2134 972 ne
2199 920 2444 990 propter
2508 919 2736 970 aestum
2794 919 2898 970 aut

596 1028 842 1098 propter
890 1022 1079 1099 frigus
1127 1021 1482 1099 dispereant.
1577 1022 1627 1080 si
1676 1020 1910 1098 quando
1960 1018 2157 1080 subito
2204 1018 2381 1077 imbri
2429 1020 2487 1077 in
2537 1025 2711 1096 pastu
2752 1024 2896 1077 sunt
2950 1030 2973 1069 5

600 1146 920 1206 oppressae
969 1135 1070 1187 aut
1119 1128 1338 1205 frigore
1388 1127 1605 1206 subito,
1653 1135 1967 1205 antequam
2014 1129 2176 1206 ipsae
2225 1126 2592 1204 providerint
2639 1125 2698 1185 id
2751 1127 2897 1205 fore,

599 1235 757 1313 quod
798 1235 1016 1295 accidit
1054 1253 1188 1295 raro
1228 1242 1294 1294 ut
1333 1234 1723 1315 decipiantur,
1762 1241 1821 1293 et
1858 1234 2067 1294 imbris
2101 1235 2287 1313 guttis
2316 1232 2604 1294 uberibus
2634 1234 2897 1293 offensae

596 1342 787 1402 iacent
840 1350 1170 1420 prostratae
1220 1350 1321 1402 aut
1368 1341 1640 1421 efflictae‚
1688 1341 2105 1421 conligendum
2152 1360 2251 1401 eas
2298 1343 2357 1400 iu
2410 1359 2508 1399 vas
2545 1339 2787 1418 aliquod
2839 1348 2898 1398 et

598 1449 1006 1527 reponendum
1054 1453 1115 1509 in
1164 1456 1322 1509 tecto
1366 1448 1493 1508 loco
1532 1468 1601 1509 ac
1640 1449 1858 1529 tepid0,
1906 1467 2179 1529 promum
2219 1468 2251 1509 e
2290 1448 2384 1508 die
2424 1467 2599 1527 quam
2640 1450 2899 1507 maxime

598 1564 947 1633 tempestate
996 1555 1173 1637 bona,
1231 1558 1430 1617 cinere
1481 1557 1633 1616 facto
1683 1575 1713 1616 e
1765 1556 2033 1616 ficulneis
2080 1555 2256 1633 lignis
2304 1555 2661 1615 infriandum
2713 1554 2892 1633 paulo
2923 1562 2971 1599 1⁰

596 1662 731 1740 plus
797 1662 962 1722 caldo
1030 1682 1203 1742 quam
1262 1664 1570 1742 tepidiore.
1673 1664 1885 1723 deinde
1952 1663 2411 1723 concutiendum
2476 1663 2686 1722 leviter
2766 1665 2898 1740 ipso

492 1775 574 1833 38
600 1788 768 1851 vaso,
816 1780 882 1831 ut
932 1789 1106 1831 manu
1158 1790 1274 1832 non
1322 1780 1546 1852 tangaS,
1596 1780 1654 1832 et
1702 1772 2006 1850 ponendae
2053 1773 2114 1831 in
2163 1770 2303 1831 sole.
2397 1789 2547 1850 quae
2595 1773 2757 1830 enim
2810 1772 2897 1829 sic

598 1878 1041 1959 concaluerunt,
1090 1882 1416 1940 restituunt
1463 1899 1525 1940 se
1574 1899 1641 1940 ac
1691 1880 2083 1958 revivescunt,
2132 1886 2197 1938 ut
2246 1877 2395 1937 solet
2442 1877 2717 1937 similiter
2767 1878 2899 1937 fieri

598 1987 656 2044 in
716 1989 938 2046 muscis
986 2006 1136 2065 aqua
1186 1978 1429 2049 necatis
1522 1987 1635 2048 hoc
1685 1986 2018 2047 faciendum
2068 1985 2395 2046 secundum
2446 1983 2631 2063 alvos,
2689 1991 2760 2044 ut
2811 2003 2898 2044 re-

596 2091 941 2152 conciliatae
989 2092 1060 2152 ad
1110 2111 1283 2153 suum
1334 2110 1603 2173 quaeque
1652 2111 1800 2171 opus
1849 2099 1907 2152 et
1954 2091 2316 2152 domicilium
2366 2091 2627 2151 redeant.
2926 2092 2972 2133 ¹⁵

426 2200 579 2261 XVII
778 2199 1010 2259 Interea
1049 2201 1205 2261 redit
1242 2201 1313 2261 ad
1354 2219 1461 2260 nos
1491 2200 1644 2259 Pavo
1685 2207 1760 2281 et,
1801 2199 1864 2259 Si
1901 2199 2095 2273 vultis
2142 2200 2353 2278 inquit,
2391 2216 2637 2258 ancoras
2666 2197 2898 2277 tollere,

595 2305 728 2365 latis
803 2306 1020 2366 tabulis
1096 2309 1328 2367 sortitio
1404 2308 1469 2366 fit
1533 2306 1828 2386 tribuum,
1903 2325 1968 2367 ac
2035 2308 2231 2384 coepti
2297 2314 2437 2366 sunt
2501 2325 2533 2365 a
2598 2324 2896 2384 praecone

594 2415 952 2494 renuntiari,
1009 2432 1186 2493 quem
1244 2433 1513 2495 quaeque
1569 2414 1764 2475 tribus
1822 2414 2072 2474 fecerint
2118 2413 2385 2473 aedilem.
2477 2413 2706 2491 Appius
2757 2432 2894 2474 con·

739 2681 766 2728 1
808 2677 1096 2745 applicant
1143 2676 1319 2731 VAB
1465 2677 1798 2746 ostupesunt
1834 2678 1887 2729 A
2024 2683 2055 2729 2
2095 2675 2525 2745 subfumigando
2563 2675 2686 2729 AB
2726 2676 2898 2730 suffu-

594 2762 857 2832 migando
890 2765 946 2817 P
980 2764 1449 2834 suffumigandum
1487 2782 1518 2818 v
1666 2771 1697 2818 3
1737 2764 2129 2834 apponendum
2171 2763 2348 2818 VAB
2492 2770 2523 2819 5
2562 2765 2817 2835 impastu
2845 2766 2900 2820 A

702 2860 734 2907 6
780 2853 1129 2923 providerint
1163 2856 1227 2909 in
1264 2856 1469 2909 lacuna
1504 2871 1605 2911 om.
1644 2855 1700 2908 Β
1811 2861 1843 2908 8
1882 2856 2193 2924 prostratae
2231 2858 2297 2909 ut
2334 2854 2574 2908 efflictae
2615 2854 2731 2908 PA
2771 2872 2899 2924 pro-

594 2944 802 2997 stratae
852 2944 911 2996 et
957 2944 1200 2999 efflictae
1248 2946 1302 2998 Β
1349 2947 1665 3014 prostratae
1714 2945 1777 2999 ut
1823 2943 2069 2999 afflictae
2108 2962 2139 2998 v
2285 2943 2664 3013 colligendum
2717 2944 2897 2998 VAB

737 3039 768 3086 9
811 3034 913 3087 ‘Ac
950 3033 1144 3101 tepido
1183 3051 1357 3103 prono
1396 3034 1466 3088 ad
1506 3034 1809 3087 meridiem.
1877 3033 2061 3088 Locus
2096 3034 2451 3102 deprauatus,
2489 3039 2550 3086 ut
2577 3034 2764 3101 facile,
2803 3035 2899 3103 qui

593 3128 847 3176 accurate
884 3124 1157 3190 attendat,
1206 3124 1621 3179 animaduertet.
1709 3122 1871 3178 Vetus
1908 3125 2070 3177 etiam
2109 3124 2262 3177 lectio
2290 3124 2650 3191 perturbata,
2703 3141 2770 3180 ac
2807 3126 2893 3178 ui-

595 3213 766 3278 tiosa,
812 3228 951 3281 quae
995 3213 1058 3265 iu
1105 3214 1307 3280 optimo
1357 3213 1519 3266 etiam
1563 3213 1866 3280 exemplari
1901 3213 2084 3266 mendi
2120 3217 2305 3265 uotam
2343 3213 2654 3280 adpositam
2691 3215 2852 3268 habet
2880 3234 2896 3265 :

592 3317 709 3354 eam
755 3307 934 3355 autem
982 3306 1045 3355 ut
1091 3304 1463 3371 unusquisque
1509 3303 1572 3356 iu
1610 3304 1734 3371 ipsa
1767 3302 2068 3371 puryauda
2103 3302 2387 3369 iuyeuium
2424 3317 2667 3362 exercere
2698 3303 2894 3371 possit,

592 3406 714 3442 cum
767 3390 873 3456 fide
918 3406 1229 3459 proponam
1258 3413 1275 3444 .·
1303 3390 1383 3444 Ac
1437 3390 1631 3460 tepido
1688 3407 1943 3460 promum
2004 3407 2033 3444 e
2081 3390 2171 3443 die
2219 3406 2388 3458 quam
2432 3389 2704 3458 maxime,
2763 3391 2890 3445 ete.’

600 3478 875 3533 Victorius
1037 3496 1292 3549 promum
1349 3497 1379 3534 e
1436 3480 1525 3534 die
1582 3497 1751 3549 quam
1808 3481 1873 3534 in
1926 3481 2132 3535 lacuna
2187 3495 2287 3532 om.
2343 3478 2399 3531 Β
2542 3496 2810 3547 promum
2867 3496 2895 3532 e

593 3567 685 3621 die
727 3568 845 3623 PA
890 3585 1064 3637 prono
1115 3568 1186 3622 ad
1224 3570 1512 3624 meridiem
1551 3587 1582 3624 v
1620 3569 1784 3640 proin
1821 3570 2054 3624 meridie
2092 3569 2319 3623 coniecit
2358 3567 2682 3622 Politianus
2832 3573 2895 3620 10

593 3658 875 3727 tepestate
925 3659 978 3710 A
1132 3656 1286 3712 facto
1331 3676 1364 3712 v
1409 3658 1562 3713 facta
1612 3660 1792 3714 PAB
1949 3656 2319 3712 ‘Infriandum
2366 3656 2535 3725 paulo
2581 3656 2741 3725 plus,
2789 3659 2892 3711 etc.

595 3748 692 3802 Sic
729 3751 792 3802 iu
829 3747 1080 3802 omuibus
1115 3762 1286 3799 mauu
1323 3748 1544 3815 scriptis
1582 3749 1810 3802 inuenio
1840 3769 1852 3801 ε
1882 3753 2066 3814 autea,
2103 3746 2514 3814 Infricaudum‚
2551 3747 2670 3799 uisi
2705 3747 2895 3813 fallor,

591 3837 858 3892 mendose’
895 3835 1171 3889 Victorius
1283 3840 1346 3887 11
1377 3836 1810 3891 cuncutiendum
1828 3839 1881 3890 A
1987 3844 2050 3891 12
2081 3853 2216 3891 uaso
2240 3835 2424 3889 PAB
2451 3852 2585 3889 uase
2614 3853 2646 3889 v
2750 3851 2894 3905 quae

593 3926 738 3980 enim
779 3925 857 3979 sic
909 3925 1018 3978 VB
1056 3940 1167 3992 qua
1205 3922 1354 3977 enim
1392 3925 1510 3980 Am
1627 3934 1691 3981 13
1729 3926 2086 3981 reuiuescunt
2121 3925 2241 3979 AB
2279 3924 2625 3979 reuiuiscunt
2668 3924 2724 3978 V
2831 3930 2895 3977 14

591 4016 797 4070 muscis
858 4015 966 4069 Vm
1013 4010 1249 4083 musicis
1295 4013 1351 4067 Β
1398 4014 1567 4068 musis
1616 4016 1671 4070 A
1718 4031 1855 4071 corr.
1904 4015 2109 4069 muscis
2159 4014 2242 4068 A²
2395 4012 2610 4067 necatis
2655 4031 2756 4069 mv
2802 4007 2927 4068 ne·'

591 4103 741 4173 gatis
782 4102 962 4158 PAB
1105 4104 1500 4159 reconciliatae
1537 4103 1589 4156 V
1621 4103 1982 4159 reconciliare
2011 4105 2197 4158 ABm
2233 4120 2371 4159 corr.
2411 4102 2779 4159 reconciliate
2809 4103 2893 4157 A*

739 4197 803 4245 15
842 4192 913 4246 ad
954 4209 1112 4248 snum
1151 4211 1404 4262 quaeque
1451 4194 1503 4247 V
1535 4194 1606 4247 ad
1645 4212 1806 4248 usum
1842 4211 2062 4265 quaque
2099 4194 2220 4248 AB
2363 4193 2461 4246 red
2493 4194 2502 4262 1
2537 4194 2711 4248 deant
2747 4195 2803 4247 A

686 4288 751 4336 16
779 4282 957 4335 iterea
984 4282 1040 4336 Β
1132 4283 1315 4351 inquit
1341 4284 1436 4337 Bv
1465 4281 1662 4350 inquid
1693 4284 1805 4337 PA
1901 4285 2171 4338 anchoras
2213 4283 2382 4337 VAB
2476 4289 2541 4337 17
2573 4282 2727 4352 cepti
2747 4282 2805 4337 A

592 4386 628 4423 a
654 4386 928 4438 praecone
949 4371 1005 4424 Β
1034 4388 1068 4424 a
1092 4388 1332 4440 precone
1364 4372 1417 4425 V
1440 4372 1510 4426 ab
1540 4388 1815 4439 praecone
1838 4373 1892 4425 A
1996 4379 2061 4427 18
2090 4372 2396 4427 renuntiari
2415 4389 2448 4426 v
2476 4371 2674 4425 recinii
2700 4372 2806 4424 PA
2818 4371 2890 4426 Β.

595 4458 787 4513 ‘Vetus
832 4460 987 4514 lectio
1033 4461 1237 4515 uitiosa
1283 4465 1384 4526 est,
1431 4466 1483 4515 et
1527 4465 1626 4513 aut
1670 4462 1789 4514 siue
1837 4478 2007 4516 causa
2053 4480 2089 4515 a
2128 4462 2400 4516 communi
2435 4462 2745 4529 discrepat,
2793 4464 2893 4514 aut

591 4549 777 4616 siquid
813 4549 875 4601 iu
910 4564 965 4601 se
1002 4550 1130 4603 boui
1166 4549 1339 4615 habet,
1378 4550 1461 4603 ita
1497 4549 1728 4602 maculis
1765 4554 2072 4618 coopertum
2108 4551 2283 4619 habet,
2320 4555 2383 4604 ut
2420 4567 2456 4602 a
2482 4566 2566 4603 me
2592 4551 2738 4604 illud
2764 4550 2887 4604 erui
