3178 5185
815 445 1074 500 RERVM
1112 444 1592 499 RVSTICARVM
1630 444 1766 498 LIB.
1807 445 1828 497 I
1870 442 2023 499 3-4
2229 462 2238 467 ·
2480 432 2566 496 25

317 603 366 662 11
394 601 440 682 8,
467 601 503 663 2
546 606 737 663 matri
778 605 1210 678 suppositiciae
1255 619 1490 676 quoque
1538 604 1891 678 inserviunt,
1946 617 2063 674 quo
2111 618 2267 675 equa
2305 602 2565 659 ministe-

315 713 450 770 rium
491 713 664 770 lactis
712 712 914 771 cibum
953 713 1121 787 pullo
1159 711 1466 787 praebere
1505 711 1712 785 possit.

469 821 542 876 IV
594 815 624 876 1
696 817 887 888 Quae
964 817 1201 877 mundi
1267 835 1424 876 esse
1492 817 1748 876 ennius
1813 813 2071 874 scribit
2135 831 2311 893 aqua
2377 823 2569 874 terra

315 925 513 983 anima
557 932 626 983 et
674 922 818 1000 sol]
870 924 1088 985 Anima
1137 931 1196 984 et
1239 928 1332 984 sol
1374 941 1552 983 manu
1601 924 1809 1001 scripti
1856 920 1990 981 libri
2037 938 2259 1001 omneS,
2307 927 2364 981 et
2417 939 2570 980 unus

314 1029 611 1091 Politianus
656 1033 719 1091 in
766 1033 1035 1110 principe
1086 1030 1343 1091 editione
1392 1029 1755 1117 (1616νίῑ1ν61
1805 1046 2009 1089 errore
2058 1027 2253 1107 aliquo
2303 1027 2391 1087 vel
2439 1046 2565 1087 cor·

315 1139 552 1198 rectione
599 1139 820 1198 veteris
857 1137 995 1198 libri
1050 1138 1266 1198 ductus
1304 1138 1395 1197 vel
1435 1140 1793 1198 coniectura.
1859 1135 2018 1196 hunc
2057 1137 2248 1196 secuti
2290 1143 2430 1195 sunt
2469 1136 2571 1213 qui

314 1243 613 1322 fragmenta
677 1244 859 1305 Ennii
924 1245 1314 1326 collegerunt,
1391 1247 1495 1324 qui
1567 1244 1713 1304 haec
1779 1251 2078 1321 tamquam
2142 1244 2329 1322 ipsius
2397 1242 2572 1301 Ennii

317 1351 472 1411 verba
517 1354 577 1412 in
623 1352 970 1430 fragmentis
1016 1351 1356 1432 Epicharmi
1402 1352 1654 1411 Enniani
1704 1357 2048 1430 posuerunt.
2141 1349 2325 1409 Varro
2373 1358 2571 1409 autem

312 1458 500 1517 eodem
536 1458 771 1519 dicendi
808 1478 1025 1539 genere
1057 1478 1200 1520 usus
1241 1469 1330 1520 est
1368 1458 1392 1518 1
1421 1456 1481 1538 4,
1507 1457 1552 1520 4
1583 1461 1923 1536 porticibus
1953 1461 2119 1519 ostiis
2156 1476 2233 1519 ac
2265 1457 2573 1537 fenestris,

310 1556 478 1645 41,'4
514 1571 671 1640 ficus
719 1571 912 1627 malus
953 1571 1188 1644 punica
1235 1575 1292 1627 et
1340 1569 1500 1640 vitis,
1557 1564 1642 1626 68
1701 1584 1856 1626 uvae
1909 1569 2071 1626 mala
2119 1574 2178 1626 et
2221 1566 2433 1639 sorba,
2493 1563 2574 1623 111

311 1670 402 1752 12,
437 1671 475 1733 2
510 1677 620 1735 sed
653 1677 870 1736 horum
909 1678 1171 1735 omnium
1209 1677 1486 1734 custodia
1528 1677 1964 1734 incrementum
2010 1681 2071 1734 et
2099 1676 2300 1750 pastio
2339 1681 2575 1749 aperta,

311 1776 402 1859 13,
437 1778 475 1841 3
529 1799 847 1842 cervorum
900 1798 1193 1857 aprorum
1240 1787 1297 1840 et
1344 1788 1691 1840 ceterarum
1748 1782 2193 1855 quadripedum
2240 1782 2573 1839 multitudo,

467 1887 893 1967 Priusquam
934 1890 1203 1948 semina
1240 1889 1462 1946 iacias
1492 1886 1677 1965 quod
1716 1888 2000 1946 initium
2033 1886 2396 1946 fructuum
2435 1887 2574 1944 ori·

309 1992 443 2072 tur]
489 1997 660 2067 Quod
695 1997 840 2056 hinc
878 1998 1115 2055 initium
1154 1993 1425 2074 UrsinuS,
1462 1997 1629 2068 quod
1663 2012 1741 2054 ex
1785 1997 1859 2053 iis
1898 1996 2133 2053 initium
2174 1990 2576 2053 Schneiderus

310 2119 421 2160 non
454 2101 745 2163 intellecta
785 2101 1106 2162 verborum
1144 2108 1465 2169 structura.
1539 2119 1675 2160 nam
1714 2100 1857 2161 illud
1897 2102 2110 2178 ipsum,
2152 2100 2309 2177 quod
2353 2102 2574 2159 semina

309 2208 607 2290 iaciuntur,
663 2211 897 2270 initium
948 2215 1038 2268 est
1086 2209 1408 2290 fructuum,
1456 2207 1614 2286 quod
1663 2226 1798 2268 cum
1846 2206 2167 2286 generandi
2216 2196 2576 2285 principium

306 2315 586 2397 praebeat,
635 2319 805 2395 quasi
852 2318 1109 2395 primum
1157 2317 1391 2376 initium
1440 2317 1648 2376 oritur.

473 2422 512 2484 2
585 2423 726 2484 Nec
793 2442 928 2483 non
994 2442 1070 2483 ea
1139 2441 1318 2502 quae
1386 2424 1669 2482 faciunt
1733 2421 2016 2482 cultura
2081 2421 2575 2482 honestiorem

306 2547 530 2608 agrum
578 2531 924 2611 pleraque
981 2550 1116 2591 non
1167 2530 1392 2591 solum
1452 2531 1945 2590 fructuosiora
2003 2528 2241 2589 eadem
2301 2529 2578 2590 faciunt

309 2670 380 2679 -
412 2638 527 2699 sed
576 2641 788 2699 etiam
837 2637 1427 2714 uendibiliorem]
1484 2640 1739 2699 Cultura
1788 2648 2028 2698 auctore
2077 2636 2292 2697 Ursino
2350 2629 2576 2697 deleve-

309 2755 437 2806 runt
492 2745 796 2807 Gesnerus
861 2756 919 2807 et
978 2745 1398 2806 SchneideruS.
1482 2745 1961 2821 fructuosiorem
2025 2748 2280 2806 eundem
2343 2745 2479 2805 inde
2546 2765 2578 2805 a

310 2854 562 2932 principe
610 2853 872 2914 editione
919 2863 1227 2933 receptum
1286 2861 1430 2913 erat.
1515 2852 1994 2928 fructuosiorem
2049 2855 2259 2913 eadem
2315 2852 2581 2913 defendit

308 2958 673 3020 Zahlseldtius
703 2970 928 3039 quaest.
951 2963 1081 3021 crit.
1101 2963 1162 3021 in
1188 2959 1348 3020 Varr.
1373 2979 1485 3021 rer.
1512 2968 1659 3020 rust.
1690 2959 1818 3019 libr.
1840 2959 2102 3020 Berolini
2123 2978 2176 3019 a.
2198 2956 2361 3019 1881
2399 2977 2453 3036 p.
2476 2957 2578 3021 28.

308 3084 616 3143 pronomen
665 3071 876 3128 eadem
924 3077 1118 3128 autem
1167 3067 1380 3146 plurali
1429 3085 1679 3128 numero
1731 3067 1955 3127 dictum
2002 3073 2062 3126 et
2111 3085 2243 3127 cum
2283 3071 2580 3143 pleraque

309 3177 679 3261 coniunctum
727 3185 846 3257 est,
897 3184 964 3236 ut
1011 3174 1035 3234 1
1076 3172 1141 3253 7,
1180 3171 1222 3235 5
1279 3178 1489 3235 eadem
1546 3178 1775 3254 omnia,
1831 3172 1912 3233 111
1956 3171 2063 3254 16,
2102 3171 2187 3233 24
2244 3193 2323 3234 ex
2371 3177 2580 3234 iisdem

310 3286 565 3344 omnibus
612 3285 823 3356 rebus,
872 3283 893 3341 1
934 3279 1038 3362 23,
1068 3280 1108 3342 6
1156 3285 1458 3356 quaedam
1505 3286 1641 3342 loca
1689 3285 1900 3343 eadem
1956 3284 2082 3341 alia
2130 3284 2216 3341 ad
2257 3285 2582 3342 serendum

310 3391 526 3451 idonea.

467 3495 681 3556 Nemo
731 3498 916 3556 enim
964 3494 1203 3556 eadem
1253 3495 1560 3556 utilitati
1620 3513 1757 3554 non
1806 3495 2192 3554 formosius
2242 3494 2422 3572 quod
2473 3504 2582 3554 est

308 3620 525 3664 emere
594 3602 872 3663 ‘mauult
936 3602 1175 3680 pluris
1240 3620 1447 3679 quam
1505 3604 1565 3661 si
1632 3609 1740 3660 est
1803 3597 2241 3660 fructuosus
2306 3600 2577 3679 turpis]

311 3706 603 3771 Rariorem
653 3709 889 3778 ablativi
936 3712 1184 3770 formam
1242 3713 1517 3782 utilitati,
1575 3709 1732 3767 sicut
1778 3707 1885 3767 alia
1935 3710 2063 3767 eius
2111 3709 2346 3785 generis
2395 3706 2581 3785 plura,

312 3816 398 3877 uhi
443 3817 718 3879 codicum
766 3819 1118 3878 auctoritate
1166 3817 1508 3876 confirmata
1548 3826 1734 3895 erant,
1782 3817 2021 3894 retinui,
2068 3814 2091 3872 1
2135 3812 2234 3895 12,
2264 3812 2304 3873 2
2342 3817 2580 3874 heredi-

313 3929 424 4000 tati,
470 3925 495 3985 1
536 3922 640 4004 13,
670 3920 729 3985 5.
777 3921 883 4003 40,
913 3922 972 3984 6.
1021 3923 1099 3983 111
1139 3923 1198 4005 3,
1230 3921 1296 4004 8;
1346 3921 1386 3984 9
1429 3927 1616 4000 parti,
1664 3925 1806 3981 item
1853 3921 1930 3980 ΠΙ
1971 3918 2162 4001 5,16.
2217 3918 2314 4002 16,
2343 3917 2384 3981 5
2431 3924 2581 3994 orbi,

311 4028 451 4112 112,
482 4031 524 4094 3
564 4035 842 4104 convalli,
890 4029 1049 4111 122,
1080 4029 1140 4091 6.
1179 4028 1262 4092 56
1312 4034 1487 4103 clavi,
1536 4030 1560 4088 1
1601 4026 1686 4089 64
1725 4031 1869 4104 iqui,
1917 4024 2055 4088 153
2095 4030 2286 4100 messi,
2326 4025 2376 4085 11
2413 4025 2509 4106 11,
2539 4024 2581 4088 5

314 4144 472 4215 rumi,
521 4138 601 4198 111
636 4136 739 4218 16,
767 4135 849 4198 37
892 4140 1086 4212 imbri,
1126 4136 1203 4196 ΠΙ
1238 4134 1338 4216 14,
1367 4133 1409 4198 5
1450 4137 1639 4212 farri.
1677 4169 1749 4177 —
1784 4153 1964 4211 quam
2001 4138 2059 4195 si
2083 4142 2173 4196 est
2201 4133 2585 4209 fructuosius

315 4251 471 4322 turpe
518 4244 772 4325 Merula,
830 4244 1131 4323 archetypi
1180 4247 1536 4322 scripturam
1585 4243 1882 4303 Victorius
1931 4242 2191 4302 restituit
2202 4289 2219 4321 ,
2277 4258 2459 4314 quam
2512 4245 2581 4319 si,

315 4356 412 4411 etsi
444 4352 851 4430 fructuosius,
901 4360 1079 4427 turpe
1125 4358 1214 4411 est
1251 4350 1580 4429 Nettleship
1628 4352 1690 4409 in
1729 4367 1935 4409 museo
1983 4347 2340 4427 philologico
2379 4345 2581 4406 Canta·

319 4453 581 4537 brigiensi
638 4477 687 4518 a.
737 4454 900 4518 1877
952 4477 1007 4535 p.
1058 4454 1213 4539 173,
1271 4456 1428 4536 quod
1487 4463 1853 4535 quantopere
1910 4473 1940 4513 a
1998 4453 2247 4532 simplici
2308 4452 2583 4514 Varronis

322 4578 572 4628 sermone
624 4564 968 4645 abhorreat,
1025 4582 1198 4624 nemo
1246 4583 1363 4625 non
1415 4563 1587 4623 videt.
1682 4581 1876 4640 neque
1933 4562 2319 4621 offensionem
2368 4560 2584 4623 habere

596 4675 627 4685 ἢ
