3178 5185
577 403 702 466 152
1553 403 1927 460 VARRONIS

571 570 1056 648 praecipiendum
1121 572 1258 653 fuit,
1322 572 1537 650 nequis
1593 573 1824 631 iniussu
1881 571 2040 632 vilici
2094 574 2332 652 exierit,
2398 590 2591 649 neque
2649 571 2861 631 vilicus

571 678 803 737 iniussu
859 677 1081 737 domini
1134 677 1397 759 longiuS,
1462 696 1638 757 quam
1696 687 1762 739 ut
1818 679 2024 739 eodem
2081 679 2176 739 die
2229 680 2481 760 rediret,
2547 697 2741 756 neque
2797 678 2857 737 id

520 782 882 863 GerebriuS,
953 802 1126 862 quam
1202 804 1352 864 opus
1419 792 1578 845 esset
1644 786 1842 873 fundo.
1955 785 2220 864 [quarto]
2289 786 2542 847 eundem
2607 785 2857 845 fundum

569 891 1027 951 fructuosiorem
1095 892 1320 952 faciunt
1375 902 1678 973 vecturae,
1744 896 1795 952 si
1861 895 1985 953 viae
2042 900 2207 973 sunt,
2275 912 2390 972 qua
2447 893 2708 972 plaustra
2764 895 2858 971 agi

568 997 737 1058 facile
774 1000 1035 1079 possint,
1071 1007 1172 1073 aut
1210 999 1450 1060 flumina
1491 1002 1842 1081 propinqua,
1889 1020 2003 1079 qua
2045 1003 2302 1080 navigari
2339 1002 2545 1079 possit.
2640 999 2859 1078 quibus
2921 1008 2950 1048 ⁵

570 1106 839 1184 utrisque
914 1107 1097 1167 rebus
1170 1107 1340 1167 evehi
1413 1114 1589 1186 atque
1664 1109 1862 1168 invehi
1927 1109 1995 1168 ad
2065 1092 2246 1168 multa’
2311 1108 2550 1187 praedia
2619 1108 2857 1167 scimus

567 1214 754 1273 refert
808 1215 984 1273 etiam
1042 1214 1112 1274 ad
1177 1214 1341 1275 fundi
1387 1216 1647 1294 fructuS,
1702 1234 1881 1294 quem
1928 1215 1999 1275 ad
2046 1215 2286 1275 modum
2334 1216 2565 1275 vicinus
2613 1216 2674 1273 in
2715 1232 2859 1274 con·

567 1321 708 1379 finio
769 1323 1065 1381 consitum
1123 1340 1328 1399 agrum
1385 1321 1615 1382 haheat.
1708 1325 1760 1382 si
1815 1324 1971 1382 enim
2028 1322 2097 1381 ad
2156 1321 2403 1382 limitem
2459 1328 2859 1401 querquetum

566 1427 761 1509 habet,
809 1447 925 1489 non
975 1431 1169 1507 possis
1216 1437 1380 1490 recte
1429 1428 1756 1489 secundum
1795 1447 1926 1488 eam
1964 1429 2167 1489 silvam
2208 1448 2408 1489 serere
2448 1428 2653 1508 oleam,
2700 1429 2859 1507 quod

571 1553 758 1614 usque
826 1554 896 1595 eo
953 1544 1045 1596 est
1100 1538 1465 1596 contrarium
1521 1544 1759 1616 natura,
1815 1543 1883 1598 ut
1937 1536 2181 1596 arbores
2237 1555 2356 1595 non
2412 1530 2625 1595 solum'
2660 1538 2860 1597 minus
2888 1553 2951 1591 ιο

567 1642 788 1723 ferant,
845 1642 948 1702 sed
1005 1645 1181 1704 etiam
1229 1645 1486 1724 fugiant,
1543 1653 1611 1703 ut
1657 1646 1986 1704 introrsum
2033 1645 2094 1702 in
2141 1643 2391 1703 fundum
2438 1662 2502 1703 se
2548 1642 2862 1722 reclinent,

570 1756 636 1809 ut
681 1751 818 1809 vitis
866 1750 1051 1810 adsita
1099 1750 1169 1810 ad
1217 1750 1392 1811 holus
1438 1752 1633 1810 facere
1681 1750 1846 1811 solet.
1937 1757 2006 1811 ut
2053 1769 2329 1830 quercuS,
2376 1752 2461 1810 sic
2508 1748 2860 1828 iugulandes

570 1875 814 1934 magnae
863 1864 923 1917 et
969 1858 1213 1918 crebrae
1262 1859 1545 1918 finitimae
1594 1851 1764 1917 fundi
1809 1875 1973 1917 oram
2020 1857 2245 1917 faciunt
2292 1852 2572 1916 sterilemss

292 1974 295 1977 ·
394 1959 588 2020 ΧῊΓ
745 1964 830 2023 De
895 1965 1063 2025 fundi
1128 1972 1408 2044 quattuor
1473 1963 1770 2043 partibuS,
1844 1982 1995 2042 quae
2059 1982 2196 2023 cum
2260 1963 2385 2023 solo
2450 1962 2726 2042 haerent,
2800 1968 2861 2021 et

567 2070 770 2131 alteris
810 2079 1108 2154 quattuor,
1149 2092 1298 2152 quae
1337 2080 1502 2132 extra
1540 2071 1789 2131 fundum
1829 2079 1970 2130 sunt
2008 2078 2068 2131 et
2103 2070 2176 2130 ad
2216 2069 2510 2130 culturam
2538 2070 2859 2150 pertinent,
2889 2086 2946 2125 15·

567 2178 704 2238 dixi.
807 2198 967 2239 nunc
1033 2180 1252 2261 dicam,
1318 2182 1446 2258 agri
1505 2178 1721 2258 quibus
1777 2176 1959 2238 rebus
2015 2178 2301 2238 colantur.
2403 2195 2554 2255 quas
2605 2195 2704 2237 res
2760 2177 2860 2237 alii

565 2286 837 2345 dividunt
881 2288 942 2346 in
991 2286 1139 2346 duas
1184 2296 1400 2367 parteS,
1450 2288 1511 2345 in
1554 2285 1824 2345 homines
1864 2293 1925 2345 et
1960 2282 2316 2344 adminicula
2354 2283 2680 2365 hominum,
2727 2286 2857 2344 sine

569 2391 786 2470 quibus
835 2392 1017 2453 rebus
1065 2393 1261 2453 colere
1309 2412 1427 2453 non
1475 2400 1753 2474 possunt3
1800 2391 1899 2452 alii
1944 2393 2005 2451 in
2045 2398 2168 2451 tres
2211 2397 2429 2469 parteS,
2474 2393 2860 2451 instrumenti

565 2517 754 2577 genus
801 2499 999 2560 vocale
1047 2509 1108 2561 et
1153 2499 1502 2561 semivocale
1550 2508 1612 2560 et
1657 2507 1907 2583 mutum,
1954 2499 2169 2579 vocale,
2217 2500 2281 2558 in
2328 2517 2444 2577 quo
2493 2506 2636 2559 sunt
2680 2499 2858 2578 servi,

569 2606 946 2688 semivocale,
1014 2610 1076 2667 in
1132 2627 1249 2687 quo
1307 2616 1448 2669 sunt
1503 2607 1712 2689 boves,
1772 2614 2030 2687 mutum,
2086 2608 2147 2666 in
2205 2624 2322 2685 quo
2381 2612 2522 2666 sunt
2574 2605 2855 2685 plaustra.
2886 2620 2940 2661 80

566 2732 771 2775 omnes
833 2717 960 2793 agri
1015 2714 1293 2775 coluntur
1346 2715 1683 2777 hominibus
1740 2717 1928 2775 servis
1984 2720 2085 2773 aut
2138 2712 2343 2773 liberis
2399 2723 2501 2773 aut
2555 2714 2858 2791 utrisque:

463 2840 467 2846 ’
566 2820 797 2903 liberiS,
863 2829 966 2882 aut
1031 2841 1167 2883 cum
1232 2823 1349 2900 ipsi
1413 2823 1642 2905 colunt,
1709 2831 1775 2883 ut
1830 2822 2099 2901 plerique
2154 2820 2504 2899 pauperculi
2558 2838 2695 2880 cum
2752 2839 2859 2882 sua

565 2931 866 3010 progenie,
913 2937 1016 2990 aut
1060 2931 1506 3011 mercennariiS,
1554 2949 1689 2990 cum
1729 2929 2121 2989 conducticiis
2158 2926 2484 2987 liberorum
2524 2929 2724 3005 operis
2760 2946 2859 2988 res

565 3037 845 3116 maioreS,
919 3045 985 3096 ut
1048 3037 1372 3098 vindemias
1437 3056 1504 3097 ac
1570 3032 1902 3116 faenisicia,
1967 3035 2410 3115 administrant,
2481 3036 2642 3113 iique
2708 3053 2859 3113 quos

709 3370 740 3418 2
779 3365 989 3419 rediret
1021 3367 1135 3421 PB
1172 3367 1406 3422 redisset
1432 3367 1552 3422 Am
1587 3367 1818 3421 redierit
1852 3384 1884 3420 v
2029 3373 2061 3421 6
2099 3370 2267 3434 atque
2304 3365 2496 3420 inuehi
2531 3382 2631 3422 om.
2660 3366 2717 3421 A

455 3448 458 3451 ⁴
565 3458 597 3507 8
657 3457 1026 3522 querquetum
1071 3455 1248 3510 PAB
1294 3454 1619 3525 quercetum
1655 3473 1689 3511 v
1836 3462 1898 3510 11
1955 3456 2252 3509 introrsum
2306 3455 2419 3510 VB
2464 3454 2765 3509 introssum
2804 3456 2858 3509 A

565 3559 701 3597 corr.
750 3542 1052 3598 introrsum
1090 3545 1172 3599 A2
1318 3551 1382 3600 12
1429 3544 1617 3601 adsita
1652 3562 1683 3600 v
1731 3544 1945 3601 adsista
1984 3545 2166 3599 PAB
2311 3545 2384 3599 ad
2419 3543 2583 3598 holus
2620 3544 2742 3599 AB
2788 3545 2861 3599 ad

567 3629 688 3684 olus
743 3630 797 3684 V
969 3632 1072 3686 ‘Vt
1123 3650 1386 3702 quercus,
1444 3634 1523 3689 sie
1576 3633 1897 3703 iuglandes,
1954 3634 2059 3687 etc.
2145 3633 2245 3686 Ita
2296 3648 2363 3687 ex
2416 3634 2635 3702 ingenio
2690 3650 2861 3688 emen-

566 3720 728 3786 daui,
793 3736 948 3790 spero
1009 3738 1142 3777 sane
1204 3724 1617 3793 castiyationem
1678 3725 1821 3778 hanc
1881 3722 2143 3777 studiosis
2204 3723 2349 3777 uiris
2406 3723 2699 3791 probatum
2762 3724 2858 3791 iri,

564 3809 722 3864 uolui
755 3814 937 3865 tamen
972 3813 1237 3880 pusillum
1273 3814 1549 3880 licentiae,
1587 3828 1693 3882 quo
1728 3827 1862 3866 usus
1896 3812 2127 3880 fueram,
2166 3812 2409 3880 aperire.-
2446 3809 2596 3866 Nam
2614 3813 2686 3866 ,in
2714 3813 2860 3889 anti-

565 3899 843 3968 quis-simo,
881 3906 931 3956 et
965 3902 1167 3970 optimo
1195 3902 1335 3957 libro
1362 3902 1719 3973 Iugulandes,
1756 3902 2021 3969 scriptum
2047 3901 2358 3970 obseruaui,
2395 3906 2459 3955 ut
2486 3902 2548 3955 in
2575 3901 2670 3957 illo
2697 3902 2860 3957 etiam

566 3988 681 4042 loco
717 3988 783 4042 in
817 3990 995 4046 eodem
1030 3991 1127 4045 hoc
1173 3992 1312 4046 libro
1347 3992 1459 4062 [67
1467 3991 1532 4063 ἓ]
1604 3991 1787 4044 Nuces
1823 3990 2152 4059 iuyulandes
2189 3990 2252 4043 in
2287 3990 2517 4045 harena'
2583 3990 2860 4045 Victorius

709 4093 945 4145 quercus
999 4078 1109 4134 VB
1165 4096 1443 4148 querquus
1490 4079 1546 4134 A
1689 4079 1737 4133 si
1781 4076 2114 4148 iugulandes
2164 4079 2281 4132 PA
2327 4076 2377 4132 si
2421 4077 2715 4148 iuglandes
2761 4079 2858 4134 Bv

712 4207 779 4255 15
816 4202 914 4271 qui
949 4205 1108 4258 extra
1144 4204 1200 4259 A
1235 4220 1372 4260 corr.
1412 4220 1518 4272 que
1556 4205 1716 4258 extra
1742 4202 1824 4258 A²
1970 4210 2034 4259 17
2072 4170 2731 4270 hominesetadminicula,
2767 4203 2860 4257 sed

568 4291 626 4344 et
661 4295 1088 4362 superscriptum
1123 4299 1186 4347 ut
1221 4295 1437 4348 videtur
1472 4291 1557 4345 A2
1703 4298 1767 4346 19
1803 4292 1862 4346 in
1890 4292 2026 4363 quo]
2059 4291 2145 4347 sin
2176 4309 2287 4360 quo
2309 4293 2490 4361 primo
2518 4291 2637 4345 loco
2661 4290 2719 4345 B

569 4383 636 4431 21
677 4396 867 4435 omnes
896 4381 1019 4451 agri
1055 4383 1175 4436 AB
1218 4399 1408 4437 omnes
1444 4380 1489 4435 ii
1525 4381 1649 4450 agri
1694 4380 1748 4435 V
1883 4387 1951 4435 22
1990 4382 2056 4435 ut
2091 4379 2393 4453 plerisque,
2428 4381 2522 4435 sed
2559 4395 2586 4432 s
2620 4396 2858 4449 expunc-

567 4473 684 4522 tum
720 4474 784 4524 ut
816 4470 1033 4526 videtwr
1064 4471 1147 4525 ΑΒ
1289 4478 1359 4526 23
1395 4469 1792 4526 mercennariis
1819 4471 1874 4525 B
1910 4470 2269 4526 mercenariis
2308 4470 2422 4526 VA
2563 4474 2633 4523 24
2668 4468 2858 4524 senisi-

570 4558 657 4613 cia
693 4560 747 4613 A
787 4558 1080 4614 foenisicia.
1126 4560 1241 4616 VB
1382 4559 1563 4629 iisque
1601 4560 1965 4616 Schneiderus
