3178 5185
718 449 982 505 RERVM
1016 448 1497 504 RVSTICARVM
1533 450 1668 512 LIB.
1707 451 1732 504 I
1775 448 1806 503 1
1818 449 1852 506 7
1867 478 1936 486 —
1952 449 1984 503 1
1995 449 2030 504 9
2434 443 2515 506 61

271 623 400 666 rum.
460 623 586 665 nam
624 605 863 665 omissis
901 604 1233 666 minoribus
1270 604 1499 684 fundiS,
1535 605 1599 664 in
1638 603 1855 683 quibus
1903 604 2142 666 vilicum
2183 603 2522 666 babendum

272 730 385 772 esse
433 731 533 792 per
587 729 652 772 se
700 712 1047 794 apparebat,
1094 711 1167 772 de
1213 710 1538 771 maioribus
1598 710 1798 772 fundis
1853 713 2235 791 praecipitur.
2310 714 2371 771 in
2427 711 2521 772 his

275 819 428 896 igitur
468 836 582 878 non
627 816 834 897 plures
880 819 1036 879 vilici
1080 816 1338 878 habendi
1384 826 1543 899 sunt,
1591 818 1695 879 sed
1747 821 2157 898 operariorum
2204 826 2266 878 et
2309 818 2522 879 bubul-

270 941 447 984 corum
491 943 775 987 numerus
823 926 1173 1006 plerumque
1221 944 1331 1006 pro
1377 928 1649 1006 portione
1698 925 2005 1004 augendus
2052 933 2162 986 est.

417 1029 496 1091 Ut
533 1033 723 1091 arari
760 1050 900 1092 non
935 1035 1167 1112 possit
1206 1033 1389 1112 quod
1429 1035 1496 1092 si
1527 1034 2005 1112 consragosus
2034 1039 2245 1111 atque
2276 1034 2522 1094 arduis

271 1136 490 1214 cliuis]
568 1139 642 1198 Ut
694 1144 852 1199 totus
898 1142 1083 1200 arari
1133 1158 1252 1200 non
1291 1143 1501 1222 possit,
1547 1146 1618 1200 ut
1658 1143 1716 1200 si
1765 1142 1847 1200 sit
1889 1137 2293 1216 confraqosus
2340 1148 2522 1216 atque

270 1246 476 1328 arduus
520 1247 691 1305 clivis
738 1262 809 1305 ex
856 1244 1063 1306 Aldina
1110 1245 1367 1306 editione
1413 1245 1714 1324 vulgatum
1764 1255 1907 1307 erat.

415 1347 455 1411 5
518 1350 565 1411 Ε
613 1369 751 1430 quo
807 1370 1015 1431 quom
1071 1361 1271 1415 sexta
1318 1371 1483 1432 pars
1542 1355 1637 1414 sit
1693 1372 1770 1413 ea
1818 1351 1919 1412 XL
1974 1372 2150 1432 quae
2198 1352 2281 1413 de
2327 1353 2522 1414 CCXL

260 1455 650 1534 demuntur]
718 1459 1096 1521 Diminuitur
1159 1459 1411 1543 Merula,
1478 1464 1741 1522 demitur
1803 1459 2133 1542 IucunduS,
2199 1463 2524 1544 demuniur

259 1561 527 1624 Victorius
573 1566 856 1626 restituit.
931 1585 1126 1646 neque
1174 1564 1567 1628 dubitandum
1626 1575 1756 1628 erat
1811 1566 1883 1628 de
1931 1567 2219 1647 singulari
2274 1586 2523 1628 numero

255 1673 328 1729 sit
374 1689 496 1731 cum
557 1672 797 1731 nomine
845 1691 1002 1749 pars
1057 1676 1403 1755 coniuncto,
1470 1676 1738 1763 quamvis
1799 1682 2085 1754 sequatur
2139 1672 2385 1752 pluralis
2449 1692 2525 1736 ea

259 1780 683 1853 quadraqinta:
729 1777 782 1838 II
823 1776 882 1861 1,
922 1777 1005 1840 12
1052 1784 1236 1841 tertia
1277 1799 1430 1856 pars
1468 1788 1559 1841 est
1596 1785 1657 1842 in
1698 1785 2005 1859 pecuaria
2046 1798 2206 1857 quae
2250 1800 2371 1842 non
2409 1800 2522 1859 pa-

257 1890 475 1959 rantur,
520 1882 602 1944 III
639 1881 700 1967 3,
729 1880 770 1945 6
818 1903 1033 1946 earum
1073 1885 1322 1962 fructus
1367 1894 1506 1949 erat
1550 1905 1664 1948 ova
1711 1895 1770 1948 et
1809 1891 1979 1963 pulli.

409 1990 557 2052 Non
603 1991 818 2051 uideo
866 1992 1453 2071 quemadmodum
1499 2013 1580 2055 ex
1629 1997 1786 2054 eius
1824 2001 2216 2073 praecepto
2255 1994 2520 2056 demam

256 2105 496 2158 sextam
544 2107 820 2177 partem
859 2107 928 2160 et
963 2098 1048 2160 de
1084 2099 1219 2159 XIII
1257 2099 1674 2181 mancipiis]
1716 2103 1797 2161 Et
1833 2100 2236 2161 Schneiderus
2284 2100 2517 2174 delevit.

255 2220 427 2282 neque
465 2211 662 2266 tamen
700 2203 1089 2267 dubitandum
1128 2206 1202 2267 de
1241 2208 1543 2287 frequenti
1578 2226 1696 2268 usu
1732 2207 2056 2287 particulae
2096 2215 2155 2268 et
2189 2225 2298 2287 pro
2338 2211 2520 2268 etiam

256 2312 475 2394 positae,
521 2313 693 2372 cuius
741 2310 888 2372 haec
937 2312 1204 2393 exempla
1250 2333 1322 2375 ex
1367 2314 1462 2375 his
1509 2313 1680 2375 libris
1720 2313 2010 2389 adnotavi,
2057 2313 2082 2373 I
2120 2312 2202 2376 37
2206 2362 2225 2396 ,
2252 2310 2295 2375 5
2336 2333 2518 2389 quae-

258 2417 381 2476 dam
420 2421 476 2479 si
498 2451 584 2462 --
607 2422 1015 2495 proscideris,
1068 2426 1130 2481 et
1173 2423 1546 2497 iterandum,
1604 2418 1719 2503 41,
1755 2418 1800 2482 4
1847 2440 1921 2482 ea
1967 2440 2127 2497 quae
2172 2424 2420 2482 laxiora
2466 2429 2525 2482 et

251 2520 612 2602 secundiora,
659 2524 713 2585 11
750 2527 933 2606 praef.
974 2523 1014 2587 6
1062 2529 1226 2604 quod
1268 2534 1330 2588 et
1374 2531 1500 2605 ipse
1530 2530 1870 2605 pecuarias
1906 2530 2112 2606 habui,
2163 2525 2220 2611 1,
2249 2525 2337 2589 24
2379 2546 2523 2589 nam

257 2637 307 2689 et
342 2636 443 2706 qui
475 2640 669 2710 parat
705 2651 898 2710 pecus
943 2652 1188 2696 necesse
1224 2642 1314 2695 est
1349 2638 1684 2696 constituat
1719 2653 2053 2711 numerum,
2101 2633 2162 2717 2,
2197 2632 2283 2696 14
2326 2638 2522 2697 deter-

257 2745 376 2798 rent
425 2742 498 2800 ab
556 2742 831 2802 saliendo
896 2747 956 2802 et
1000 2745 1269 2814 fiscellas
1312 2774 1389 2785 —
1430 2745 1598 2818 quod
1658 2746 1939 2824 alliyant,
1997 2739 2065 2825 8,
2110 2739 2154 2802 4
2211 2748 2353 2803 ante
2409 2745 2518 2804 ad-

256 2847 549 2907 missuram
595 2854 657 2908 et
700 2850 938 2922 larqius
976 2846 1262 2928 facimus,
1310 2845 1369 2930 9,
1398 2843 1441 2910 5
1488 2851 1696 2923 itaque
1741 2855 1802 2909 et
1845 2867 1884 2909 a
1922 2850 2275 2924 reqionibus
2312 2852 2521 2925 appel-

258 2951 455 3033 lantur,
499 2952 579 3013 III
618 2950 688 3036 9,
727 2950 809 3014 21
860 2956 1107 3030 quidam
1154 2962 1215 3015 et
1251 2957 1491 3016 triticeo
1531 2973 1701 3032 pane
1740 2954 2054 3036 farciunt,
2115 2951 2224 3036 14,
2263 2952 2304 3016 3
2354 2958 2524 3031 ipsae

258 3062 308 3115 et
335 3063 702 3121 ruminantes
741 3093 815 3102 —
862 3064 1048 3122 vitam
1094 3064 1200 3123 diu
1240 3064 1610 3138 producunt,
1674 3058 1783 3143 17,
1827 3059 1859 3121 1
1910 3063 2077 3137 quod
2118 3068 2179 3122 et
2222 3064 2520 3122 candida-

260 3168 364 3223 tum
404 3173 670 3228 nostrum
718 3174 1037 3228 venturum
1082 3169 1439 3229 sciebamus.
1513 3167 1641 3249 alia,
1679 3186 1830 3246 quae
1877 3185 1995 3228 non
2042 3176 2205 3227 recte
2245 3166 2315 3227 ad
2359 3167 2522 3228 hunc

259 3285 411 3331 usum
454 3273 637 3334 relata
683 3281 870 3356 erant,
917 3273 1107 3334 deleta
1164 3273 1450 3353 particula
1501 3281 1583 3350 et,
1642 3292 1792 3353 quae
1849 3291 2024 3354 saepe
2080 3275 2142 3333 in
2200 3273 2295 3335 bis
2353 3272 2523 3335 libris

261 3380 541 3442 manifesto
589 3380 970 3442 librariorum
1017 3399 1222 3441 errore
1269 3380 1466 3442 addita
1514 3387 1622 3462 est,
1672 3382 1923 3441 correxi.

417 3487 486 3548 In
535 3488 577 3549 C
636 3486 1052 3566 iugeribus]
1111 3488 1341 3549 Omissa
1389 3489 1830 3567 praepositione
1885 3486 2113 3548 Nonius
2170 3507 2226 3567 p.
2275 3483 2433 3569 501,
2485 3487 2519 3549 1

275 3589 447 3654 Varro
492 3598 567 3656 de
613 3614 686 3656 re
730 3599 966 3656 rustica
1003 3598 1104 3657 lib.
1144 3597 1187 3657 I
1216 3603 1456 3656 centum
1496 3596 1813 3670 iuyeribus
1850 3597 2168 3657 vinearum
2204 3611 2353 3671 opus
2394 3612 2525 3655 esse

265 3701 576 3768 quindecim
622 3705 949 3779 mancipia.
2294 3681 2299 3686 ⁸

415 3804 453 3867 6
516 3807 649 3878 Qui
696 3809 796 3867 ait
840 3805 1123 3887 singula
1169 3809 1417 3886 iugera
1465 3807 1844 3886 quaternis
1891 3806 2132 3884 operis
2171 3823 2309 3865 uno
2356 3823 2522 3882 ope-

270 3913 433 3972 rario
469 3915 552 3975 ad
592 3913 1126 3976 conficiendum
1165 3915 1343 3974 satis
1382 3912 1569 3991 esse]
1619 3915 1741 3986 Qui
1775 3915 1866 3973 ait
1901 3915 1987 3973 ad
2019 3914 2264 3987 sinyula
2302 3915 2521 3987 iuyera

267 4024 565 4085 quaternas
610 4039 835 4099 operas
881 4023 968 4082 ad
1010 4024 1453 4095 conficiendum
1498 4023 1651 4081 satis
1698 4038 1825 4081 esse
1872 4018 2143 4078 Ursinus.
2217 4035 2338 4078 uno
2386 4035 2520 4094 ope-

270 4126 415 4185 rario
473 4126 665 4190 dativo
733 4146 875 4188 casu
937 4127 1163 4188 dictum
1219 4146 1349 4188 esse
1415 4126 1561 4186 vidit
1617 4125 1932 4186 Gesnerus.
2026 4122 2258 4202 singula
2322 4130 2520 4183 autem

274 4223 447 4305 iugera
474 4236 779 4314 quaternis
809 4236 1007 4314 operis
1034 4253 1220 4295 unum
1248 4234 1549 4294 hominem
1579 4231 1899 4294 confodere
1929 4248 2106 4310 posse
2135 4248 2208 4290 ex
2234 4229 2522 4291 Sasernae

276 4344 570 4420 Praeceptis
617 4342 845 4403 dictum
895 4351 1023 4402 erat
1068 4360 1246 4421 supra
1294 4340 1334 4418 ξ
1372 4339 1431 4402 2.

419 4450 540 4508 XIX
597 4446 633 4510 1
702 4448 780 4508 In
828 4447 1127 4509 oliuetis
1166 4445 1361 4508 CCXL
1410 4444 1724 4524 ingeris]
1777 4446 2067 4520 querum
2113 4443 2269 4505 edita
2307 4443 2444 4505 inde
2492 4463 2525 4506 a

276 4545 504 4631 principe
531 4555 793 4617 editione
814 4553 1185 4633 exemplaria.
1223 4553 1530 4633 archetypi
1558 4553 1916 4630 scripturam
1939 4549 2260 4613 Kettnerus
2289 4549 2521 4614 observ.
