3178 5185
815 434 1074 488 RERVM
1112 433 1592 488 RVSTICARVM
1631 433 1765 488 LIB.
1806 435 1859 488 II
1898 431 2068 489 3—-4
2458 424 2582 490 157

471 587 510 651 8
578 588 894 667 Exigunt
932 607 962 648 a
1001 606 1215 668 grege
1254 591 1323 648 in
1365 607 1649 668 campos
1688 588 1929 655 hircos
1968 591 2037 648 in
2078 588 2379 667 caprilia
2420 591 2586 649 item

304 704 372 756 ut
414 699 484 756 in
533 696 899 757 arietibus
948 694 1256 771 dictum]
1318 697 1391 755 In
1440 713 1685 773 campos
1730 696 2061 775 apographa
2119 698 2312 756 omnia
2370 705 2429 758 et
2475 700 2582 757 im-

303 821 494 881 pressa
543 804 682 864 inde
733 802 804 863 ab
844 802 1076 863 Iuntina
1126 802 1386 862 editione
1434 802 1808 882 exemplaria,
1848 806 1911 863 in
1952 820 2164 879 campo
2202 803 2384 863 editio
2422 806 2584 883 prin-

303 928 431 988 ceps
478 929 507 969 a
557 910 849 971 Politiano
907 928 1025 969 non
1074 918 1369 991 correcta,
1426 929 1460 970 e
1518 913 1748 986 campis
1794 908 2027 990 Aldina,
2085 908 2185 969 ubi
2230 908 2482 970 Ursinus
2541 931 2579 972 α

297 1035 476 1091 yreqe
520 1037 555 1077 e
603 1021 835 1094 campis
889 1017 1122 1077 delevit.
1219 1019 1457 1077 restitui
1503 1017 1794 1095 principis
1842 1015 2115 1076 editionis
2162 1016 2475 1083 lectionem
2517 1022 2577 1079 in

301 1141 526 1201 campo,
588 1143 741 1204 quae
789 1124 1050 1185 Merulae
1098 1125 1476 1184 coniecturae
1524 1123 1794 1184 debetur.
1870 1141 2002 1183 nam
2059 1142 2089 1183 a
2151 1142 2329 1203 grege
2376 1144 2577 1204 capra-

299 1250 441 1314 rum,
479 1234 585 1312 qui
622 1235 684 1293 in
723 1251 930 1311 campo
967 1233 1250 1312 pascitur,
1287 1231 1439 1293 hirci
1480 1230 1794 1310 separandi
1831 1238 1891 1290 et
1927 1232 1987 1290 in
2028 1231 2265 1309 caprilia
2306 1232 2583 1310 exigendi

302 1348 446 1400 sunt.
522 1339 597 1400 de
648 1338 1033 1400 secernendis
1081 1337 1366 1398 arietibus
1415 1338 1639 1398 dictum
1689 1345 1779 1397 est
1824 1336 1877 1396 11
1915 1333 1975 1418 2,
2013 1335 2107 1398 13.

464 1447 638 1508 Post
696 1457 1016 1527 quartum
1075 1465 1383 1508 mensem
1440 1444 1716 1523 reddit]
1780 1448 1923 1506 Post
1983 1449 2256 1521 quintum
2320 1465 2577 1509 mensem

301 1551 541 1615 Ursinus
590 1554 820 1615 collatis
867 1556 940 1614 iis
988 1572 1138 1633 quae
1187 1553 1261 1613 de
1310 1555 1502 1633 capris
1550 1554 1772 1632 scripta
1820 1560 1960 1613 sunt
2007 1552 2166 1632 apud
2199 1554 2574 1616 Aristotelem

297 1659 423 1720 hist.
461 1663 640 1721 anim.
689 1660 762 1720 VI
806 1657 905 1740 19,
940 1657 1067 1721 130
1113 1650 1258 1720 κύει
1307 1652 1381 1719 δὲ
1426 1654 1622 1720 πέντε
1669 1655 1885 1739 μῆνας
1929 1652 2040 1719 καὶ
2086 1653 2429 1740 πρόβατον
2470 1655 2581 1723 καὶ

298 1762 410 1847 αἶξ,
455 1768 516 1828 in
565 1769 911 1847 geoponicis
958 1765 1140 1826 xvnl
1180 1762 1239 1848 9,
1277 1766 1306 1826 1
1357 1773 1687 1846 κυοφορεῖ
1729 1759 1804 1826 δὲ
1851 1785 1880 1826 ε
1927 1769 2171 1846 μῆνας,
2232 1758 2451 1849 ὥσπερ
2498 1760 2577 1830 τὰ

295 1869 606 1954 πρόβατα,
656 1874 810 1953 apud
859 1873 1116 1934 Plinium
1165 1872 1287 1932 V111
1328 1870 1461 1934 200
1500 1876 1852 1950 concipiunt
1890 1876 2214 1935 Novembri
2256 1893 2474 1951 mense,
2517 1883 2584 1936 ut

298 1981 517 2042 Martio
556 1985 836 2059 pariant.
927 1980 1085 2040 idem
1133 1979 1309 2040 docet
1354 1978 1566 2061 Varro,
1615 1999 1750 2040 cum
1808 1990 1943 2059 post
1991 1989 2267 2060 quartum
2315 2000 2580 2042 mensem

297 2106 490 2168 capras
539 2107 754 2168 parere
802 2088 962 2150 dicit.

461 2192 500 2256 9
571 2195 764 2267 Quae
813 2214 884 2256 se
934 2202 1381 2274 congregent
1427 2213 1502 2254 ac
1553 2193 2042 2273 condenseat]
2114 2197 2285 2268 Quae
2328 2215 2393 2258 se
2439 2215 2577 2258 con·

294 2310 553 2377 qreyant
598 2310 661 2364 et
705 2306 1083 2365 condensant
1128 2302 1307 2363 editio
1354 2304 1655 2383 princepS,
1702 2302 1805 2363 ubi
1843 2302 2167 2363 Politianus
2205 2312 2582 2379 conqreqent

297 2413 572 2490 correxit,
632 2413 961 2472 condesent
1013 2413 1074 2470 in
1122 2411 1384 2489 margine
1432 2409 1766 2489 adscripsit.
1860 2417 1918 2470 et
1962 2412 2329 2471 condensent
2393 2411 2577 2471 codex

297 2513 596 2594 CaesenaS,
644 2536 723 2578 ac
770 2521 1140 2579 condenseat
1185 2516 1402 2598 reliqui
1450 2524 1510 2576 et
1555 2516 1739 2577 editio
1788 2516 2045 2579 Victorii.

460 2631 539 2685 IV
581 2623 617 2686 1
689 2625 825 2685 Sed
873 2628 994 2705 qui
1042 2644 1113 2686 se
1161 2633 1377 2705 portu
1424 2634 1588 2704 post
1636 2625 1884 2687 italico
1932 2623 2213 2704 prodit]
2272 2626 2399 2687 Sed
2441 2630 2576 2701 quis

297 2749 326 2788 e
361 2740 543 2807 portu
603 2751 676 2792 ex
724 2732 931 2792 Aldina
990 2732 1247 2792 editione
1305 2739 1615 2810 receptum
1674 2740 1782 2793 est.
1873 2745 2008 2793 nam
2054 2731 2292 2793 Italicus
2348 2743 2576 2813 portuS‚

297 2834 362 2895 de
408 2856 525 2915 quo
575 2840 937 2917 interpretes
985 2837 1425 2919 dubitaverunt,
1473 2838 1694 2899 dicitur
1740 2847 2071 2918 propterea,
2124 2838 2279 2917 quod
2320 2847 2455 2918 post
2491 2858 2576 2920 ea,

297 2960 435 3020 quae
483 2944 557 3004 de
606 2944 816 3005 ovibus
863 2953 923 3006 et
970 2946 1164 3024 capris
1211 2944 1283 3004 ab
1330 2943 1612 3025 Epirotis,
1663 2944 1720 3004 h.
1761 2963 1809 3005 e.
1849 2944 1920 3004 ab
1959 2945 2152 3005 Attico
2192 2952 2252 3005 et
2289 2944 2578 3028 Cossinio,

296 3052 388 3127 qui
431 3052 493 3111 in
541 3049 726 3129 Epiro
764 3053 1071 3130 pecuarias
1118 3048 1413 3110 habebant
1458 3043 1541 3132 (ΙΙ
1584 3048 1644 3131 1,
1683 3047 1740 3111 2.
1791 3046 1851 3131 2,
1892 3043 1988 3130 1),
2046 3051 2338 3130 disputata
2387 3061 2574 3134 erant,

295 3156 400 3214 iam
454 3155 528 3217 de
578 3156 752 3217 suillo
800 3176 1016 3237 pecore
1074 3157 1394 3237 disputatio
1452 3156 1654 3217 Italico
1711 3156 1937 3217 homini
1997 3156 2297 3218 tribuitur.
2371 3159 2572 3237 inepta

296 3269 480 3323 autem
529 3271 673 3324 sunt
720 3281 868 3342 quae
917 3263 1055 3324 olim
1102 3264 1174 3324 ad
1214 3261 1626 3342 corrigendam
1675 3265 2030 3341 scripturam
2085 3265 2318 3324 inventa
2377 3273 2571 3327 erant:

296 3372 399 3429 sed
441 3374 576 3445 quis
624 3372 884 3447 Epirota
923 3378 1062 3448 post
1108 3374 1196 3431 ita
1243 3373 1384 3431 ilico
1423 3373 1636 3446 prodit
1680 3372 1934 3430 coniecit
1973 3369 2250 3452 Scaliger,
2295 3374 2407 3432 sed
2440 3376 2576 3447 quis

297 3495 326 3534 e
361 3480 858 3553 porculatoribus
906 3479 1143 3538 Italicis
1182 3479 1397 3554 prodit
1442 3475 1770 3558 GesneruS,
1827 3477 1984 3556 quod
2033 3476 2434 3539 Schneiderus
2480 3498 2574 3541 re·

297 3586 459 3663 cepit,
504 3587 617 3645 sed
672 3587 806 3658 quis
854 3592 1142 3661 expertus
1192 3591 1333 3660 post
1387 3587 1503 3675 ista
1560 3587 1687 3644 alia
1736 3586 1945 3660 prodit
1999 3583 2286 3659 Trillerus
2343 3585 2572 3646 observ.

298 3687 363 3745 IV
397 3688 477 3751 27
534 3709 590 3769 p.
629 3687 778 3752 468.

460 3796 601 3858 Nec
651 3816 753 3858 me
801 3815 958 3858 esse
1006 3798 1086 3858 ab
1136 3817 1286 3859 eum
1335 3816 1511 3858 aeuo
1560 3794 1829 3874 ortum]
1869 3796 2285 3877 interpolatam
2325 3799 2567 3860 Aldinae
2607 3861 2615 3870 ,

299 3902 562 3964 editionis
608 3903 925 3966 lectionem
972 3897 1087 3966 nec
1132 3924 1224 3967 me
1270 3924 1398 3967 esse
1444 3907 1520 3965 ab
1560 3908 1757 3965 atavis
1794 3908 1925 3965 eius
1961 3909 2332 3980 coquominis
2373 3913 2568 3967 ortum

300 4013 547 4071 correxit
593 4010 909 4093 Victorius,
956 4031 1070 4073 nec
1116 4031 1208 4074 me
1254 4032 1383 4073 esse
1430 4014 1506 4072 ab
1556 4014 1825 4073 Eumaeo
1873 4019 2086 4073 ortum.

463 4117 747 4179 Licinio
803 4119 1080 4180 Neruae
1129 4118 1488 4198 praetori]
1538 4119 1603 4179 A.
1650 4118 1915 4178 Licinius
1961 4117 2150 4178 Nerva
2197 4120 2355 4179 inter
2400 4137 2567 4197 prae·

302 4229 449 4284 tores
495 4244 544 4286 a.
586 4222 713 4288 587
764 4225 1092 4306 appellatur
1139 4226 1293 4305 apud
1340 4225 1569 4286 Livium
1621 4224 1766 4285 XLV
1804 4221 1911 4306 44,
1944 4222 2043 4286 11.

464 4329 505 4393 2
571 4331 764 4394 Dixit
809 4332 1160 4394 celeriter
1208 4352 1280 4393 se
1329 4332 1511 4410 illosx
1554 4342 1632 4392 ut
1689 4333 1926 4392 scrofa
1983 4349 2243 4410 porcos
2301 4331 2563 4393 disiec-

306 4438 560 4517 turum]
592 4438 1026 4501 Nominativum
1054 4439 1264 4515 scrofa
1302 4448 1436 4518 post
1480 4441 1879 4499 accusativum
1908 4458 1974 4499 se
2011 4441 2268 4518 positum
2302 4439 2566 4500 defendit

306 4539 697 4606 Lachmannus
744 4549 803 4607 in
853 4546 1088 4607 Lucret.
1128 4567 1180 4626 p.
1225 4545 1369 4608 176.
