3178 5185
500 339 577 392 VI
1430 335 1571 388 PRA
1581 333 1843 388 EFATIO

503 508 790 585 perierat,
851 503 1122 565 similiter
1171 512 1347 582 atque
1398 502 1694 563 Victorius
1743 502 2046 563 adnotavit
2091 502 2262 583 haec,
2317 505 2615 563 hactenus
2662 521 2796 563 cum

502 615 903 674 uetustissimo
957 613 1170 672 codiee
1222 613 1548 671 emendam·
1568 657 1580 670 .
1603 628 1744 671 nam
1793 614 2049 686 reliqum
2096 613 2157 671 in
2197 613 2295 671 illo
2334 613 2575 686 quidem
2615 613 2797 671 deest.

503 720 657 780 diem
706 717 1239 798 bacchanaliorum,
1288 737 1406 796 quo
1456 736 1607 796 opus
1654 736 1684 776 a
1734 737 1795 777 se
1837 717 2169 795 perfectum
2209 735 2339 777 esse
2380 716 2609 798 scribit,
2655 718 2798 778 dicit

503 825 756 905 vigiliam
813 827 1019 886 ieiunii
1081 824 1633 905 quadragesimalia,
1691 827 1793 902 qui
1850 824 1976 884 dies
2031 823 2131 883 illo
2183 842 2335 884 anno
2399 824 2510 885 fuit
2559 824 2797 885 undevi-

504 935 761 994 cesimus
816 935 1040 992 mensis
1100 931 1429 992 Februarii.
1524 931 1812 992 lectiones
1867 940 2064 991 autem
2113 932 2332 992 codicis
2381 933 2595 1011 partim
2643 934 2798 992 inter

502 1044 662 1119 ipsos
732 1059 966 1119 versuS,
1034 1041 1251 1118 partim
1307 1041 1368 1098 in
1429 1036 1796 1117 marginibus
1854 1038 2130 1098 editionis
2185 1040 2263 1098 ita
2323 1037 2651 1118 adnotavit,
2718 1047 2801 1119 ut,

508 1149 866 1227 ubicumque
925 1147 1107 1207 editio
1167 1165 1195 1205 a
1257 1148 1551 1225 scriptura
1612 1145 1834 1216 codicis
1892 1146 2262 1225 dissentiret,
2318 1147 2445 1224 ipsa
2504 1144 2680 1204 verba
2730 1145 2800 1204 ad

508 1255 685 1315 fidem
745 1253 964 1315 codicis
1023 1254 1352 1332 corrigeret
1383 1301 1394 1312 .
1424 1255 1485 1312 in
1545 1271 1663 1332 quo
1719 1252 2071 1332 plerumque
2130 1252 2389 1332 singulas
2449 1251 2538 1312 vel
2585 1271 2800 1331 paucas

506 1361 750 1441 litteraS,
780 1361 852 1421 ad
886 1379 1031 1440 quas
1062 1360 1458 1438 discrepantia
1482 1362 1813 1439 scripturae
1838 1359 2189 1440 pertinebat,
2220 1363 2279 1419 in
2301 1359 2458 1419 edito
2481 1358 2799 1438 exemplari

507 1468 796 1530 subducta
845 1467 999 1527 linea
1038 1469 1263 1527 notavit
1303 1476 1362 1527 et
1400 1485 1498 1527 eas
1536 1466 1767 1527 litteras
1798 1485 1948 1546 quae
1986 1486 2095 1545 pro
2134 1466 2226 1526 his
2264 1469 2324 1526 in
2365 1484 2538 1525 manu
2582 1468 2802 1544 scripto

506 1575 656 1636 libro
696 1574 1047 1653 legebantur
1088 1576 1528 1653 superscripsit.
1606 1574 1799 1654 siquid
1841 1576 1901 1634 in
1942 1575 2199 1634 editione
2239 1573 2503 1634 additum
2543 1574 2802 1632 invenie-

511 1682 637 1762 bat,
704 1681 860 1760 quod
921 1683 987 1741 in
1054 1680 1257 1740 codice
1326 1698 1444 1740 non
1511 1679 1846 1760 legebatur,
1911 1680 2087 1740 verba
2157 1698 2304 1759 quae
2372 1679 2557 1739 deleri
2623 1678 2807 1740 voluit

509 1787 782 1849 similiter
831 1787 1126 1847 subducta
1166 1787 1316 1847 linea
1358 1789 1597 1847 notavit.
1688 1789 1834 1847 ‘item
1874 1805 2024 1866 quae
2064 1788 2278 1846 omissa
2319 1785 2409 1846 vel
2447 1789 2803 1866 transposita

512 1891 698 1974 erant,
747 1894 848 1954 ubi
895 1895 1026 1955 fieri
1072 1901 1323 1974 poterat,
1371 1896 1432 1953 in
1480 1896 1627 1972 ipsis
1675 1893 1873 1954 verbis
1912 1896 2174 1954 correxit
2211 1892 2299 1952 vel
2338 1893 2576 1953 addidit.
2661 1902 2806 1975 tum,

517 2020 651 2062 cum
726 2003 962 2081 gravior
1027 2009 1156 2062 erat
1222 2001 1647 2082 discrepantia,
1723 2004 2012 2080 integram
2079 2001 2301 2061 codicis
2366 1999 2680 2061 lectionem
2747 2004 2807 2062 in

522 2111 787 2188 margine
843 2109 1161 2188 adscripsit
1217 2117 1276 2169 et
1329 2126 1446 2188 quo
1495 2108 1591 2168 illa
1638 2111 1970 2188 pertineret
2017 2110 2199 2189 signis
2248 2108 2601 2187 quibusdam
2650 2108 2807 2169 addi-

515 2219 592 2277 tis
639 2216 935 2276 indicavit.
1029 2217 1478 2297 inscriptiones,
1527 2215 1745 2295 quibus
1796 2215 2048 2294 capitula
2095 2215 2383 2276 librorum
2431 2218 2491 2275 in
2538 2218 2807 2295 principe

516 2323 776 2383 editione
817 2323 1092 2384 distincta
1133 2332 1290 2402 sunt,
1329 2325 1390 2382 in
1429 2321 1669 2382 Catonis
1702 2321 1860 2387 ‚libro
1899 2325 1996 2402 ita,
2036 2332 2102 2382 ut
2138 2324 2199 2382 in
2240 2322 2442 2382 codice
2485 2341 2582 2382 eas
2623 2325 2807 2402 scrip-

516 2441 608 2490 tas
665 2432 996 2509 invenerat,
1056 2431 1341 2509 correxit,
1397 2447 1680 2489 numeros
1738 2429 1808 2489 ab
1870 2430 2096 2490 editore
2145 2430 2377 2491 additos
2425 2428 2655 2489 delevit.
2750 2432 2809 2489 in

515 2540 588 2598 iis
657 2536 831 2617 lociS,
897 2539 955 2597 in
1026 2536 1242 2617 quibus
1299 2538 1560 2616 integras
1617 2538 2037 2622 inscriptiones
2095 2556 2166 2599 ex
2224 2536 2425 2598 codice
2482 2536 2811 2617 descriptas

513 2644 810 2724 exhibuit,
883 2643 1236 2722 plerumque
1303 2644 1632 2723 anteposita
1689 2642 1741 2703 R
1809 2644 2003 2704 littera
2070 2643 2445 2705 rubricarum
2515 2643 2643 2705 loco
2712 2664 2810 2705 eas

513 2751 814 2812 habendas
882 2733 1041 2810 esse*
1080 2750 1447 2830 significavit.
1520 2751 1581 2809 in
1638 2749 1918 2810 Varronis
1975 2749 2142 2811 libris
2199 2759 2260 2811 et
2317 2769 2599 2811 numeros
2656 2755 2810 2832 capi·

515 2867 643 2919 tum
692 2865 753 2916 et
798 2858 959 2934 ipsos
1006 2855 1212 2916 titulos
1259 2855 1491 2916 delevit.

694 2964 935 3043 Aliquot
972 2963 1279 3024 mensibus
1316 2972 1455 3043 post
1485 2963 1766 3025 collatum
1796 2964 2160 3025 Marcianum
2192 2964 2457 3026 codicem
2486 2967 2813 3030 Politianus

514 3072 694 3132 alium
740 3070 958 3131 librum
996 3089 1175 3131 manu
1215 3073 1501 3151 scriptum
1543 3071 1829 3152 adhibuit,
1869 3074 2041 3132 cuius
2071 3071 2358 3132 lectiones
2388 3072 2572 3134 rubro
2613 3075 2809 3137 colore

516 3182 780 3262 scriptas,
825 3180 899 3240 iis
946 3196 1094 3258 quas
1143 3196 1211 3238 ex
1263 3181 1572 3257 superiore
1623 3179 2022 3259 adscripscrat
2069 3178 2309 3240 addidit.
2394 3180 2465 3240 de
2514 3200 2632 3259 quo
2678 3192 2814 3261 post

516 3286 1017 3364 subscriptionem
1067 3302 1245 3363 supra
1291 3286 1542 3363 positam
1594 3288 1835 3364 scripsit
1881 3285 2027 3346 haec
2073 3287 2214 3346 item
2254 3285 2438 3346 rubro
2478 3287 2674 3349 colore
2716 3308 2812 3349 ex-

514 3401 701 3468 arata,
766 3394 1006 3454 Contuli
1049 3398 1107 3453 et
1161 3409 1298 3452 cum
1339 3395 1541 3453 'altero
1587 3396 1945 3455 semiaetere
1992 3396 2220 3468 codice,
2266 3396 2378 3454 sed
2420 3398 2815 3457 mendosiore.

530 3502 696 3561 Vnde
741 3503 975 3561 scilicet
1021 3518 1096 3561 ea
1144 3506 1388 3576 sumpta
1443 3507 1586 3560 sunt
1635 3518 1793 3575 quae
1848 3503 2064 3561 uideas
2110 3502 2367 3561 rubrica
2415 3520 2544 3561 esse
2587 3509 2814 3564 notata.

515 3608 690 3667 Anno
757 3609 962 3668 eodem
1027 3606 1237 3667 Mense
1303 3608 1644 3668 Decembri.
1729 3608 1881 3683 Any.
1951 3609 2134 3667 Idem.
2202 3625 2394 3686 neque
2471 3616 2666 3669 tamen
2742 3629 2814 3670 ex

517 3713 630 3773 hoc
678 3712 865 3773 altero
914 3712 1118 3773 codice
1167 3731 1402 3773 omnem
1449 3712 1722 3773 lectionis
1770 3714 2252 3794 discrepantiam,
2302 3716 2456 3776 sicut
2504 3717 2566 3776 in
2613 3718 2815 3795 priore

521 3820 762 3900 fecerat,
810 3819 1102 3900 adposuit,
1151 3819 1255 3879 sed
1302 3838 1507 3901 pauca,
1556 3839 1706 3899 quae
1757 3823 2007 3881 maxime
2057 3820 2463 3882 memorabilia
2513 3841 2645 3883 esse
2693 3825 2816 3883 visa

520 3935 710 4010 erant,
757 3929 1072 4007 excerpsit,
1121 3946 1270 4006 quae
1321 3927 1593 3988 similiter
1640 3930 1855 4007 partim
1895 3930 1956 3987 in
1996 3927 2362 4007 marginibus
2403 3931 2618 4009 partim
2660 3932 2818 3991 inter

517 4035 702 4095 lineas
749 4035 1082 4121 adscripsit.
1141 4043 1408 4095 ceterum
1458 4035 1745 4096 lectiones
1786 4035 2041 4096 duorum
2083 4036 2355 4096 codicum
2396 4036 2631 4097 diverso
2672 4040 2816 4097 scri·

519 4150 730 4221 pturae
770 4140 989 4222 colore,
1027 4160 1144 4220 quo
1184 4143 1245 4201 in
1284 4144 1356 4202 iis
1395 4142 1747 4202 adnotandis
1778 4160 1923 4202 usus
1954 4152 2098 4224 erat,
2136 4145 2277 4203 satis
2308 4154 2472 4204 certo
2503 4144 2818 4205 distinctae

520 4256 660 4309 sunt
707 4266 773 4308 ac
820 4250 1026 4327 paucis
1065 4248 1305 4327 quidem
1344 4248 1489 4309 locis
1531 4251 1815 4329 exceptiS,
1854 4252 1911 4309 in
1944 4248 2165 4327 quibus
2194 4260 2439 4329 propter
2469 4250 2819 4311 sftbfuscum

518 4358 832 4416 atramenti
889 4356 1149 4416 colorem
1209 4356 1468 4416 dubitari
1525 4363 1752 4436 potest,
1816 4375 1885 4416 ex
1944 4364 2080 4416 utro
2138 4356 2340 4416 codice
2397 4355 2456 4415 id
2505 4356 2660 4435 quod
2719 4357 2818 4416 ad-

522 4464 815 4541 scriptum
845 4471 937 4523 est
965 4462 1382 4542 depromptum
1424 4464 1519 4544 sit,
1558 4465 1732 4523 etiam
1773 4481 1932 4523 nunc
1963 4462 2131 4522 facile
2163 4462 2602 4523 discernuntur.
2648 4483 2818 4543 prae·
