3178 5185
840 418 1101 474 RERVM
1137 416 1617 474 RVSTICARVM
1653 418 1786 474 LIB.
1826 418 1903 473 ΙΠ
1947 416 2028 475 10
2455 410 2583 475 271

302 575 504 638 boscio
543 584 893 656 pascuntur,
942 584 1034 636 est
1079 575 1233 636 aliud
1282 584 1470 655 genus
1517 577 1677 637 vario
1717 574 1931 656 colore,
1979 575 2135 655 quod
2185 594 2217 635 a
2255 575 2381 636 fero
2429 577 2585 636 miti-

302 693 498 764 gatum
569 683 961 744 domesticum
1031 684 1250 746 factum
1308 702 1439 744 csse
1506 682 1826 745 Columella
1894 682 2117 744 scribit.
2211 702 2345 746 cum
2410 683 2590 744 huius

299 793 537 872 generis
592 791 903 852 anseribus
959 790 1072 873 illi,
1129 810 1200 851 ex
1251 790 1465 870 quibus
1512 809 1724 870 greges
1791 788 2194 852 constituendi
2250 799 2410 874 sunt,
2470 810 2588 851 non

303 898 560 960 libenter
620 908 1071 980 congregantur.
1174 898 1387 959 deinde
1454 898 1723 959 lacunam
1791 917 1861 958 ex
1920 897 2237 959 Columella
2303 897 2590 979 supplevi,

301 1009 623 1068 anseribus
671 1010 759 1068 ad
802 1009 1237 1068 admittendum
1286 1013 1513 1084 tempus
1559 1013 1650 1067 est
1694 1009 2065 1084 aptissimum
2122 1012 2167 1066 α’
2209 1007 2453 1081 bruma,
2507 1009 2594 1067 ad

298 1117 671 1191 pariendum
732 1122 792 1176 et
859 1115 1271 1175 incubandum
1332 1132 1371 1174 a
1424 1115 1704 1175 kalendis
1763 1115 2123 1175 Februariis
2183 1117 2282 1174 vel
2340 1113 2589 1173 Martiis

300 1239 493 1296 usque
540 1224 627 1282 ad
668 1225 1000 1284 solstitium.

479 1324 522 1389 3
586 1326 1089 1409 Inunguentur
1144 1330 1213 1390 in
1269 1328 1577 1408 flumen]
1639 1331 2071 1405 Inunquentur
2127 1347 2198 1389 ex
2263 1327 2585 1408 archetypo

302 1433 604 1496 adnotavit
656 1435 1012 1517 PolitianuS,
1070 1436 1225 1517 quod
1283 1436 1504 1497 habent
1548 1435 1697 1518 Am,
1753 1440 2126 1512 inunqentur
2182 1433 2591 1514 neglegentius

302 1541 601 1603 Victorius
647 1550 708 1604 et
746 1543 1078 1624 apographa
1116 1542 1416 1604 Italorum.
1490 1563 1555 1605 se
1602 1551 1885 1620 merqunt
1921 1542 2240 1624 IucunduS,
2278 1545 2592 1618 iniqentur

304 1648 620 1711 Turnebus
668 1650 893 1712 advers,
938 1647 1037 1733 19,
1066 1648 1170 1713 28.
1240 1669 1449 1712 verum
1486 1650 1642 1712 haud
1693 1651 1872 1712 dubie
1911 1658 2004 1712 est
2050 1654 2385 1726 minantur,
2433 1648 2589 1729 quod

303 1755 567 1837 Scaliger
616 1760 887 1821 coniecit.

478 1863 815 1945 Singulae
865 1884 1000 1926 non
1047 1866 1211 1945 plus
1258 1876 1513 1946 quater
1558 1869 1630 1928 in
1677 1886 1859 1928 anno
1906 1865 2234 1946 pariunt]
2285 1867 2418 1927 Non
2450 1869 2592 1943 plus

300 1989 481 2047 quam
546 1980 640 2043 ter
718 1992 791 2035 ex
866 1975 1210 2035 coniectura
1275 1974 1475 2035 Ursini
1541 1977 1783 2057 scripsi,
1842 1974 1997 2054 quod
2065 1974 2209 2053 legit
2269 1973 2589 2034 Columella

302 2078 336 2138 I.
378 2098 456 2163 c.,
503 2081 647 2140 item
694 2099 941 2160 geopon.
980 2079 1109 2140 XIV
1147 2078 1258 2163 22,
1297 2078 1340 2143 3
1388 2073 1757 2168 ςόοτοκοῦσι
1786 2074 1888 2143 ,δὲ
1942 2079 2170 2164 τρίτον
2224 2078 2346 2142 τοῦ
2402 2078 2592 2155 ἔτους

299 2181 423 2260 ἕως
470 2179 583 2267 ιβ’,
630 2177 779 2249 ἔσθ’
833 2179 940 2249 ὅτε
988 2180 1062 2249 δὲ
1108 2181 1219 2249 καὶ
1265 2187 1557 2250 πλείονα.
2314 2203 2319 2209 ’

479 2293 802 2374 Singulis
851 2294 974 2356 ubi
1019 2299 1309 2374 pariant
1355 2296 1764 2357 faciendum
1813 2314 1972 2357 aras
2019 2296 2400 2375 quadratas
2450 2297 2587 2355 cir-

300 2420 459 2463 cum
506 2401 716 2462 binos
760 2403 981 2483 pedes
1039 2412 1108 2464 et
1164 2401 1632 2482 semipedem]
1690 2405 1957 2464 Pariunt
2012 2399 2166 2464 edita
2213 2409 2347 2464 ante
2397 2400 2588 2463 Victo·

300 2512 453 2571 rium
504 2508 879 2594 exemplaria,
925 2510 1083 2591 quod
1123 2510 1447 2573 Politianus
1486 2529 1607 2571 non
1646 2513 1923 2591 correxit,
1958 2514 2218 2588 pariant
2255 2509 2588 2590 apographa

301 2627 358 2680 et
394 2638 467 2680 ex
506 2621 635 2699 ipso
666 2617 985 2698 archetypo
1017 2617 1330 2680 Victorius.
1393 2622 1650 2696 eirciter
1678 2618 1980 2680 Gesnerus
2010 2621 2281 2681 coniecit.
2354 2622 2589 2680 circum

304 2720 577 2806 ‘quoquo
615 2719 857 2786 versus'
897 2728 1327 2805 interpretatur
1365 2725 1769 2788 Schneiderus
1818 2726 1947 2787 coll.
1987 2726 2211 2789 Colum.
2250 2726 2380 2786 VIII
2420 2724 2518 2809 14,
2552 2725 2582 2788 1

300 2835 410 2900 sub
443 2835 783 2910 porticibus
822 2836 1043 2895 deinde
1079 2838 1425 2910 quadratae
1462 2838 1662 2896 harae
1699 2837 2028 2896 caementis
2064 2839 2161 2896 vel
2192 2838 2372 2896 etiam
2401 2837 2587 2895 later-

300 2943 454 3001 eulis
500 2947 896 3017 extruuntur,
943 2959 1097 3018 quas
1140 2944 1416 3018 singulas
1469 2927 1621 3003 satis
1666 2949 1757 3003 est
1798 2944 2029 3003 habere
2084 2960 2321 3019 quoquo
2377 2961 2588 3003 versus
2648 2941 2649 2944 ’

293 3051 479 3125 pedes
526 3055 746 3109 ternos.

477 3154 610 3226 Qui
653 3155 786 3217 hoc
833 3158 1065 3218 minus
1115 3159 1427 3237 quinque
1486 3158 1608 3235 qui
1654 3156 1786 3218 hoc
1831 3155 1997 3236 plus
2036 3155 2227 3235 XXV]
2300 3159 2419 3230 Qui
2471 3159 2588 3218 hoe

296 3266 496 3324 minus
559 3263 701 3339 VII,
750 3268 858 3340 qui
899 3267 1015 3326 hoe
1054 3268 1194 3342 plus
1239 3265 1308 3325 Χ
1319 3264 1371 3325 V
1410 3263 1564 3325 edita
1620 3272 1756 3343 post
1803 3264 2072 3325 Aldinam
2131 3264 2450 3325 editionem
2491 3283 2587 3324 ex-

299 3369 598 3449 emplaria.
690 3371 762 3431 de
824 3390 1074 3433 numero
1134 3390 1378 3432 ovorum
1448 3380 1508 3432 et
1572 3370 1645 3432 de
1713 3380 1981 3451 tempore
2048 3371 2367 3432 incubandi
2432 3371 2587 3451 apud

300 3477 681 3539 Columellam
728 3477 857 3538 VIII
909 3475 1017 3560 14,
1058 3475 1097 3540 6
1163 3480 1382 3559 scripta
1448 3487 1587 3540 sunt
1650 3478 1825 3559 haec,
1899 3485 2323 3557 supponuntur
2386 3486 2587 3542 autem

295 3588 543 3661 qallinis
589 3587 770 3646 huius
802 3589 1050 3660 qeneris
1087 3604 1219 3666 ova,
1263 3589 1424 3647 sicut
1452 3588 1784 3663 pavonina,
1826 3589 2097 3663 plurima
2135 3589 2400 3662 quinque
2431 3605 2585 3664 pau·

297 3696 543 3754 cissima
591 3695 733 3772 tria,
780 3695 925 3769 ipsis
973 3696 1192 3754 deinde
1238 3696 1561 3755 anseribus
1601 3697 1978 3771 paucissima
2024 3701 2272 3770 septem,
2313 3698 2585 3771 plurima

297 3802 661 3875 quindecim.
708 3832 792 3841 -·
835 3803 1019 3876 pullis
1084 3807 1285 3862 autem
1356 3799 1703 3876 formandis
1769 3802 2264 3875 excudendisque
2328 3804 2587 3876 triqinta

298 3909 509 3969 diebus
556 3925 705 3984 opus
743 3913 846 3982 est,
883 3925 1021 3968 eum
1047 3915 1188 3969 sunt
1208 3907 1488 3985 friqora:
1533 3926 1676 3969 nam
1718 3911 1936 3986 tepidis
1973 3911 2240 3983 quinque
2278 3914 2339 3969 et
2373 3910 2592 3983 viqinti

298 4017 446 4075 satis
503 4021 624 4087 est;
677 4016 738 4074 in
793 4017 1134 4094 geoponicis
1183 4014 1310 4075 XIV
1348 4014 1460 4098 22,
1505 4012 1586 4077 10
1641 4016 1813 4097 haec,
1879 4012 1987 4076 δεῖ
2047 4007 2120 4077 δὲ
2185 4003 2587 4076 ὑποτιθέναι

301 4113 396 4205 ᾠὰ
445 4116 570 4195 ἕως
613 4118 748 4184 τῶν
785 4114 863 4183 θ’
901 4111 942 4203 ἢ
980 4114 1053 4184 τὸ
1094 4114 1417 4203 μήκιστον
1457 4114 1545 4204 wi,
1583 4113 1672 4204 μὴ
1714 4121 1985 4183 ἔλαττον
2034 4113 2109 4181 δὲ
2146 4114 2241 4180 θ’.
2316 4111 2588 4203 ἐπῳάζει

301 4221 375 4289 δὲ
421 4218 512 4302 ὥς
558 4222 838 4291 ἐπιπολὺ
883 4219 1130 4312 ἡμέρας
1174 4222 1316 4311 κθ’,
1365 4222 1619 4311 ψύχους
1665 4221 1739 4289 δὲ
1789 4220 1985 4299 ὄντος
2016 4219 2279 4309 ,ημέρας
2323 4219 2409 4288 λ’.

474 4333 519 4397 4
583 4335 887 4397 Faciunt
952 4355 1108 4397 aras
1171 4355 1385 4416 supra
1452 4347 1720 4398 terram
1779 4344 1898 4397 aut
1951 4343 2211 4413 suptus
2267 4335 2340 4393 in
2411 4351 2587 4411 quae

300 4462 435 4504 non
484 4443 837 4505 inducant
882 4443 1043 4523 plus
1089 4446 1390 4507 uicenos
1437 4441 1714 4523 pullos]
1774 4444 1849 4504 In
1905 4444 2040 4517 quis
2095 4458 2216 4501 non
2274 4443 2594 4501 includant

301 4551 456 4614 edita
502 4558 638 4634 post
683 4550 950 4614 Aldinam
1000 4552 1318 4615 editionem
1377 4551 1760 4635 exemplaria,
1818 4548 1919 4612 ubi
1966 4551 2029 4611 in
2078 4565 2231 4627 quas
2275 4546 2590 4630 legendum
