3178 5185
770 399 1030 454 RERVM
1066 399 1541 455 RVSTICARVM
1579 398 1715 453 LIB.
1757 399 1834 453 III
1875 396 1911 450 9
2383 398 2512 463 291

268 572 435 650 plura.
519 571 797 648 optimum
864 587 995 629 esse
1050 577 1283 647 partum
1343 571 1428 629 ab
1483 568 1858 647 aequinoctio
1914 584 2097 626 verno
2153 567 2222 626 ad
2281 574 2508 626 autum·
2576 571 2612 628 9

269 679 397 739 nale.
478 680 661 757 itaque
720 694 871 756 quae
927 684 1061 736 ante
1110 678 1221 757 'aut
1276 683 1412 755 post
1468 684 1601 736 nata
1660 682 1801 734 sunt
1857 681 1918 733 et
1973 676 2148 734 etiam
2208 675 2398 751 prima
2448 692 2517 733 eo

270 796 515 863 tempore,
556 801 671 843 non
713 783 1125 864 supponenda3
1164 790 1224 843 et
1263 801 1329 843 ea
1371 800 1519 862 quae
1560 781 1837 861 subiciaS,
1874 783 2073 859 potius
2102 779 2311 841 vetulis
2342 798 2517 860 quam

268 892 514 972 pullitriS,
565 899 621 951 et
678 908 828 969 quae
886 898 1079 950 rostra
1137 898 1238 950 aut
1295 908 1525 968 ungues
1586 908 1702 949 non
1760 888 2014 948 habeant
2072 895 2302 968 acutoS,
2367 905 2516 965 quae

224 999 458 1059 5debent
510 998 702 1076 potius
768 1000 829 1057 in
897 997 1285 1076 concipiendo
1352 1004 1673 1074 occupatae
1741 1014 1871 1055 esse
1929 1013 2105 1074 quam
2153 993 2514 1055 incubando.

264 1107 689 1185 adpositissimae
729 1104 798 1164 ad
839 1111 1073 1182 partum
1114 1112 1255 1164 sunt
1292 1103 1600 1164 anniculae
1640 1111 1741 1163 aut
1780 1102 1988 1163 bimae.
2054 1104 2103 1161 si
2142 1120 2247 1161 ova
2278 1099 2508 1180 gallinis
2533 1104 2615 1162 10

264 1213 513 1291 pavonina
554 1210 829 1292 subiciaS,
874 1231 1006 1272 cum
1047 1214 1161 1272 iam
1200 1212 1407 1271 decem
1446 1211 1573 1271 dies
1613 1211 1811 1270 fovere
1851 1211 2063 1288 coepit,
2106 1216 2228 1269 tum
2260 1209 2515 1287 denique

263 1319 527 1398 gallinacia
580 1318 884 1399 subicere,
942 1328 1005 1380 ut
1064 1338 1178 1379 una
1237 1319 1504 1379 excudat.
1600 1317 1925 1396 gallinaciis
1984 1318 2140 1377 enim
2197 1314 2376 1394 pullis
2425 1313 2515 1374 bis

262 1406 380 1487 deni
424 1428 536 1487 dies
581 1445 733 1506 opus
781 1435 936 1507 sunt,
984 1429 1291 1505 pavoninis
1339 1434 1432 1486 ter
1479 1428 1709 1485 noveni.
1779 1445 1878 1487 eas
1917 1424 2222 1485 includere
2263 1430 2514 1503 oportet,

202 1543 317 1594 1⁰ut
366 1534 504 1594 diem
561 1543 617 1594 et
665 1542 902 1594 noctem
948 1534 1261 1614 incubent,
1319 1541 1735 1613 praeterquam
1788 1531 1874 1610 [a]
1924 1550 2093 1592 mane
2143 1541 2202 1591 et
2247 1547 2513 1610 vespere,

260 1639 379 1700 dum
433 1641 585 1702 cibus
632 1660 699 1701 ac
748 1643 910 1719 potio
959 1642 1032 1700 iis
1078 1640 1269 1700 detur.
1353 1647 1595 1700 curator
1643 1647 1877 1718 oportet
1925 1640 2249 1698 circumeat
2296 1637 2506 1698 diebus
2531 1640 2606 1697 11

259 1749 587 1827 interpositis
648 1748 876 1828 aliquot
932 1766 999 1807 ac
1058 1756 1286 1807 vertere
1343 1765 1477 1827 ova,
1544 1754 1610 1806 ut
1666 1745 2053 1825 aequabiliter
2110 1744 2513 1805 concalefiant.

259 1873 348 1913 ova
397 1855 555 1933 plena
618 1857 737 1915 sint
804 1864 980 1934 atque
1048 1854 1212 1914 utilia
1269 1872 1482 1934 necne,
1540 1854 1928 1914 animadverti
1984 1855 2149 1913 aiunt
2204 1870 2406 1932 posse,
2463 1854 2513 1912 si
2587 1848 2592 1853 ’

259 1960 531 2022 demiseris
574 1965 635 2022 in
683 1980 922 2042 aquam,
980 1961 1135 2040 quod
1184 1963 1361 2047 inane·
1407 1967 1595 2042 natet,
1650 1959 1893 2040 plenum
1943 1959 2174 2019 desidit.
2269 1961 2398 2038 qui,
2448 1967 2514 2019 ut

202 2066 353 2128 15hoc
403 2069 757 2149 intellegant,
823 2071 1192 2148 concutiant,
1249 2087 1479 2148 errare,
1539 2068 1698 2147 quod
1758 2067 2017 2145 [inanes]
2078 2066 2280 2127 vitales
2336 2085 2514 2128 venas

260 2176 584 2238 confundant
637 2180 701 2237 in
758 2179 846 2236 iis.
939 2176 1095 2236 idem
1149 2177 1341 2257 aiunt,
1397 2194 1535 2235 cum
1581 2176 1654 2236 ad
1703 2174 1903 2236 lumen
1952 2173 2295 2253 sustuleriS,
2356 2175 2511 2252 quod

258 2281 547 2365 perluceat,
601 2285 662 2344 id
719 2302 850 2344 esse
909 2282 1037 2361 [ob]
1098 2284 1286 2343 inane.
1382 2284 1485 2362 qui
1530 2282 1676 2342 haec
1724 2281 1929 2342 volunt
1976 2260 2199 2341 diutius
2247 2283 2604 2361 servare,12

260 2390 546 2465 perfricant
592 2392 712 2452 sale
762 2394 991 2452 minuto
1040 2400 1140 2451 aut
1187 2392 1377 2450 muria
1426 2399 1548 2450 tres
1598 2397 1698 2450 aut
1746 2397 2028 2468 quattuor
2073 2388 2275 2469 horaS,
2325 2407 2510 2466 eaque
2589 2410 2590 2413 ¹

378 2657 403 2703 1
449 2652 517 2706 ab
559 2660 685 2707 ante
721 2651 1076 2721 aequinoctio
1115 2670 1214 2707 om.
1261 2652 1464 2719 VAB,
1510 2654 1637 2707 add.
1687 2652 1919 2707 Ursinus
2061 2629 2204 2706 ue¹no
2242 2653 2298 2705 A
2441 2651 2514 2704 ad

259 2739 543 2797 autumnale
590 2742 868 2797 Victorius
908 2742 979 2795 ab
1018 2741 1332 2795 autumnali
1369 2743 1491 2796 AB
1537 2741 1609 2795 ab
1656 2740 1981 2796 auctunnali
2040 2741 2091 2794 V
2301 2747 2332 2793 2
2382 2744 2512 2795 ante

257 2828 340 2880 aut
391 2833 514 2899 post
562 2832 683 2886 Am
741 2834 909 2885 antea.
962 2833 1026 2885 ut
1079 2833 1209 2900 post
1261 2833 1317 2886 Β
1372 2834 1542 2886 antea
1598 2831 1697 2884 aut
1753 2831 1883 2899 post
1949 2829 2000 2882 V
2212 2837 2243 2883 3
2309 2846 2511 2899 suppo-

258 2918 411 2972 nenda
476 2920 578 2975 VB
633 2919 999 2988 subponenda
1054 2921 1106 2971 A
1288 2927 1321 2973 4
1386 2918 1635 2988 pullitris
1697 2919 1814 2973 PA
1868 2918 2143 2987 pullistris
2192 2920 2247 2972 Β
2302 2918 2510 2989 pullas·

257 3006 338 3060 tris
369 3025 412 3062 v.
487 3010 696 3064 ‘Potius
735 3007 943 3062 uetulis
980 3024 1149 3077 quam
1188 3007 1495 3077 pullastris,
1536 3012 1594 3062 et
1632 3025 1778 3078 quae
1816 3012 1996 3064 rostra
2033 3012 2133 3063 aut
2158 3025 2374 3078 ungues
2405 3012 2508 3062 etc.

260 3093 324 3145 In
353 3099 545 3151 eoemaeis
582 3104 747 3152 antea
783 3099 945 3151 aliter
982 3098 1256 3166 leyebatur
1285 3118 1298 3149 :
1328 3099 1444 3165 ipse
1471 3115 1568 3166 ope
1595 3103 1932 3153 uetustormn
1960 3100 2204 3154 codicum
2231 3099 2314 3151 ita
2340 3115 2510 3152 emen-

258 3182 383 3237 daui.
409 3217 472 3226 —
511 3188 690 3242 Vnum
726 3193 907 3241 tamen
943 3193 1021 3242 est
1046 3189 1111 3242 in
1139 3192 1316 3241 uetere
1342 3188 1640 3255 scriptura,
1677 3189 1820 3255 quod
1847 3190 2197 3255 maculosum,
2234 3188 2510 3254 depraua-

260 3274 440 3342 tumque
488 3278 614 3331 olim
669 3278 979 3332 iudicatum
1035 3280 1111 3330 est
1139 3297 1155 3328 .·
1183 3282 1371 3330 notam
1424 3279 1567 3332 enim
1632 3278 1942 3345 adpositam
1995 3278 2178 3342 habet,
2243 3274 2510 3342 Pullitris,

259 3366 406 3417 autem
446 3367 502 3420 id
546 3370 647 3432 est,
698 3366 843 3434 quod
884 3383 992 3434 pro
1030 3367 1327 3434 pullastris
1372 3368 1435 3420 in
1483 3368 1713 3435 antiquo
1757 3368 2026 3435 scriptum
2071 3367 2167 3420 est’
2237 3364 2513 3420 Victorius

344 3522 468 3572 quae
504 3508 712 3563 debent
751 3507 864 3562 VB
901 3507 999 3579 qui
1039 3508 1244 3563 debent
1270 3509 1326 3563 A
1436 3516 1467 3562 6
1507 3506 1959 3578 adpositissimae
1988 3509 2045 3562 P
2066 3456 2426 3577 adpdtissime
2456 3510 2509 3562 A

258 3596 664 3661 appositissimae
704 3598 760 3651 B
810 3596 1135 3666 aptissimae
1171 3616 1264 3652 mv
1412 3598 1485 3651 ad
1522 3599 1749 3666 partum
1787 3601 1917 3652 sunt
1960 3596 2070 3651 VA
2107 3601 2237 3651 sunt
2274 3598 2346 3652 ad
2383 3615 2507 3667 par-

259 3677 356 3734 tum
396 3686 446 3738 B
583 3684 808 3740 anicule
855 3687 972 3740 Am
1086 3693 1115 3741 7
1154 3688 1439 3756 pauonina.
1485 3687 1600 3740 VB
1645 3686 1889 3755 panonia
1925 3685 2041 3740 Am
2151 3688 2341 3741 decem
2390 3688 2509 3741 dies

786 3776 857 3816 cia

261 3822 522 3887 gallinacia
568 3827 811 3900 (gallina
846 3831 902 3884 Β
949 3829 1248 3898 gallinatia
1284 3830 1359 3898 A)
1406 3828 1597 3883 fouere
1648 3828 1834 3898 coepit
1871 3828 2045 3899 (cepit
2081 3830 2157 3899 A)
2194 3831 2316 3883 tum
2354 3828 2507 3884 deni-

262 3925 346 3976 que
385 3917 620 3974 subicere
663 3919 849 3972 PAB
895 3919 1087 3972 decem
1139 3918 1258 3972 dies
1306 3917 1624 3987 gallinacea
1658 3918 1847 3973 fouere
1886 3918 2073 3987 coepit
2108 3920 2228 3973 tum
2269 3919 2507 3987 denique

260 4000 490 4062 subiicere
524 4026 556 4064 v
668 4016 701 4064 8
748 4006 1068 4079 gallinaciis
1110 4007 1290 4061 PAB
1327 3995 1657 4077 gallinaceis
1693 4026 1724 4061 v
1835 4015 1866 4062 9
1906 4008 2109 4062 noueni
2158 4009 2269 4063 VB
2305 4024 2507 4062 nouem

261 4092 309 4139 ut
329 4093 516 4151 videbar
543 4097 600 4151 A
714 4103 781 4151 10
807 4101 1200 4170 praeterquam
1230 4114 1393 4168 mane
1424 4099 1719 4152 Iucundus
1831 4104 1892 4151 11
1925 4097 2078 4167 potio
2107 4099 2227 4151 AB
2254 4099 2421 4166 potus
2462 4098 2513 4150 V

342 4178 402 4234 iis
436 4186 592 4242 detur
621 4188 678 4242 Β
704 4186 753 4240 is
782 4186 946 4241 detur
977 4186 1089 4240 PA
1117 4187 1205 4240 his
1235 4187 1399 4241 detur
1426 4205 1456 4241 v
1570 4194 1634 4241 12
1674 4175 2065 4242 cumcalefiant
2091 4188 2144 4240 A
2249 4192 2315 4239 14
2342 4186 2506 4240 inane

261 4269 387 4325 natet
422 4274 527 4328 ΡΒ
573 4275 781 4330 innane
828 4278 988 4329 natet
1024 4277 1075 4329 A
1123 4274 1290 4329 inane
1337 4277 1498 4330 natat
1541 4294 1574 4330 v
1719 4275 1945 4345 plenum
1994 4276 2196 4329 desidit
2233 4275 2343 4328 PB
2391 4275 2504 4344 ple-

261 4368 366 4411 num
380 4361 444 4417 sit
461 4363 681 4432 desidit,
710 4366 803 4420 sed
822 4364 896 4419 sit
913 4366 1141 4419 deletum
1159 4366 1213 4418 A
1242 4365 1467 4434 plenum
1498 4364 1718 4420 desedit
1743 4383 1776 4420 v
1888 4370 1952 4418 15
1982 4364 2304 4419 concutiant
2325 4364 2507 4419 PAB

264 4452 540 4510 concutiunt
574 4472 607 4509 v
793 4460 859 4509 16
896 4454 1241 4509 confundant
1276 4454 1398 4508 AB
1433 4454 1784 4508 confundunt
1830 4454 1882 4507 V
2049 4458 2113 4506 17
2152 4468 2374 4507 seruare
2411 4470 2505 4508 mv

265 4540 432 4593 seruari
467 4544 581 4599 ΡΒ
618 4550 669 4601 et
705 4561 824 4599 una
859 4545 1044 4598 littera
1080 4549 1206 4599 ante
1240 4543 1291 4597 ri
1326 4545 1500 4599 deleta
1535 4544 1593 4598 A
