3178 5185
914 406 1173 460 RERVM
1210 405 1689 461 RVSTICARVM
1724 407 1861 460 LIB.
1902 408 1951 460 ΙΙ
1989 406 2027 460 4
2489 398 2610 462 167

347 570 507 621 rent
553 560 814 638 iamne]
854 563 1168 638 Apparent
1204 561 1450 622 Lavinii
1492 562 1733 640 scripsit
1770 559 2064 621 Victorius
2102 560 2257 621 facili
2305 580 2443 621 sane
2483 580 2621 622 con-

337 671 576 729 iectura.
644 667 748 728 sed
787 666 1152 747 probabilius
1191 670 1380 728 visum
1419 676 1511 728 est
1548 676 1890 747 corruptam
1920 667 2223 748 archetypi
2262 669 2617 748 scripturam

334 779 526 836 iamne
574 793 647 835 ex
696 793 765 834 eo
816 774 971 854 quod
1030 783 1090 835 et
1148 774 1443 836 antecedit
1498 782 1558 835 et
1617 777 1888 854 sequitur
1935 778 2283 837 etiamnunc
2330 784 2615 836 consueto

331 884 385 942 in
433 881 528 942 his
578 880 745 943 libris
792 883 934 943 vitio
982 880 1209 943 librarii
1256 890 1454 942 ortum
1501 900 1650 943 esse.

509 986 588 1050 19
657 987 1028 1050 Nutricari
1084 998 1380 1050 octonos
1437 1008 1700 1070 porcos
1755 989 2099 1069 paruulos
2164 992 2394 1069 primo
2456 1005 2613 1070 pos·

330 1095 518 1173 sunt]
591 1098 926 1158 Nutricare
981 1115 1063 1162 ,ex
1126 1098 1397 1177 principe
1464 1096 1724 1158 editione
1787 1105 2098 1176 receptum
2163 1106 2279 1158 est:
2344 1101 2619 1159 nutricat

330 1220 505 1281 supra
554 1200 721 1280 §14
785 1212 845 1264 et
899 1205 1129 1283 passiva
1183 1205 1421 1265 notione
1480 1208 1876 1266 nutricantur
1921 1204 1945 1263 Ι
1983 1202 2086 1285 23,
2124 1200 2166 1266 5
2214 1212 2273 1264 et
2320 1204 2372 1264 ΙΙ
2412 1203 2472 1286 2,
2516 1200 2611 1266 17.

331 1309 428 1370 sed
469 1311 661 1370 forma
700 1310 1054 1390 deponentis
1092 1310 1172 1371 ΙΙΙ
1203 1308 1263 1393 3,
1291 1308 1335 1372 4
1382 1314 1698 1373 nutricere
1733 1314 2112 1387 saqinesque,
2153 1310 2254 1372 ubi
2295 1315 2617 1373 nutricare

329 1419 385 1476 in
433 1417 757 1498 archetypo
805 1419 936 1479 fuit.
1680 1476 1683 1479 ,

502 1524 701 1596 Quod
769 1543 998 1605 neque
1063 1533 1286 1586 mater
1351 1535 1592 1605 potest
1657 1526 1971 1587 sufferre
2038 1524 2181 1603 lac]
2260 1528 2434 1599 Quod
2502 1545 2616 1587 nec

327 1640 520 1693 mater
567 1636 698 1693 sola
735 1640 935 1709 potest
980 1610 1247 1707 sufferre
1293 1637 1392 1694 lac
1433 1630 1675 1712 Merula,
1714 1631 1818 1692 ubi
1864 1649 2057 1707 neque
2094 1631 2259 1693 dedit
2298 1632 2618 1712 IucunduS,

325 1742 487 1814 quod
552 1747 751 1800 mater
803 1747 1001 1816 potest
1062 1741 1330 1814 sufferre
1394 1743 1494 1800 lac
1552 1737 1878 1820 VictoriuS,
1942 1741 2108 1813 quod
2166 1746 2363 1801 mater
2425 1758 2619 1815 neque

317 1854 516 1923 potest
580 1848 849 1921 sufferre
904 1850 1003 1908 lac
1060 1845 1240 1906 editio
1298 1845 1775 1906 Commeliniana.
1866 1844 2155 1921 sufficere
2210 1850 2308 1907 lac
2365 1848 2619 1907 coniecit

328 1953 649 2013 GesneruS.
726 1955 962 2014 restitui
1008 1951 1325 2014 lectionem
1371 1953 1695 2034 archetypi,
1733 1955 1793 2013 in
1834 1970 1947 2032 qua
1993 1954 2260 2027 sufferre
2297 1952 2370 2013 de
2410 1956 2617 2014 scrofis

328 2061 552 2122 dictum
620 2068 740 2141 est,
807 2063 961 2122 sicut
1024 2064 1417 2139 suppeditare
1480 2070 1683 2140 postea
1733 2059 1772 2137 ἓ
1812 2058 1895 2121 21
1961 2063 2018 2121 si
2076 2059 2287 2136 scrofa
2343 2064 2442 2122 lac
2496 2078 2617 2122 non

315 2175 513 2245 potest
556 2171 967 2246 suppeditare.

500 2273 588 2335 Ut
636 2273 897 2335 crebro
946 2274 1186 2336 reditu
1233 2275 1420 2336 lacte
1478 2274 1671 2334 alere
1728 2275 2010 2353 possint
2067 2272 2359 2352 porcos]
2408 2275 2616 2350 Lacte,

325 2381 480 2461 quod
532 2383 594 2442 in
642 2383 1071 2461 antiquissimis
1119 2381 1478 2443 editionibus
1527 2383 1812 2442 omissum
1860 2389 2004 2462 erat,
2047 2379 2308 2459 Scaliger
2357 2389 2416 2441 et
2452 2379 2613 2441 Ursi-

325 2507 435 2550 nus
474 2500 777 2568 tamquam
816 2488 1104 2568 glossema
1142 2488 1701 2570 deleriyoluerunt,
1739 2487 1979 2549 inclusit
2017 2487 2335 2548 GesneruS.
2402 2486 2613 2548 deinde

317 2600 506 2673 possit
556 2615 628 2657 ex
676 2596 880 2657 Aldina
929 2597 1187 2658 editione
1228 2596 1419 2658 adhuc
1466 2605 1776 2678 receptum
1823 2604 1966 2658 erat.
2042 2597 2276 2658 restitui
2326 2594 2613 2676 pluralem

322 2721 666 2786 numerum,
740 2722 858 2784 quo
931 2706 1106 2765 etiam
1179 2704 1572 2785 praecedente
1649 2701 1933 2783 singulari
2009 2705 2353 2765 universum
2427 2721 2615 2783 genus

324 2811 708 2891 significatur.

501 2914 593 2978 20
649 2917 813 2978 Cum
862 2929 1257 2979 creuerunt
1303 2921 1693 2998 capiuntur
1740 2919 1949 2996 sequi
1997 2927 2287 2977 matrem
2335 2927 2613 2996 pastum

322 3024 659 3103 domique
727 3034 1118 3086 secernunt
1173 3044 1204 3085 a
1262 3025 1612 3086 matribus
1668 3043 1743 3085 ac
1800 3042 2122 3084 seorsum
2179 3034 2484 3103 pascunt
2540 3033 2616 3085 ut

324 3131 770 3193 desiderium
827 3132 1018 3193 ferre
1075 3134 1363 3212 possint
1417 3134 1745 3213 parentis
1801 3128 2161 3207 nutrices]
2218 3132 2614 3193 Cum-creve-

323 3242 464 3314 rint,
512 3242 772 3316 cupiunt
813 3243 989 3315 sequi
1029 3248 1282 3301 matrem
1322 3247 1582 3317 pastum,
1623 3243 1900 3314 domique
1944 3246 2271 3300 secernunt
2317 3257 2357 3298 a
2402 3242 2612 3300 matri-

324 3349 431 3407 bus
499 3365 578 3408 ac
632 3364 902 3407 seorsum
943 3355 1231 3425 pascunt,
1288 3355 1355 3408 ut
1400 3349 1768 3409 desiderium
1810 3344 1986 3421 ferre
2035 3348 2268 3423 possint
2317 3348 2612 3422 parentis

326 3456 611 3515 Nutrices
667 3452 917 3535 Merula,
980 3472 1118 3515 cum
1184 3460 1536 3528 creverunt,
1605 3455 1856 3530 cupiunt
1916 3455 2091 3527 sequi
2150 3459 2455 3536 matrem,
2489 3459 2613 3512 tum

325 3565 486 3623 domi
536 3569 867 3623 secernunt
919 3581 959 3623 a
1004 3564 1301 3623 matribus
1347 3579 1425 3623 ac
1479 3578 1750 3622 seorsum
1789 3566 2079 3640 pascunt,
2126 3566 2194 3619 ut
2240 3561 2609 3620 desiderium

316 3668 495 3743 ferre
553 3671 788 3746 possint
844 3672 1122 3746 parentis
1176 3668 1505 3749 IucunduS,
1553 3669 1655 3747 qui
1709 3670 1980 3728 nutrices
2045 3664 2279 3725 delevit.
2365 3672 2611 3741 pastum

325 3778 604 3850 domique
647 3773 943 3836 Victorius
992 3794 1061 3835 ex
1111 3775 1313 3836 codice
1361 3776 1651 3855 restituit,
1699 3772 1926 3853 reliqua
1973 3791 2042 3832 ex
2092 3759 2301 3832 Aldina
2350 3772 2609 3832 editione

324 3884 618 3962 repetivit.
709 3883 771 3941 in
836 3862 1132 3961 scriptura
1205 3881 1535 3961 archetypi,
1602 3898 1775 3959 quam
1845 3878 2136 3940 Victorius
2210 3879 2609 3960 adnotaverat,

325 3993 657 4067 capiuntur
703 3991 877 4063 sequi
920 3979 1083 4070 (nam
1134 3992 1465 4065 cupiuntur
1511 3988 1705 4047 errori
1752 3985 1998 4046 Gesneri
2056 3983 2438 4045 tribuendum
2486 3979 2606 4067 est)

325 4096 545 4157 frustra
603 4092 1021 4154 laboraverunt
1075 4092 1393 4154 Turnebus
1449 4093 1674 4153 advers,
1724 4088 1783 4172 8,
1822 4089 1860 4152 8
1911 4100 1989 4156 οι,
2017 4089 2303 4173 Scaliger,
2353 4094 2455 4172 qui
2502 4111 2604 4154 ca-

321 4206 577 4278 piuntur
624 4201 696 4261 de
744 4203 969 4281 impetu
1016 4208 1260 4273 naturae
1308 4200 1423 4261 dici
1469 4218 1646 4279 posse
1695 4197 1808 4259 sibi
1853 4208 2296 4280 persuaserunt,
2338 4207 2401 4259 ut
2447 4209 2606 4261 esset

330 4305 611 4370 ‘naturali
672 4317 834 4368 motu
900 4303 1314 4388 impelluntur'
1370 4307 1460 4368 vel
1517 4304 1802 4386 ‘cupiunt
1866 4313 2151 4385 expetunt
2216 4301 2605 4366 desiderant'.

334 4418 627 4477 contrario
693 4413 866 4475 modo
930 4414 1086 4474 idem
1152 4414 1395 4475 verbum
1460 4417 1887 4494 interpretatus
1953 4421 2044 4472 est
2098 4411 2408 4473 Fruterius
2471 4431 2603 4473 con-

333 4525 537 4584 iectan.
578 4521 658 4582 111
696 4518 740 4582 4
795 4520 1061 4596 (Gruter.
1106 4520 1276 4600 lamp.
1325 4540 1372 4581 v,
1412 4519 1458 4578 V
1503 4540 1561 4601 p.
1601 4514 1790 4603 358),
1851 4516 2273 4599 ‘prohibentur
2321 4527 2381 4580 et
2427 4521 2605 4579 inter·
