3178 5185
1279 414 1690 469 PRAEFATIO
2522 414 2654 467 XIII

335 580 672 660 archetypo
729 600 1030 660 expressa.
1124 601 1257 642 nam
1308 576 1520 642 ‘omnes
1573 585 1791 661 partim
1841 580 2210 661 neglegentia
2259 581 2653 643 scribentium

336 690 566 765 partim
626 688 1084 767 interpolatione
1142 689 1422 749 Italorum
1478 692 1557 749 ita
1618 692 1886 769 corrupti
1947 700 2112 770 suut,
2186 699 2252 750 ut
2306 693 2504 750 minus
2563 707 2656 748 ac-

338 802 620 854 curatam
660 796 883 855 veteris
922 796 1224 875 archetypi
1263 798 1578 875 imaginem
1621 799 1900 858 referant.
1992 816 2064 857 ex
2102 797 2196 856 his
2234 806 2357 858 tres
2398 797 2653 876 codiceS,

341 902 572 980 quibus
630 903 691 961 in
741 901 982 962 Catonis
1038 903 1187 962 libro
1236 922 1382 963 usus
1432 922 1592 982 sum,
1648 903 1953 985 indicabo,
2008 903 2159 964 duos
2205 902 2653 985 LaurentianoS,

341 1027 539 1068 unum
590 1008 990 1069 Caesenatem.
1083 1010 1301 1070 codex
1350 1009 1881 1072 Laurentianus
1929 1007 2032 1085 51,
2085 1009 2118 1071 1
2160 1011 2649 1071 membranaceus

350 1118 662 1194 scriptura
717 1116 893 1195 paulo
944 1120 1302 1197 antiquiore,
1360 1137 1537 1198 quam
1586 1137 1737 1197 quae
1786 1121 1848 1179 in
1897 1118 2143 1197 reliquis
2191 1119 2369 1179 huius
2416 1120 2654 1197 generis

344 1223 527 1284 libris
586 1233 704 1304 est,
764 1230 832 1284 ut
877 1224 1202 1285 Bandinius
1262 1224 1429 1286 catal.
1487 1226 1616 1286 cod.
1673 1225 1768 1286 lat.
1817 1225 1956 1286 bibl.
2004 1225 2176 1287 Laur.
2228 1246 2276 1286 v.
2325 1241 2376 1285 11
2424 1244 2479 1304 p.
2528 1221 2657 1286 526

352 1349 495 1390 eum
574 1340 786 1409 quarto
865 1331 1093 1392 decimo
1160 1332 1396 1394 saeculo
1462 1333 1888 1414 adsignaverit,
1964 1336 2229 1394 continet
2297 1332 2537 1393 Catonis
2603 1342 2662 1394 et

351 1437 640 1498 Varronis
708 1438 921 1518 libros,
988 1441 1305 1517 Incipiunt
1372 1445 1645 1517 capitula
1712 1445 1788 1502 tle
1851 1460 1923 1502 re
1978 1445 2214 1502 rustica
2271 1442 2356 1501 M.
2420 1442 2662 1502 Catonis

365 1547 674 1617 Quomodo
741 1564 963 1621 aarum
1027 1551 1146 1607 emi
1201 1551 1547 1623 pararique
1612 1555 1892 1625 oporteat
1947 1582 2033 1590 —-
2088 1565 2325 1609 uermes
2385 1555 2659 1623 tanqant.

353 1654 633 1728 Explicit
691 1655 848 1713 liber
895 1655 981 1713 M.
1036 1656 1279 1716 Catonis
1336 1658 1412 1717 de
1465 1675 1536 1716 re
1593 1660 1829 1718 rustica
1871 1656 2158 1731 feliciter.
2256 1656 2338 1715 M.
2395 1656 2664 1717 Terentii

368 1761 670 1821 Varronis
717 1779 930 1822 rerum
977 1767 1351 1824 rusticarum
1399 1767 1475 1824 tle
1522 1767 1918 1838 apricultura
1966 1765 2121 1824 liber
2161 1766 2400 1839 primus
2447 1765 2663 1838 incipit

346 1866 640 1942 feliciter.
736 1869 1052 1945 Incipiunt
1097 1871 1349 1930 rubrice
1397 1872 1664 1931 eiusdem
1711 1872 1859 1930 libri
1908 1903 1982 1912 ·—
2034 1872 2150 1931 boc
2193 1887 2367 1945 quem
2406 1872 2663 1944 exposui

353 1977 580 2035 habite.
677 1975 762 2035 M‘.
820 1976 878 2035 T.
943 1977 1236 2037 Varronis
1292 1995 1502 2038 rerum
1559 1980 1936 2038 rusticarum
1994 1980 2070 2037 tle
2125 1980 2415 2037 uillaticis
2464 1980 2659 2053 pasti-

354 2084 572 2142 onibus
630 2084 788 2143 liber
846 2087 1078 2144 tercius
1137 2087 1389 2160 explicit
1436 2083 1725 2159 feliciter.
1818 2087 1878 2143 in
1935 2085 2125 2163 primo
2173 2082 2453 2143 Varronis
2507 2083 2659 2142 libro

256 2262 261 2265 .
358 2189 541 2250 multa
590 2200 868 2250 correcta
915 2190 1005 2249 vel
1052 2192 1115 2250 in
1161 2189 1527 2269 marginibus
1576 2190 1852 2251 adnotata
1901 2198 2044 2249 sunt
2089 2191 2424 2250 recentiore
2462 2208 2660 2271 manu,

356 2315 508 2375 quae
565 2296 715 2357 mihi
772 2296 913 2356 olim
960 2296 1184 2357 Nicolai
1230 2297 1457 2358 Niccoli
1515 2316 1647 2358 esse
1694 2300 1816 2357 visa
1862 2306 1970 2356 est.
2065 2296 2352 2375 quaedam
2397 2315 2537 2357 vero
2585 2315 2657 2355 ex

361 2403 452 2463 his
510 2423 582 2464 ex
632 2403 1034 2465 Laurentiano
1090 2403 1292 2464 codice
1341 2402 1456 2484 30,
1518 2402 1600 2465 10
1658 2405 1932 2465 videntur
1987 2405 2171 2482 petita
2228 2423 2376 2465 esse.
2472 2405 2657 2465 codex

358 2510 904 2572 Laurentianus
952 2507 1057 2592 51,
1105 2509 1146 2571 2
1196 2510 1683 2572 membranaceus
1731 2514 1919 2590 prima
1960 2511 2178 2573 scheda
2216 2511 2444 2572 abscisa
2482 2514 2657 2572 muti-

357 2619 511 2680 latus
570 2620 816 2681 Catonis
873 2617 1090 2678 librum
1147 2621 1333 2698 prima
1389 2630 1559 2697 parte
1618 2620 2011 2698 capitulorum
2069 2621 2283 2680 amissa
2339 2619 2542 2700 habet,
2599 2627 2658 2679 to

359 2727 594 2787 Pultem
643 2729 940 2803 punicam
993 2729 1084 2787 sic
1134 2725 1331 2800 facito
1389 2719 1475 2808 (p.
1536 2724 1602 2806 7,
1663 2719 1777 2808 10)
1831 2760 1904 2768 -
1957 2730 2296 2802 expliciunt
2348 2729 2658 2787 rubricae.

356 2836 576 2909 incipit
638 2836 795 2895 liber
853 2867 936 2875 —
993 2851 1232 2895 uermes
1298 2841 1564 2908 tanqent.
1668 2835 1752 2893 M.
1818 2835 2062 2894 Catonis
2127 2836 2203 2894 de
2267 2837 2658 2908 acricultura

260 2973 261 2982 κ
359 2944 613 3017 explicit
651 2941 979 3017 foeliciter,
1028 2941 1240 3002 deinde
1289 2939 1567 3000 Varronis
1616 2940 1800 3000 libros
1847 2949 1968 3000 tres
2025 2973 2097 2981 —
2150 2942 2305 3001 haec
2350 2958 2510 3015 quae
2555 2959 2657 3000 ex-

354 3050 538 3122 posui
571 3048 809 3107 babeto.
907 3048 992 3107 M.
1038 3047 1307 3107 Terentii
1355 3047 1649 3106 Varronis
1689 3049 1764 3106 de
1801 3049 2191 3120 ayricultura
2229 3066 2437 3107 rerum
2474 3051 2656 3108 rusti-

359 3172 577 3214 carum
632 3156 782 3214 libri
836 3157 1176 3230 expliciunt
1214 3152 1537 3228 foeliciter.
1632 3152 1817 3212 codex
1866 3152 2217 3213 Caesenas
2264 3153 2655 3214 bibliothecae

359 3261 798 3321 Malatestianae
855 3258 972 3340 42,
1019 3259 1060 3321 2
1123 3259 1612 3320 membranaceus
1671 3259 1894 3320 formae
1953 3262 2238 3320 maximae
2294 3269 2431 3340 post
2487 3260 2656 3322 Colu-

360 3367 568 3428 mellae
625 3368 810 3428 libros
867 3366 1046 3427 habet
1093 3366 1330 3428 Catonis
1388 3376 1447 3427 et
1493 3365 1776 3426 Varronis
1833 3366 2016 3427 libros
2074 3369 2156 3427 ita
2213 3370 2495 3448 scriptos,
2555 3370 2655 3429 In-

361 3479 512 3551 cipit
574 3478 729 3536 liber
796 3475 882 3535 M.
956 3476 1202 3535 Catonis
1268 3478 1343 3535 cle
1407 3494 1478 3535 re
1542 3478 1795 3535 rustica.
1908 3477 2210 3546 Quomodo
2267 3493 2487 3549 aarum
2543 3477 2661 3535 emi

358 3585 703 3657 pararique
750 3589 1028 3659 oporteat
1074 3615 1156 3624 —
1205 3581 1381 3656 oselle
1411 3585 1755 3658 puteolane.
1848 3582 1956 3641 Est
1994 3584 2298 3642 interdum
2329 3588 2658 3659 praestare

371 3722 444 3731 --
504 3708 743 3750 uermes
801 3696 1067 3763 tanqent.
1161 3690 1348 3749 Finis.
1398 3689 1481 3748 M.
1536 3689 1818 3749 Terencii
1877 3689 2172 3749 Varronis
2220 3707 2427 3749 rerum
2474 3692 2655 3749 rusti-

365 3814 580 3856 carum
647 3798 723 3856 de
787 3799 1179 3869 aqricultura
1235 3797 1391 3856 liber
1439 3798 1678 3871 primus
1737 3798 1949 3871 incipit
1998 3794 2304 3869 foeliciter
2359 3797 2656 3870 Proloqus

365 3905 630 3963 eiusdem
685 3903 885 3963 Totius
943 3921 1129 3964 essem
1182 3936 1256 3945 ·—
1308 3905 1642 3964 tubicinam
1683 3921 1956 3979 precum.
2050 3904 2363 3980 Incipiunt
2407 3905 2658 3964 rubrice

365 4012 630 4070 eiusdem
677 4012 838 4070 libri.
940 4012 1060 4083 Qui
1098 4013 1280 4086 qreci
1320 4042 1397 4051 —
1441 4017 1550 4070 aut
1596 4013 1682 4070 ad
1724 4014 2125 4071 uendendum.
2219 4029 2286 4070 ea
2333 4027 2484 4089 quae
2521 4018 2657 4089 post

367 4136 417 4175 v.
474 4119 809 4177 tubicinam
859 4135 1115 4192 ¹arecum
1171 4135 1361 4195 usque
1418 4117 1490 4178 ad
1546 4117 1725 4176 finem
1780 4115 1919 4177 libri
1974 4119 2189 4176 omissa
2237 4107 2407 4176 erant
2450 4123 2656 4195 postea

369 4223 573 4284 eadem
629 4242 808 4284 mauu
864 4224 1059 4304 addita
1117 4233 1285 4306 sunt,
1341 4224 1445 4285 sed
1502 4225 1582 4284 ita
1641 4232 1708 4284 ut
1761 4224 1873 4283 alio
1931 4233 2198 4303 tempore
2256 4225 2479 4302 scripta
2526 4242 2655 4283 esse

368 4330 548 4391 verba
611 4339 917 4410 appareat:
983 4350 1118 4391 nam
1173 4349 1360 4410 pauca
1415 4333 1476 4390 in
1534 4332 1724 4410 spatio
1780 4338 1914 4391 ante
1973 4329 2227 4408 capitula
2284 4332 2463 4409 primi
2517 4328 2658 4389 libri

369 4438 604 4519 relicto,
664 4438 917 4516 plurima
974 4440 1034 4498 in
1092 4439 1355 4517 margine
1404 4438 1702 4517 adscripta
1749 4446 1905 4516 sunt,
1947 4440 2254 4511 qreyatim
2306 4471 2380 4479 —
2432 4439 2654 4498 habito.

375 4544 453 4604 M.
509 4545 777 4604 Terentii
834 4545 1095 4610 Varonis.
1144 4562 1354 4606 rerum
1409 4548 1783 4606 rusticarum
1830 4547 1905 4604 cle
1949 4546 2239 4604 uillaticis
2277 4546 2657 4620 pastionibus
