3178 5185
835 408 1092 463 RERVM
1128 408 1598 464 RVSTICARVM
1634 409 1767 464 LIB.
1805 411 1831 463 Ι
1869 403 2112 461 31-33
2502 407 2626 470 171,

336 573 642 654 capreolos
698 574 906 654 habet,
965 584 1030 635 ut
1084 577 1246 657 vitis,
1304 575 1520 655 quibus
1577 595 1714 636 cum
1770 595 1976 638 susum
2032 594 2239 637 versus
2288 577 2500 657 serpit,
2558 574 2628 635 ad

335 677 579 760 scapum
644 681 839 759 lupini
902 683 1153 742 aliumve
1221 701 1396 761 quem
1464 691 1530 743 ut
1584 684 1849 765 haereat,
1914 684 1974 744 id
2033 683 2182 744 solet
2236 685 2477 743 vincire.
2578 683 2631 740 si

333 797 502 868 prata
560 791 792 866 inrigua
851 789 1120 869 habebiS,
1189 789 1435 850 simulac
1493 790 1730 851 faenum
1787 790 2129 869 sustuleriS,
2188 792 2469 867 inrigare.
2567 790 2629 847 in

337 914 534 976 poma,
583 914 734 974 quae
783 897 958 956 insita
1007 904 1208 979 eruut,
1257 896 1626 958 siccitatibus
1674 916 1885 976 aquam
1934 898 2067 957 addi
2115 896 2331 957 cotidie
2376 899 2629 972 vesperi.

274 1022 305 1061 5
336 1021 367 1061 a
418 1021 563 1082 quo,
611 1002 772 1080 quod
818 1003 1087 1081 indigent
1132 1010 1302 1085 potu,
1354 1023 1526 1083 poma
1577 1004 1676 1082 [L]
1730 1004 1885 1065 dicta
1934 1022 2063 1064 esse
2110 1011 2378 1084 possunt.

514 1108 743 1179 Quarto
815 1111 1122 1171 intervallo
1198 1113 1354 1171 inter
1428 1111 1745 1172 solstitium
1822 1119 1882 1172 et
1956 1110 2283 1171 caniculam
2358 1108 2628 1188 plerique
2668 1106 2882 1167 XXXII

334 1234 589 1276 messem
649 1216 902 1297 faciunt,
958 1218 1116 1296 quod
1174 1218 1537 1280 frumentum
1599 1220 1806 1279 dicunt
1853 1218 2191 1298 quindecim
2239 1217 2451 1277 diebus
2498 1234 2630 1276 esse

335 1326 397 1383 in
461 1325 717 1404 vaginiS,
795 1323 1132 1402 quindecim
1199 1306 1441 1408 florere,
1507 1326 1848 1406 quindecim
1914 1343 2286 1405 exarescere,
2352 1342 2488 1384 cuni
2555 1324 2631 1383 sit

337 1437 654 1491 maturum.
759 1434 1056 1493 arationes
1122 1433 1370 1515 absolvi,
1435 1453 1585 1513 quae
1653 1453 1722 1495 eo
1784 1434 2215 1495 fructuosiores
2270 1432 2447 1508 fiunt,
2514 1448 2631 1508 quo

248 1556 308 1595 ιο
336 1537 593 1598 caldiore
632 1545 797 1599 terra
835 1547 1061 1601 aratur:
1101 1542 1154 1602 si
1188 1541 1569 1622 proscideriS,
1608 1542 1843 1619 offringi
1881 1549 2133 1620 oportet,
2170 1540 2229 1600 id
2269 1547 2360 1599 est
2397 1540 2633 1617 iterare,

335 1652 401 1705 ut
457 1645 808 1723 frangantur
864 1647 1118 1725 glaebae.
1210 1651 1400 1727 prima
1457 1650 1616 1708 enim
1663 1634 1925 1708 aratione
1972 1648 2227 1727 grandes
2273 1644 2512 1724 glaebae
2560 1661 2632 1702 ex

336 1761 495 1813 terra
544 1753 918 1814 scinduntur.
1011 1756 1328 1816 serendum
1374 1758 1612 1836 viciam,
1659 1756 1903 1834 lentem,
1952 1754 2336 1833 cicerculam,
2382 1750 2682 1812 ervilam2

336 1867 683 1941 ceteraque,
733 1879 883 1940 quae
932 1861 1031 1922 alii
1077 1862 1400 1943 legumina,
1449 1862 1572 1940 alii,
1619 1870 1688 1923 ut
1734 1862 2018 1923 Gallicani
2063 1861 2332 1941 quidam,
2379 1859 2631 1938 legarica

337 1967 662 2048 appellant,
720 1977 972 2048 utraque
1030 1970 1187 2030 dicta
1242 1988 1273 2030 a
1329 1970 1607 2051 legendo,
1663 1969 1821 2050 quod
1878 1988 1945 2030 ea
2002 1987 2121 2029 non
2167 1975 2471 2047 secantur,
2527 1966 2631 2027 sed

256 2089 314 2130 15
343 2073 610 2135 vellendo
669 2074 966 2153 leguntur.
1059 2079 1259 2138 vineas
1313 2086 1547 2138 veteres
1594 2079 1812 2138 iterum
1860 2094 2094 2155 occare,
2150 2074 2409 2136 novellas
2456 2076 2633 2134 etiam

345 2183 547 2263 tertio,
594 2183 648 2242 si
696 2190 839 2243 sunt
885 2186 1059 2244 etiam
1108 2191 1233 2245 tum
1281 2184 1540 2263 glaebae.

519 2287 741 2358 Quinto
789 2290 1096 2352 intervallo
1143 2293 1301 2352 inter
1346 2292 1675 2354 caniculam
1722 2299 1782 2353 et
1819 2292 2258 2372 aequinoctium
2297 2286 2634 2349 autumnale
2674 2280 2915 2342 XXXIII

484 2530 519 2579 4
565 2540 771 2594 aquam
816 2525 951 2579 addi
998 2525 1204 2582 cotidie
1241 2527 1389 2583 Non.
1419 2544 1480 2597 p.
1521 2532 1611 2596 61,
1647 2531 1727 2584 ,28
1872 2532 1904 2581 5
1952 2543 1987 2580 a
2032 2543 2142 2596 quo
2191 2526 2341 2595 quod
2377 2508 2642 2595 indigenti

342 2615 489 2670 Non.
523 2634 581 2685 p.
623 2620 754 2682 502,
791 2621 869 2672 24

456 2847 482 2893 1
520 2856 715 2894 susum
752 2857 944 2894 uersus
971 2841 1097 2896 AB
1125 2859 1312 2896 susum
1342 2859 1564 2896 uersum
1594 2843 1651 2896 P
1673 2859 1891 2896 sursum
1919 2858 2140 2896 norsum
2168 2858 2202 2895 v
2309 2847 2341 2894 2
2379 2841 2635 2909 lupinum

344 2945 480 2983 corr.
512 2960 579 2968 -
612 2928 670 2982 ni
699 2929 753 2982 A
860 2928 1075 2985 uincire
1105 2930 1186 2984 ΑΞ
1214 2948 1306 2986 mv
1334 2931 1558 2986 uincere
1588 2932 1771 2986 PAB
1880 2937 1911 2984 3
1948 2930 2172 3000 inrigua
2200 2930 2251 2982 A
2279 2928 2491 2999 irrigua
2525 2928 2638 2982 VB

450 3017 641 3072 fenum
662 3016 718 3071 A
736 3018 961 3072 foenum
989 3019 1101 3073 VB
1188 3020 1431 3089 inrigare
1452 3021 1564 3074 PA
1585 3021 1814 3091 irrigare
1834 3021 1930 3074 Bv
2017 3025 2050 3072 4
2079 3019 2296 3089 vesperi
2311 3033 2410 3074 om.
2442 3016 2552 3071 VA
2563 3016 2636 3082 Β,

344 3108 471 3163 add.
510 3109 737 3163 Nonius
763 3127 825 3179 p.
866 3114 957 3179 61,
994 3115 1074 3166 28
1182 3115 1214 3163 5
1261 3109 1521 3179 indigent
1555 3127 1649 3164 mv
1686 3111 1911 3165 Nonius
1946 3127 2007 3179 p.
2039 3113 2130 3176 61,
2158 3112 2251 3164 28.
2282 3112 2414 3174 502,
2440 3112 2518 3163 25
2555 3107 2636 3161 in-

344 3194 702 3264 digetPAB
810 3199 950 3267 potu
975 3199 1149 3253 VAB
1168 3199 1328 3267 potui
1346 3199 1587 3254 Nonius.
1612 3198 1978 3254 ‘Communem
2000 3200 2274 3253 lectionem
2293 3199 2636 3265 consen-uani,

343 3302 509 3353 quam
555 3288 721 3341 etiam
758 3288 822 3341 i‘n
858 3289 1104 3357 antiquis
1140 3290 1299 3343 libris
1335 3289 1567 3357 repperi.
1642 3288 1865 3342 Habent
1902 3293 2082 3342 autem
2117 3288 2207 3341 illi
2240 3287 2330 3341 hic
2366 3288 2530 3342 etiam
2565 3287 2632 3343 L.

344 3374 412 3427 de
453 3390 560 3442 quo
607 3391 781 3443 supra
826 3376 1039 3431 locutus
1081 3377 1222 3431 sum’
1309 3376 1583 3432 Victorius
1727 3391 1896 3445 poma
1924 3414 1938 3428 .
1968 3376 2030 3432 L.
2078 3375 2229 3430 dicta
2268 3376 2325 3429 P
2357 3393 2526 3445 poma
2556 3376 2636 3432 .1.

345 3461 500 3518 dicta
537 3462 657 3518 AB
694 3481 864 3534 poma
899 3465 1026 3534 lege
1064 3465 1229 3538 dicta,
1251 3482 1305 3519 m
1339 3481 1510 3535 poma
1547 3465 1701 3520 dicta
1736 3483 1767 3520 v

489 3559 521 3606 6
578 3553 860 3622 plerisque
898 3552 954 3607 A
1097 3560 1127 3608 ’1
1185 3553 1379 3608 dicunt
1413 3572 1447 3609 v
1499 3554 1694 3608 dicant
1732 3554 1914 3607 PAB
2057 3560 2089 3609 9
2147 3554 2366 3610 absolui
2401 3554 2524 3609 AB
2568 3554 2639 3607 ad

347 3641 491 3695 solui
532 3641 589 3694 P
632 3641 705 3695 ad
743 3641 924 3696 solum
960 3659 992 3696 v
1139 3629 1219 3697 10'
1244 3642 1488 3697 caldiore
1525 3643 1677 3697 terra
1720 3642 1829 3696 VA
1868 3659 2005 3698 corr.
2044 3649 2106 3698 ut
2142 3641 2357 3699 videtur
2393 3642 2638 3697 caldior&

347 3733 497 3785 terra
543 3730 627 3785 A²
683 3730 951 3786 calidiore
1005 3734 1157 3786 terra.
1200 3732 1255 3785 Β
1312 3730 1633 3787 calidiorem
1690 3734 1897 3786 terram
1951 3750 2005 3786 m
2184 3735 2373 3787 aratur
2426 3749 2458 3786 v
2516 3748 2638 3786 ara-

345 3824 435 3873 tor
471 3820 656 3873 PAB
837 3818 885 3872 si
931 3817 1261 3889 proscideris
1302 3820 1418 3875 ΡΒ
1464 3820 1765 3890 supsideris
1810 3827 1874 3875 ut
1908 3823 2124 3877 videtur
2167 3838 2307 3876 corr.
2345 3823 2393 3876 si
2429 3820 2638 3890 prosci-

348 3908 496 3962 deris
532 3909 592 3963 A
636 3907 913 3963 suscindit
956 3926 1010 3962 m
1047 3927 1174 3963 cum
1211 3910 1582 3979 proscinderis
1619 3926 1652 3964 v
1802 3916 1862 3964 11
1911 3909 2205 3980 fragantur
2240 3912 2296 3965 Β
2438 3910 2638 3979 glebae

348 4040 575 4104 utroque
604 4035 718 4090 loco
756 4034 810 4089 V
918 4040 981 4088 12
1022 4033 1319 4088 sindunlmr
1346 4034 1399 4087 A
1507 4011 1808 4090 ciee‘r’ulam
1845 4038 1901 4091 Β
2009 4035 2243 4090 eruilam
2280 4033 2461 4088 PAB
2497 4033 2638 4088 erui-

349 4157 483 4213 liam
519 4176 552 4213 v
702 4165 768 4213 13
812 4162 1140 4229 caeteraque
1185 4160 1240 4215 V
1373 4123 1619 4231 galicani
1655 4161 1710 4215 A
1854 4160 2101 4230 legarica
2139 4160 2320 4214 PAB
2356 4147 2572 4228 legatia
2606 4177 2640 4214 v

495 4290 560 4338 15
608 4247 850 4340 nolendo
888 4287 940 4338 A
1085 4287 1334 4342 nouellas
1374 4287 1545 4342 etiam
1572 4286 1630 4340 Β
1662 4286 1954 4342 nonuellas
1994 4284 2167 4340 etiam
2194 4283 2250 4338 A
2288 4285 2346 4339 et
2388 4283 2641 4339 nouellas

355 4372 523 4425 etiam
568 4372 623 4427 V
780 4380 846 4428 16
887 4373 935 4427 si
980 4377 1107 4429 sunt
1152 4375 1321 4429 tertio
1365 4392 1499 4431 corr.
1539 4375 1708 4430 tertio
1746 4374 1793 4428 si
1830 4377 1961 4429 sunt
1996 4375 2052 4429 Β
2211 4374 2387 4429 tercio
2426 4375 2482 4428 A

357 4460 553 4527 glebae
599 4461 712 4516 VB
748 4461 913 4531 glebe
952 4463 1008 4516 A

499 4557 562 4606 17
602 4553 871 4607 autfinale
909 4553 966 4607 P
997 4554 1353 4609 autumnalae
1390 4553 1446 4608 A
1483 4553 1786 4608 autunnale
1824 4554 1880 4608 Β
1917 4550 2148 4609 auctfini
2183 4569 2215 4608 v
