3178 5185
867 391 1128 447 RERVM
1163 391 1643 446 RVSTICARVM
1680 391 1816 446 LIB.
1854 391 1936 444 ΠΙ
1976 388 2055 445 16
2467 382 2596 447 287

321 560 470 609 ουσι
517 543 815 629 βοτῆρες,
876 543 966 607 Οἱ
1006 539 1081 607 δὲ
1126 545 1581 626 μελίτταιναν,
1639 544 2017 605 Dioscorides
2064 545 2137 605 de
2195 553 2400 606 mater.
2448 545 2599 606 med.

312 653 388 713 ΙΙΙ
422 651 549 715 108
590 646 1151 735 μελισσόφυλλον,
1192 645 1227 713 ὃ
1269 651 1437 713 ἔνιοι
1476 651 1904 732 μελίτταιναν
1941 652 2282 713 καλοῦσιν.
2349 653 2597 713 formam

312 764 567 823 nominis
613 760 947 821 Lobeckius
993 760 1141 839 prol.
1178 758 1397 838 pathol.
1437 778 1633 838 graec.
1669 778 1726 839 p.
1766 757 1851 819 34
1900 759 2225 838 explicavit.
2436 842 2437 845 Ἴ

491 866 568 929 11
634 867 986 947 Recipere
1027 884 1185 927 esse
1224 866 1482 926 solitos
1522 885 1676 928 cum
1707 868 1810 926 eis
1841 874 1907 926 et
1937 866 2124 927 uelle
2166 865 2595 946 expectare]

317 975 463 1035 Tum
512 993 614 1035 eos
660 981 720 1034 et
763 978 911 1034 velle
958 979 1288 1049 expectare
1336 971 1490 1032 edita
1537 972 1675 1031 inde
1724 991 1756 1032 a
1801 974 2071 1052 principe
2110 973 2366 1035 editione
2406 992 2598 1035 exem-

314 1081 516 1163 plaria,
573 1083 633 1141 in
683 1078 901 1159 quibus
952 1098 1148 1157 neque
1210 1086 1332 1139 tum
1392 1096 1584 1157 neque
1643 1085 1702 1139 et
1756 1078 1898 1157 quid
1946 1079 2060 1139 sibi
2113 1080 2277 1161 velit,
2337 1079 2601 1159 intellegi

310 1196 525 1267 potest.
619 1206 755 1248 cum
813 1189 1091 1248 dicerent
1143 1189 1292 1246 velle
1347 1192 1679 1261 expectare
1724 1188 1968 1266 scripsi,
2026 1195 2092 1247 ut
2141 1186 2221 1246 111
2259 1185 2327 1268 2,
2368 1184 2403 1247 7
2463 1204 2600 1247 cum

313 1298 551 1356 diceret
595 1298 825 1355 nullam
869 1313 935 1354 se
980 1295 1289 1368 accepisse
1333 1296 1554 1352 villam.

492 1399 574 1463 12
641 1401 770 1460 Ubi
801 1419 939 1461 non
970 1407 1319 1460 resonent
1357 1400 1707 1478 imagines
1744 1399 1862 1459 hic
1892 1402 2074 1460 enim
2106 1418 2324 1462 sonus
2353 1400 2599 1462 harum

310 1511 520 1589 fugae
579 1510 1045 1568 existimatur
1097 1524 1260 1566 esse
1316 1523 1704 1585 procerum
1761 1525 1918 1567 esse
1976 1513 2261 1586 oportet
2315 1526 2476 1568 aere
2534 1515 2602 1568 et

309 1613 749 1695 temperato]
801 1617 1139 1675 Praeterea
1184 1632 1294 1692 pro
1327 1631 1660 1690 procerum
1698 1614 1881 1674 codex
1924 1612 2231 1674 Caesenas.
2305 1616 2406 1675 hic
2444 1617 2601 1676 enim

307 1741 490 1784 sonus
537 1725 757 1782 harum
799 1721 995 1797 fuqae
1039 1722 1427 1781 existimatur
1481 1738 1625 1781 esse.
1707 1727 2047 1797 praeterea
2095 1737 2427 1798 procerum
2475 1739 2603 1782 esse

308 1836 545 1906 oportet
600 1848 746 1890 aere
804 1834 1134 1904 temperato
1181 1825 1433 1907 Merula,
1493 1826 1597 1886 ubi
1654 1844 1905 1887 causam
1950 1835 2087 1906 post
2137 1826 2334 1902 fuqae
2379 1827 2605 1888 addidit

308 1936 640 2017 Iucundus;
706 1953 899 1997 causa
963 1935 1162 2014 potius
1219 1932 1421 1993 voluit.
1513 1937 1616 1994 hic
1671 1938 1829 1994 enim
1889 1951 2070 1994 sonus
2125 1936 2346 1994 karum
2407 1933 2602 2009 fuyae

309 2047 698 2104 existimatur
762 2061 907 2102 esse.
1001 2058 1333 2117 procerum
1400 2059 1528 2101 esse
1584 2059 1712 2119 sqq.
1766 2040 2091 2122 Victorius3
2151 2040 2346 2116 fuqae
2409 2059 2603 2102 causa

307 2153 699 2212 existimatur
744 2167 873 2209 esse
920 2147 1102 2208 editio
1151 2146 1630 2208 Commeliniana.
1706 2147 1901 2207 locum
1949 2147 2152 2208 alvarii
2190 2155 2428 2227 oportet
2471 2166 2601 2208 esse

309 2264 606 2318 remotum
652 2255 724 2316 ab
772 2255 1127 2335 imaginibus
1174 2254 1593 2315 resonantibus
1607 2303 1625 2336 ‚
1684 2256 1961 2333 quoniam
2019 2274 2090 2315 eo
2149 2274 2294 2316 sono
2342 2273 2483 2334 apes
2531 2256 2600 2315 ad

311 2366 507 2444 fugam
558 2364 921 2443 excitantur3
968 2362 1222 2423 eundem
1270 2380 1405 2423 aere
1449 2369 1778 2440 temperato
1828 2381 1959 2422 esse
1998 2369 2250 2442 oportet.
2322 2362 2429 2423 ’sed
2475 2381 2603 2422 cor-

316 2473 479 2551 rupti
536 2468 808 2531 vocabuli
861 2478 1192 2545 procerum
1247 2466 1570 2547 probabilis
1635 2469 1969 2553 emendatio
2025 2471 2261 2529 inventa
2319 2487 2436 2528 non
2495 2478 2598 2529 est

303 2585 640 2656 praeterea
685 2580 881 2638 locum
928 2595 1056 2637 esse
1093 2582 1330 2653 oportet
1375 2577 1630 2637 coniecit
1667 2574 1937 2659 UrsinuS‚
1967 2595 2161 2654 porro
2200 2581 2435 2638 caelum
2474 2596 2604 2638 esse

312 2693 546 2763 oportet
574 2683 864 2744 Trillerus
903 2682 1133 2744 observ.
1172 2684 1305 2743 crit.
1342 2680 1404 2764 4,
1434 2680 1515 2743 27
1557 2701 1613 2762 p.
1642 2679 1792 2745 468.
1857 2686 1959 2745 hic
1987 2688 2143 2745 enim
2172 2702 2355 2745 sonus
2383 2688 2602 2745 harum

306 2793 502 2869 fuqae
567 2794 957 2852 existimatur
1023 2809 1151 2851 esse
1209 2794 1541 2867 protelum:
1601 2809 1730 2850 esse
1783 2798 2020 2866 oportet
2074 2810 2220 2851 aere
2275 2799 2604 2868 temperato

313 2899 577 2977 Scaliger
625 2897 735 2957 hac
782 2897 976 2957 addita
1024 2896 1434 2978 explicatione,
1486 2891 1607 2956 ‘est
1650 2885 1847 2957 autem
1889 2901 2190 2973 protelum
2238 2899 2602 2958 continuatio

191 3074 203 3086 ⁶
313 3009 489 3087 ictuS‚
537 3010 606 3065 ut
651 3003 789 3064 alibi
838 3002 929 3080 [in
975 3003 1144 3083 Verg.
1184 3003 1350 3063 catal.
1401 3023 1457 3083 p.
1498 2992 1674 3079 2491
1717 3002 2137 3081 explicavimus
2196 3013 2257 3064 et
2304 3004 2602 3064 Lucretia·

313 3131 458 3173 num
488 3109 848 3171 versiculum
882 3108 960 3187 [11
990 3106 1148 3186 531]
1183 3109 1552 3190 adduximuS‚
1592 3111 1861 3184 undique
1891 3113 2130 3185 protelo
2168 3114 2424 3170 telorum
2461 3128 2601 3170 con-

313 3223 566 3280 tinuato.
659 3219 858 3296 itaque
906 3215 1199 3295 protelum
1262 3216 1433 3294 fugae
1482 3224 1603 3297 est,
1661 3234 1795 3275 cum
1851 3234 2100 3296 prorsus
2156 3215 2372 3295 aliquid
2429 3215 2602 3295 longe

312 3326 599 3404 truditur,
647 3331 714 3384 ut
751 3323 955 3405 telum,
1003 3323 1160 3402 quod
1202 3342 1272 3383 ex
1310 3321 1540 3383 ballista
1581 3324 1891 3383 emittitur.
1967 3341 2150 3383 sonus
2188 3342 2392 3384 earum
2431 3324 2603 3403 fugae

311 3431 610 3513 protelum
658 3439 767 3512 est,
822 3431 935 3490 hoc
982 3437 1076 3491 est
1122 3430 1416 3490 eiusmodi
1460 3430 1816 3509 imaginibus
1870 3438 1932 3490 et
1976 3432 2139 3491 sonis
2185 3430 2359 3511 longe
2405 3438 2602 3512 prote-

313 3538 514 3600 lantur
558 3539 621 3598 in
669 3532 916 3616 fugam'.

493 3643 578 3704 Ut
616 3651 899 3723 spectet
926 3645 1382 3721 potissimum
1409 3644 1491 3703 ad
1532 3642 1882 3704 hibernos
1921 3652 2127 3704 ortus
2167 3663 2342 3723 quae
2381 3663 2602 3725 prope

315 3770 388 3812 se
436 3751 593 3811 loca
638 3748 927 3826 habeat]
968 3752 1088 3823 Qui
1122 3752 1353 3830 scripsi,
1385 3748 1542 3829 quod
1581 3749 1884 3811 Gesnerus
1914 3752 2268 3832 coniecerat,
2297 3752 2354 3812 h.
2393 3770 2442 3812 e.
2484 3770 2602 3811 me-

315 3859 508 3919 litton.
602 3857 742 3917 olim
798 3875 957 3931 quae
1014 3856 1329 3917 delendum
1386 3855 1478 3916 vel
1543 3864 1613 3917 ut
1665 3864 1935 3934 spectent
1989 3866 2049 3918 et
2105 3876 2262 3933 quae
2320 3859 2605 3939 habeant,

313 3965 372 4026 h.
415 3984 464 4025 e.
514 3963 793 4043 mellaria,
840 3962 1222 4024 scribendum
1271 3981 1400 4023 esse
1449 3965 1839 4024 conieceram.

503 4069 583 4131 13
649 4069 889 4131 Pisum
936 4071 1243 4131 ocimum
1285 4071 1561 4149 ciprum
1601 4071 1916 4132 medicae
1958 4072 2256 4130 maxime
2297 4073 2601 4151 cytisum

319 4178 505 4257 quod
554 4176 975 4237 ualentibus
1024 4176 1497 4237 utilissimum
1562 4176 1707 4255 est]
1767 4179 1972 4237 Pisum
2030 4194 2322 4254 cyperum
2368 4178 2604 4237 medica

319 4284 642 4346 Iucuudus,
717 4287 973 4360 cypiron
1020 4302 1129 4362 pro
1177 4302 1467 4360 cyperum
1506 4283 1888 4344 scribendum
1928 4301 2059 4344 esse
2099 4286 2355 4344 coniecit
2390 4283 2604 4343 Ponte-

318 4392 458 4453 dera
499 4409 556 4470 p.
583 4387 735 4471 456,
783 4390 938 4468 quod
987 4408 1249 4467 cyperus
1297 4393 1400 4469 qui
1438 4390 1612 4469 vulgo
1654 4391 1871 4452 dicitur
1910 4389 1982 4450 ad
2023 4389 2384 4451 mellificium
2431 4397 2605 4468 aptus

315 4517 441 4559 non
489 4505 664 4559 esset.
740 4496 887 4557 Plin.
926 4496 1058 4557 XXI
1105 4492 1229 4558 115
1267 4500 1515 4572 quidam
1552 4503 1877 4561 etiamnum
1915 4516 2101 4559 unum
2133 4515 2330 4572 oenus
2361 4497 2610 4573 faciunt
