3178 5185
562 417 600 477 2
607 415 693 478 34
1237 422 1618 493 ΟΟΜΜΕΝΤ.
1658 423 1739 476 IN
1785 422 2161 477 VARRONIS

577 581 822 638 veniant
867 576 1137 639 Ursinus,
1212 576 1497 656 lacunam,
1546 596 1658 656 qua
1708 579 2003 656 scriptura
2042 576 2348 656 archetypi
2386 586 2670 654 corrupta
2709 584 2849 657 erat,

564 687 623 744 iu
673 684 831 744 hunc
871 683 1109 743 modum
1149 681 1435 765 supplevi,
1475 687 1550 744 de
1586 686 1681 744 his
1717 703 1829 745 sex
1860 685 2143 760 partibus
2180 687 2267 744 ad
2301 686 2418 744 ista
2458 686 2584 742 tria
2617 701 2852 758 qenera

565 794 703 851 item
752 794 875 851 tria
919 809 1153 865 yenera
1201 793 1508 864 artificum
1548 793 1872 867 paranda:
1929 809 2063 850 nam
2110 791 2552 870 praepositione
2601 791 2679 849 de
2727 791 2849 849 uui-

562 916 796 957 versum
845 915 1033 976 genus
1073 896 1458 957 villaticarum
1507 898 1871 977 pastionum,
1927 896 1995 956 ad
2047 914 2193 975 quas
2241 898 2353 955 tria
2406 914 2628 975 genera
2676 898 2854 976 perti-

563 1013 731 1084 nent,
789 1004 1173 1082 significatur.
1257 1003 1483 1082 reliqua
1533 1021 1563 1062 a
1612 1002 1836 1062 Merula
1884 1011 1943 1062 et
1992 1001 2289 1081 Scaligero
2339 1002 2652 1063 emendata
2702 1011 2853 1084 sunt,

564 1119 672 1172 aut
709 1113 786 1171 ab
825 1113 900 1170 iis
938 1112 1190 1170 emenda
1228 1127 1388 1185 quae
1430 1143 1505 1152 —
1549 1113 1866 1171 nutricere
1902 1112 2279 1184 saqinesque,
2330 1113 2393 1170 in
2437 1112 2758 1171 macellum
2794 1117 2858 1169 ut

556 1220 938 1295 perveniant.
1013 1215 1083 1275 ad
1126 1217 1235 1276 tria
1272 1215 1619 1295 principalia
1658 1234 1874 1295 genera
1905 1217 2258 1294 pastionum,
2302 1235 2451 1295 quae
2490 1234 2672 1295 supra
2703 1215 2852 1276 dicta

563 1334 758 1405 eraut,
815 1325 926 1385 tria
983 1341 1200 1401 genera
1256 1322 1569 1405 artificum,
1618 1324 1721 1402 qui
1768 1322 2037 1382 animalia
2087 1331 2349 1404 captent,
2411 1322 2671 1403 paranda
2720 1330 2855 1382 sunt

566 1438 668 1491 aut
715 1429 786 1490 ab
834 1432 906 1490 iis
954 1429 1198 1490 emenda
1239 1429 1527 1510 animalia,
1567 1448 1718 1508 quae
1767 1432 1921 1490 servi
1961 1437 2243 1489 tueantur
2281 1429 2350 1489 ad
2388 1439 2600 1510 partus
2638 1430 2850 1490 facien·

565 1537 671 1596 dos
711 1546 770 1597 et
808 1535 878 1596 ad
919 1535 1111 1615 pullos
1152 1554 1225 1595 ex
1272 1538 1345 1596 iis
1393 1545 1560 1596 natos
1611 1536 2013 1597 nutricandos,

747 1660 1100 1731 Quaedam
1150 1660 1581 1722 adsumenda
1621 1694 1693 1704 —
1727 1671 1803 1722 ut
1851 1660 2080 1739 glires
2136 1660 2453 1721 cochlias
2510 1660 2849 1740 gallinas]

576 1746 854 1828 Cochlias
899 1770 963 1827 in
1019 1767 1339 1847 archetypo
1399 1770 1687 1846 scriptum
1748 1767 1932 1827 fuisse
1989 1766 2263 1827 Politiani
2322 1769 2662 1827 testimonio
2720 1787 2851 1827 con-

566 1883 700 1956 stat,
748 1877 1016 1934 cleoclias
1063 1873 1247 1934 codex
1287 1873 1686 1955 FlorentinuS,
1726 1877 1954 1935 coclias
1990 1872 2036 1931 B
2076 1883 2136 1934 et
2175 1871 2482 1935 CaesenaS.
2559 1882 2626 1934 ul
2669 1879 2855 1950 ylires

569 1984 813 2041 cocleae
851 1988 910 2040 et
942 1983 1216 2055 callinae
1254 1979 1554 2041 Iucundus
1595 1991 1655 2041 et
1693 1980 1906 2040 deinde
1946 1979 2162 2058 reliqui
2205 1979 2480 2041 editores,
2557 1985 2853 2056 quaedam

569 2090 993 2148 assumendum
1042 2087 1311 2148 Ursinus,

744 2207 785 2271 5
851 2210 1140 2272 Tertiae
1189 2214 1518 2290 piscinae
1567 2212 1815 2273 dulces
1864 2212 2033 2272 fieri
2080 2220 2375 2291 coeptae
2424 2220 2496 2272 et
2540 2231 2574 2271 e
2616 2212 2868 2273 flumi-⁴

567 2317 777 2378 nibus
827 2326 1076 2396 captos
1123 2321 1456 2398 recipere
1514 2317 1791 2397 pisces]
1852 2320 2167 2395 Recepere
2226 2338 2297 2379 ex
2344 2318 2551 2379 Aldina
2601 2318 2853 2379 editione

571 2433 876 2505 receptum
925 2433 1035 2487 est.

745 2546 784 2611 6
855 2548 1054 2611 Alter
1111 2548 1482 2628 sublimis]
1538 2551 1814 2612 Alterum
1878 2541 2131 2611 sublime
2186 2549 2514 2628 GesneruS‚
2570 2560 2639 2610 ut
2704 2557 2854 2610 esset

568 2656 817 2717 alterum
867 2658 1171 2718 aviarium.
1246 2660 1425 2718 immo
1474 2657 1623 2718 alter
1671 2656 1889 2736 gradus
1937 2656 2207 2716 sublimis
2246 2655 2464 2717 dicitur
2502 2656 2687 2717 altera
2723 2674 2854 2734 pars

567 2765 797 2842 antiqui
843 2762 1091 2843 gramm,
1139 2764 1195 2824 h.
1244 2783 1293 2824 e.
1343 2762 1614 2824 sublimis
1662 2763 1855 2846 locuS‚
1911 2765 1970 2823 in
2020 2782 2137 2842 quo
2195 2761 2500 2822 columbae
2549 2762 2855 2823 habentur.

747 2883 786 2948 8
848 2886 922 2947 ln
982 2888 1296 2949 secunda
1342 2891 1536 2968 parti
1593 2907 1668 2948 ac
1726 2887 2127 2968 leporario]
2187 2890 2369 2948 Parti
2416 2887 2752 2966 apographa
2801 2895 2855 2946 et

568 3013 641 3053 ex
700 2996 831 3073 ipso
890 2994 1208 3074 archetypo
1257 2994 1587 3076 VictoriuS‚
1635 3002 1821 3071 parte
1877 2994 2029 3054 edita
2088 3000 2225 3054 ante
2281 2992 2610 3053 Victorium
2668 3012 2855 3053 exem-

569 3099 780 3183 plaria,
847 3101 1003 3180 quod
1071 3104 1130 3161 in
1201 3103 1471 3180 principe
1535 3101 1794 3161 editione
1851 3100 2177 3160 Politianus
2243 3118 2360 3159 non
2429 3102 2708 3162 correxit.
2784 3118 2856 3160 ac

568 3211 878 3284 leporario
934 3208 1337 3269 definitionem
1395 3208 1571 3268 habet
1630 3208 2041 3286 praecedentis
2097 3209 2378 3267 nominis:
2444 3205 2588 3267 121
2649 3210 2725 3268 de
2770 3210 2854 3267 in-

573 3317 811 3375 domitis
858 3317 1340 3391 quadripedibus
1389 3332 1464 3375 ac
1505 3332 1733 3391 pecore
1763 3314 2138 3391 faciendum,
2186 3312 2262 3372 111
2304 3309 2364 3395 5,
2390 3310 2434 3373 4
2481 3315 2569 3373 ad
2602 3316 2854 3391 speciem

569 3425 982 3482 cancellorum
1027 3424 1408 3482 scenicorum
1459 3439 1536 3482 ac
1583 3423 1828 3481 theatri.

746 3544 988 3625 Neque
1038 3547 1220 3606 enim
1270 3554 1426 3604 erat
1472 3563 1797 3623 magnum
1845 3544 1924 3604 ad
1974 3552 2252 3623 septum
2310 3543 2494 3623 quod
2550 3562 2739 3605 nunc
2784 3552 2855 3603 ut

568 3651 880 3712 habeant
927 3651 1190 3712 multos
1238 3670 1449 3730 apros
1506 3670 1581 3712 ac
1640 3669 1935 3730 capreas
1992 3649 2359 3730 complura
2418 3652 2666 3729 iugera
2724 3669 2850 3710 ma·

570 3760 791 3818 ceriis
830 3757 1309 3836 concludunt]
1353 3760 1649 3833 Maqnum
1680 3761 2008 3834 id‘septum
2037 3755 2278 3817 Merula.
2354 3766 2659 3835 praeterea
2701 3759 2856 3832 quod

570 3883 737 3926 nunc
801 3874 870 3927 ut
929 3868 1152 3926 habeat
1216 3867 1456 3945 scripsi:
1523 3874 1589 3924 ut
1646 3871 1914 3943 saeptum
1971 3862 2191 3923 multos
2246 3881 2422 3942 apros
2487 3882 2554 3924 ac
2614 3881 2852 3943 capreas

573 3970 810 4055 habeat,
868 3972 1171 4052 complura
1229 3973 1432 4050 iugera
1490 3973 1767 4032 maceriis
1823 3970 2205 4031 concludunt.
2297 3988 2431 4029 nam
2479 3971 2680 4050 inepte
2725 3989 2852 4051 pro·

568 4097 785 4139 nomen
833 4081 1166 4140 accusativo
1215 4097 1356 4139 casu
1404 4078 1474 4138 ad
1524 4078 1773 4138 verbum
1820 4079 2194 4139 concludunt
2240 4076 2518 4138 refertur.

749 4203 911 4264 Cum
962 4205 1203 4264 emisti
1243 4203 1537 4264 fundum
1577 4201 2037 4263 tusculanum
2079 4219 2111 4260 a
2150 4199 2223 4263 M.
2262 4200 2518 4260 Pisone
2559 4202 2628 4260 in
2670 4201 2852 4280 lepo-

570 4312 763 4371 rario
813 4312 968 4389 apri
1016 4311 1318 4371 suerunt
1364 4308 1607 4386 multi]
1648 4308 1793 4369 Gell.
1829 4307 1881 4367 II
1919 4305 2023 4388 20,
2052 4304 2093 4367 3
2143 4310 2194 4367 is
2232 4299 2475 4390 (Varro)
2516 4310 2656 4369 item
2694 4306 2854 4383 infra

570 4421 777 4478 eodem
837 4419 898 4477 in
945 4420 1100 4478 libro
1158 4420 1245 4477 ita
1291 4419 1524 4489 scribit,
1573 4410 1744 4477 ‘cum
1801 4410 1997 4476 emisti
2043 4413 2304 4489 fundum
2359 4413 2763 4476 Tusculanum
2816 4431 2853 4473 a

574 4525 656 4583 M.
696 4525 933 4598 Pisone,
984 4527 1044 4584 in
1091 4527 1399 4601 leporario
1447 4526 1595 4600 apri
1637 4525 1811 4583 multi
1847 4516 2081 4598 fuere’.
2154 4520 2228 4582 M.
2265 4521 2494 4600 Pupius
2532 4521 2671 4582 Piso
2720 4521 2852 4581 dici-
