3178 5185
628 396 715 460 30
1312 403 1695 460 COMMENT.
1741 404 1821 457 IN
1858 404 2233 460 VARRONIS

628 578 814 620 nuces
874 569 1077 637 postea
1135 567 1197 619 et
1242 569 1585 620 constanter
1641 578 1844 619 susum
1902 569 1960 620 et
2009 559 2104 620 bic
2153 568 2212 619 et
2259 556 2434 642 131,
2473 558 2533 622 5.
2606 580 2808 622 susum
2851 573 2902 623 et

628 669 907 727 deorsum
965 683 1082 725 non
1139 664 1336 725 addito
1393 665 1742 726 directionis
1800 667 1914 725 fine
1972 666 2043 725 de
2091 665 2237 726 locis
2294 667 2364 726 ad
2414 685 2644 727 summa
2691 668 2779 728 vel
2822 671 2900 729 in-

626 773 762 832 fima
824 770 1206 851 vergentibus
1262 771 1485 832 dictum
1548 790 1680 832 esse
1736 772 2037 832 adnotavit
2090 772 2503 833 Lachmannus
2559 775 2622 833 in
2677 774 2903 836 Lucret.

622 898 681 958 p.
718 877 866 940 377.

803 985 845 1046 4
886 985 1139 1046 Susum
1178 985 1574 1063 fertiliora]
1608 986 1862 1047 Uberius
1891 987 2037 1047 haec
2068 988 2342 1066 exposuit
2362 985 2590 1047 Plinius
2622 986 2747 1046 XVI
2779 986 2900 1048 116

627 1102 715 1154 est
762 1112 903 1155 vero
954 1097 1014 1153 in
1073 1096 1217 1169 ipsis
1264 1095 1593 1154 arboribus
1649 1098 1829 1154 etiam
1877 1097 2104 1154 onustis
2144 1097 2484 1170 peculiaris
2532 1095 2908 1168 differentia.-

624 1219 857 1262 summa
886 1204 987 1260 sui
1004 1208 1189 1277 parte
1219 1199 1490 1275 fertilior
1519 1209 1610 1262 est
1647 1203 1903 1261 arbutus
1941 1219 2221 1277 quercuS,
2262 1200 2559 1276 inferiore
2597 1204 2911 1274 iuqlandes

611 1312 726 1382 fici
772 1311 1094 1369 mariscae.

791 1411 833 1475 5
899 1414 1331 1492 Plerumque
1396 1413 1829 1474 hibernales
1893 1432 2052 1474 esse
2117 1413 2416 1473 meliora
2481 1415 2607 1493 qui
2664 1413 2913 1474 colunt

619 1519 1090 1599 campestria]
1150 1523 1515 1597 Plerumque
1565 1525 2017 1598 plurimumque
2044 1518 2418 1581 *hibernales
2476 1522 2594 1580 hiis
2649 1539 2776 1580 esse
2837 1538 2913 1599 m,

612 1632 970 1704 plerumque
1015 1629 1276 1687 hiberna
1324 1630 1399 1687 iis
1444 1647 1574 1688 esse
1612 1635 1918 1688 corrector
1965 1627 2189 1687 codicis
2238 1626 2595 1707 Florentini,
2645 1626 2800 1706 quod
2851 1628 2913 1685 in

619 1733 888 1794 Aldinam
938 1734 1257 1794 editionem
1315 1745 1375 1794 et
1429 1734 1644 1795 deinde
1692 1737 1752 1795 in
1800 1734 2061 1814 reliquas
2110 1741 2413 1812 receptum
2469 1741 2578 1793 est.
2644 1737 2914 1810 plerum-

618 1859 734 1916 que
787 1843 1048 1901 hiberna
1104 1860 1232 1901 esse
1293 1843 1381 1901 ibi
1432 1846 1686 1903 meliora
1742 1860 1924 1916 quam
1988 1845 2355 1917 campestria
2421 1842 2708 1919 impressa
2775 1848 2915 1899 ante

617 1947 885 2008 Aldinam
952 1948 1271 2008 editionem
1329 1948 1704 2028 exemplaria.
1774 1953 2133 2025 plerumque
2186 1949 2447 2008 hiberna
2513 1950 2587 2006 iis
2642 1948 2915 2020 meliora,

617 2054 673 2114 h.
704 2073 755 2115 e.
793 2056 866 2114 iis
905 2054 1147 2115 meliora
1187 2064 1343 2137 sunt,
1382 2057 1617 2135 scripsi.
1685 2074 1817 2116 nam
1847 2057 2194 2116 hibernales
2233 2073 2376 2130 esse,
2417 2053 2573 2132 quod
2613 2054 2673 2112 in
2708 2052 2915 2113 arche-

620 2170 757 2241 typo
824 2161 963 2243 fuit,
1028 2162 1165 2221 inde
1222 2162 1458 2223 videtur
1512 2171 1711 2223 ortum
1749 2163 1936 2244 'esse,
2003 2161 2158 2241 quod
2222 2161 2363 2221 olim
2428 2162 2717 2238 scriptum
2786 2168 2917 2219 erat

616 2270 877 2328 hiberna
926 2288 1070 2345 esse,
1118 2269 1332 2329 deinde
1381 2278 1720 2330 correctum
1768 2274 1805 2330 I.
1853 2273 1955 2330 eis.

795 2373 1056 2435 Contra
1113 2373 1394 2436 aestiua
1451 2386 1777 2438 montana
1825 2378 1914 2436 iis
1971 2375 2154 2436 locis
2201 2375 2680 2435 commodiora
2728 2375 2913 2453 quod

617 2480 717 2541 ihi
765 2489 908 2541 tum
957 2490 1026 2541 et
1071 2481 1408 2561 pabulum
1457 2484 1753 2545 multum
1802 2483 1984 2562 quod
2032 2484 2102 2542 in
2143 2484 2408 2560 campis
2446 2476 2601 2541 aret
2638 2499 2714 2541 ac
2765 2481 2917 2542 cul-

618 2599 779 2649 tura
836 2587 1168 2650 arborum
1226 2590 1497 2670 aptior]
1557 2592 1857 2653 Montana
1915 2594 1988 2651 iis
2046 2586 2165 2671 (vel
2210 2582 2334 2671 liis)
2382 2591 2529 2651 locis
2576 2588 2916 2668 apographa

617 2694 929 2776 Italorum,
985 2705 1390 2773 montanaque
1438 2702 1512 2758 iis
1558 2702 1708 2760 locis
1753 2698 2105 2778 politianus,
2161 2695 2317 2774 quod
2378 2697 2430 2755 si
2484 2698 2544 2754 in
2592 2695 2916 2775 archetypo

618 2802 747 2883 fuit,
794 2820 910 2876 que
950 2808 1277 2864 correctori
1316 2805 1597 2886 debetur3
1644 2808 1943 2866 montanis
1980 2807 2128 2864 locis
2158 2821 2216 2862 m
2256 2811 2315 2862 et
2345 2811 2652 2863 corrector
2692 2803 2916 2862 codicis

545 2981 548 2985 Α
617 2908 987 2974 Florentini..
1037 2929 1219 2988 pravo
1258 2913 1477 2972 iudicio
1517 2912 1850 2972 Pontedera
1888 2932 1945 2992 p.
1973 2907 2058 2972 93
2101 2917 2362 2969 veterem
2404 2908 2721 2969 lectionem
2758 2928 2916 2971 mon-

616 3023 764 3076 tana
821 3019 896 3077 iis
951 3021 1100 3078 Iocis
1154 3018 1448 3100 defendit,
1516 3014 1623 3079 ‘iis
1681 3018 1853 3100 locis,
1918 3016 2023 3078 ubi
2076 3026 2245 3096 prata
2305 3026 2365 3076 et
2429 3011 2689 3098 vineae',
2758 3015 2914 3096 quod

615 3126 803 3183 miror
852 3124 1218 3185 Schneidero
1266 3125 1580 3204 placuisse.
1656 3145 1790 3186 nam
1839 3127 2057 3186 aestiva
2099 3132 2373 3184 montana
2411 3123 2569 3183 nulla
2611 3133 2775 3204 sunt,
2815 3123 2913 3183 sed

614 3237 891 3291 montana
940 3232 1064 3292 loca
1106 3218 1490 3311 opponuntur
1530 3233 1984 3315 campestribus,
2030 3241 2090 3292 et
2133 3239 2295 3291 recte
2335 3229 2638 3292 Iucundus
2678 3235 2914 3291 aestiva

616 3341 917 3398 montanis
964 3343 1112 3400 locis
1160 3343 1584 3401 commodiora.
1663 3343 1804 3400 item
1861 3349 2024 3400 recte
2071 3340 2228 3399 idem
2278 3346 2337 3399 et
2381 3342 2627 3399 cultura
2681 3356 2799 3415 pro
2847 3356 2913 3397 eo

616 3444 774 3522 quod
822 3447 882 3504 ir.
931 3447 1248 3527 archetypo
1288 3457 1348 3508 et
1385 3450 1445 3507 in
1484 3450 1700 3527 priscis
1739 3447 2099 3508 editionibus
2146 3453 2273 3506 erat
2311 3463 2388 3505 ac
2435 3448 2702 3520 cultura,
2755 3444 2910 3524 quod

615 3550 913 3615 Victorius
963 3557 1205 3632 recepit.
1281 3562 1504 3617 aestate
1558 3558 1622 3615 in
1670 3557 1966 3617 montanis
2027 3554 2172 3614 locis
2220 3560 2280 3612 et
2325 3550 2606 3631 pabulum
2660 3551 2911 3613 multum

614 3667 674 3719 et
712 3657 945 3720 cultura
993 3659 1274 3721 arborum
1323 3663 1515 3740 aptior
1563 3670 1671 3736 est,
1720 3680 1896 3741 quam
1944 3664 2003 3721 in
2055 3659 2504 3739 campestribus,

794 3763 834 3826 6
899 3765 976 3826 In
1022 3786 1226 3827 unam
1274 3778 1547 3846 partem
1596 3778 1855 3847 uerget
1901 3788 2104 3849 quam
2151 3771 2211 3828 is
2259 3769 2377 3846 qui
2426 3777 2536 3826 est
2582 3767 2660 3826 ad
2703 3764 2910 3826 libel-

614 3872 747 3932 lam
786 3891 1052 3952 aequos
1099 3873 1281 3952 quod
1332 3876 1391 3934 is
1439 3894 1593 3936 cum
1641 3893 1863 3955 aquae
1905 3894 2042 3935 non
2080 3874 2294 3935 habet
2331 3873 2699 3951 delapsum
2744 3874 2908 3933 fieri

616 3979 802 4039 solet
841 3980 1250 4059 uliginosus
1298 3999 1377 4040 eo
1427 3984 1649 4060 magis
1689 3984 1745 4042 si
1785 3984 1945 4060 quis
1985 3991 2095 4041 est
2133 3977 2650 4058 inaequabilis]
2703 3981 2914 4054 Ueryit

618 4105 674 4145 m
722 4096 783 4145 et
829 4088 1115 4164 impressa
1163 4086 1300 4146 inde
1349 4086 1419 4147 ab
1465 4087 1670 4158 Aldina
1711 4087 1968 4148 editione
2019 4088 2390 4168 exemplaria,
2438 4094 2655 4161 uerqet
2696 4087 2910 4165 reliqui

616 4192 752 4252 libri
804 4211 974 4253 manu
1026 4195 1234 4273 scripti
1282 4203 1341 4254 et
1387 4195 1679 4254 editiones
1725 4196 2190 4273 antiquissimae.
2234 4228 2309 4238 —
2352 4195 2538 4254 habet
2581 4192 2909 4254 Politianus

615 4316 750 4358 cum
818 4297 1091 4376 plurimis
1155 4298 1534 4380 apographiS,
1601 4318 1719 4359 non
1784 4301 2038 4369 habeat,
2106 4308 2171 4360 ut
2227 4299 2528 4360 Gesnerus
2593 4299 2907 4361 adnotavit.

612 4406 839 4465 habeat
884 4408 942 4465 in
995 4424 1113 4466 uno
1163 4404 1506 4465 Florentino
1555 4407 1760 4467 codice
1809 4408 2027 4490 inveni,
2072 4409 2340 4467 habeant
2385 4406 2608 4466 Merula
2665 4415 2727 4466 et
2783 4422 2905 4467 cor·

615 4519 816 4570 rector
885 4510 1209 4571 Florentini
1280 4511 1532 4593 codiciS,
1595 4515 1821 4574 habent
1885 4532 1941 4573 m
2008 4522 2067 4573 et
2131 4512 2450 4573 iucundus,
2525 4516 2661 4588 quis
2725 4511 2906 4572 deleri
