3178 5185
597 389 724 455 186
1578 388 1951 443 VARRONIS

594 557 898 618 conditum
936 555 1210 634 gladium.
1305 555 1437 616 illut
1474 564 1673 617 autem
1713 574 1939 616 summa
1978 557 2040 616 in
2080 558 2241 634 spica
2279 558 2394 615 iam
2433 564 2686 636 matura,
2739 554 2921 633 quod

595 675 686 725 est
740 667 938 724 minus
984 682 1159 742 quam
1206 682 1483 745 granum,
1541 672 1786 724 vocatur
1834 663 1950 723 frit.
2045 663 2199 742 quod
2252 667 2314 723 in
2360 664 2557 723 infima
2610 664 2784 741 spica
2843 662 2924 721 ad

595 772 857 833 culmum
905 773 1215 832 stramenti
1262 790 1557 832 summum
1597 773 1741 830 item
1779 772 1978 830 minus
2026 788 2201 848 quam
2248 787 2499 848 granum
2537 775 2646 850 est,
2698 766 2922 847 appel-

595 880 751 940 latur
797 897 1101 939 urrucum.

389 987 572 1047 XLIX
773 985 918 1047 Cum
976 988 1364 1068 conticuisset
1417 1004 1528 1046 nec
1584 988 2084 1064 interrogaretur,
2150 984 2222 1043 de
2278 985 2579 1044 nutricatu
2639 983 2920 1043 credens

593 1092 739 1153 nihil
795 1093 1151 1173 desiderari,
1216 1092 1445 1173 Dicam,
1501 1095 1723 1173 inquit,
1785 1092 1857 1152 de
1914 1090 2209 1152 fructibus
2267 1092 2514 1151 maturis
2571 1090 2919 1169 capiendis,

591 1203 851 1279 primum
900 1200 973 1260 de
1019 1201 1206 1278 pratis
1254 1201 1607 1281 summissiS,
1653 1199 1838 1260 herba
1887 1218 2024 1259 cum
2072 1217 2343 1258 crescere
2392 1197 2569 1258 desiit
2616 1205 2678 1258 et
2729 1206 2917 1258 aestu

592 1309 834 1388 arescit,
902 1306 1206 1368 subsecari
1270 1305 1521 1370 falcibus
1587 1306 1764 1368 debet
1826 1315 1910 1381 et,
1971 1306 2158 1385 quaad
2207 1311 2573 1385 perarescat,
2625 1304 2915 1365 ‘furcillis

530 1391 551 1408 ⁴
596 1416 846 1475 versari:
905 1432 1039 1474 cum
1088 1415 1378 1494 peraruit,
1436 1413 1510 1473 de
1558 1412 1653 1473 his
1700 1413 2031 1491 manipulos
2079 1415 2208 1473 fieri
2253 1431 2322 1472 ac
2370 1411 2504 1472 vehi
2551 1411 2622 1471 ad
2674 1411 2913 1471 villam:

595 1530 722 1581 tum
789 1521 861 1580 dc
925 1523 1112 1599 pratis
1178 1520 1454 1604 stipulam
1511 1520 1768 1580 rastellis
1824 1521 1988 1580 eradi
2045 1527 2220 1599 atque
2277 1520 2493 1580 addere
2551 1519 2908 1578 faenisiciae
2943 1530 2994 1569 1⁰

542 1627 923 1689 2cumulum.
1019 1646 1134 1706 quo
1183 1627 1334 1688 facto
1382 1626 1688 1687 sicilienda
1734 1636 1920 1707 prata,
1966 1627 2023 1687 id
2074 1636 2165 1686 est
2212 1625 2462 1686 falcibus
2500 1626 2912 1686 consectanda

594 1754 744 1814 quae
786 1735 1098 1795 faenisices
1137 1737 1578 1813 praeterierunt
1617 1754 1685 1795 ac
1725 1736 1894 1814 quasi
1924 1733 2106 1793 herba
2138 1732 2488 1793 tuberosum
2517 1732 2922 1811 reliquerunt·

592 1860 886 1920 campum.
981 1861 1012 1902 a
1062 1861 1175 1922 qua
1224 1844 1488 1902 sectione
1536 1842 1798 1902 arbitror
1844 1842 2070 1902 dictum
2119 1840 2341 1900 sicilire
2387 1847 2642 1918 pratum.

740 2179 801 2226 11
845 2173 1135 2231 sicilienda
1169 2178 1336 2245 prata
1377 2176 1531 2232 Pli‘n.
1573 2177 1663 2241 18,
1700 2177 1811 2228 259

738 2500 760 2546 1
806 2493 1092 2547 conditum
1129 2491 1382 2562 gladium
1414 2494 1531 2547 PB
1571 2493 1800 2548 conditu
1838 2493 2090 2563 gladium
2128 2510 2264 2548 corr.
2304 2493 2532 2547 conditu
2572 2493 2797 2562 gladius
2834 2493 2893 2547 A

591 2582 848 2638 conditus
895 2581 1118 2651 gladius
1164 2600 1257 2637 mv
1290 2625 1302 2638 .
1336 2583 1528 2638 ‘Latet
1573 2584 1861 2639 conditum
1908 2584 2176 2654 gladium.
2245 2584 2407 2639 Vetus
2443 2584 2573 2638 haec
2608 2587 2685 2638 est
2721 2584 2898 2653 lectiO,

589 2689 755 2741 quam
816 2671 1054 2729 restitui’
1144 2670 1422 2726 Victorius
1600 2673 1733 2727 illut
1795 2675 1984 2727 autem
2050 2674 2107 2727 P
2164 2674 2306 2727 illud
2370 2674 2559 2727 autem
2625 2673 2722 2726 Bv
2786 2672 2896 2727 illa

591 2763 780 2816 autem
816 2761 934 2815 Am
1080 2767 1110 2814 2
1159 2761 1309 2829 quod
1356 2760 1415 2814 in
1460 2761 1654 2816 infima
1690 2762 1981 2817 facundus
2028 2763 2177 2832 quod
2223 2763 2282 2816 in
2326 2764 2486 2816 firma
2534 2761 2710 2816 VAB
2860 2770 2893 2816 3

591 2850 909 2920 appellatur
947 2850 1315 2919 (appellatum
1344 2851 1422 2920 B)
1452 2868 1715 2904 urrucum
1745 2850 2110 2906 conticuisset
2142 2853 2257 2906 PB
2288 2851 2609 2921 appellatur
2639 2892 2651 2905 .
2674 2893 2685 2904 .
2710 2891 2721 2903 .
2763 2868 2890 2904 cum

590 2939 955 3009 conticuisse
983 2957 1103 2994 cam
1158 2957 1362 2995 rasura
1415 2941 1585 2996 trium
1650 2943 1957 2995 litterarum
2020 2946 2148 2995 ante
2212 2958 2338 2994 cum
2402 2945 2451 2994 et
2514 2941 2577 2993 in
2640 2942 2895 3008 maryi‘ne

589 3030 818 3085 rubrica
871 3029 954 3085 De
1013 3029 1320 3099 Colligend'
1377 3029 1434 3084 A
1497 3030 1818 3100 appellatur
1883 3045 2076 3084 uerum
2143 3047 2269 3084 cum
2324 3026 2688 3083 conticuisset
2740 3027 2893 3082 A²m

590 3119 910 3188 appellatur
946 3136 1246 3172 urruncum
1285 3118 1423 3172 Cum
1458 3118 1728 3172 tacuisset
1763 3135 1795 3171 v
1941 3125 1974 3171 4
2019 3136 2318 3173 urruncum
2351 3160 2362 3170 .
2391 3117 2599 3172 Verum
2645 3135 2773 3172 cum
2820 3118 2891 3172 de

587 3207 872 3262 nutricatu
910 3206 1267 3261 conticuisset
1304 3204 1570 3273 Licinius,
1622 3224 1723 3261 nec
1760 3208 2200 3277 interrogaretur
2238 3207 2533 3262 Iucunda-s

733 3320 764 3368 5
814 3313 1044 3368 ‘Verum
1090 3329 1217 3366 cum
1265 3313 1333 3366 de
1380 3312 1669 3368 nutricatu
1717 3313 2079 3368 conticuisset
2127 3313 2346 3368 Licinus
2402 3317 2505 3369 etc.
2574 3314 2887 3369 Vetustissi-

589 3420 708 3457 mus
781 3419 846 3456 ac
917 3403 1263 3468 fidelissimus
1330 3401 1534 3470 Codex,
1609 3420 1762 3472 quem
1833 3404 1995 3457 multi
2065 3419 2237 3457 manu
2307 3403 2503 3472 scripti
2564 3409 2886 3473 seqawntur,

588 3495 671 3547 ita
705 3482 899 3558 babet,
949 3489 1340 3558 conticuisset,
1388 3509 1492 3546 nec
1539 3492 1975 3562 interrogaretur
2012 3492 2080 3546 de
2119 3492 2425 3559 nutricatu,
2476 3493 2705 3547 credens
2742 3492 2888 3548 nihil

590 3579 895 3634 desiderari
961 3577 1144 3632 dicam
1200 3578 1388 3647 inquit
1451 3579 1520 3633 de
1585 3580 1858 3635 fructibus
1899 3582 2201 3635 .·Minorz's
2261 3583 2549 3636 uetustatis
2614 3583 2775 3650 liber,
2850 3601 2888 3637 a

593 3669 757 3723 Gallo
855 3669 1068 3722 homine
1156 3670 1433 3737 scriptae,
1533 3686 1863 3724 communem
1955 3671 2227 3724 lec-tionem
2315 3671 2503 3724 habet’
2611 3671 2888 3726 Victorius

732 3763 763 3811 6
818 3755 996 3810 nichil
1041 3756 1097 3810 A
1240 3757 1424 3826 inquit
1476 3758 1588 3812 VB
1633 3757 1831 3827 inquid
1868 3760 1922 3812 A
2068 3764 2100 3812 8
2156 3755 2395 3813 falcibus
2440 3761 2504 3814 in
2547 3761 2657 3828 fine
2701 3778 2887 3815 versus

588 3847 870 3912 omissum,
928 3846 1021 3900 sed
1065 3847 1128 3899 in
1173 3848 1420 3916 maryine
1467 3848 1718 3902 additam
1764 3852 1839 3902 est
1882 3849 1945 3902 in
1982 3847 2036 3900 A
2181 3848 2367 3916 quaad
2405 3848 2584 3903 PAB
2630 3850 2815 3916 quoad
2851 3867 2884 3903 v

731 3941 762 3988 9
791 3934 1073 4003 perarruit
1100 3934 1156 3989 A
1303 3940 1369 3989 10
1397 3936 1568 4005 atque
1599 3936 1801 3991 addere
1829 3953 1861 3989 v
1901 3936 2082 4003 adque
2111 3936 2205 4000 (ad
2233 3953 2377 4004 quae
2406 3954 2540 3992 corr.
2576 3939 2648 3991 ad
2678 3955 2785 4007 que
2807 3939 2883 4008 B)

589 4060 792 4115 addere
821 4060 1003 4114 PAB
1103 4059 1356 4115 fenisicie
1376 4061 1433 4114 A
1458 4060 1777 4115 foenisiciae
1806 4059 1856 4114 V
1880 4037 2187 4116 foenis²ciae
2207 4061 2263 4116 B
2368 4067 2430 4114 11
2464 4063 2814 4117 consecanda
2831 4081 2885 4117 m

710 4147 1004 4203 faenisices
1035 4149 1090 4203 B
1117 4147 1411 4204 foenisices
1440 4148 1496 4201 P
1513 4149 1888 4204 feniscices'A
1915 4149 2213 4204 foenisicae
2240 4167 2272 4204 v
2421 4156 2486 4204 12
2518 4151 2680 4219 quasi
2708 4152 2886 4206 barba

588 4238 914 4292 tuberosum
953 4239 1248 4294 Iucundus
1285 4237 1445 4306 quasi
1480 4238 1805 4292 tuberosum
1834 4239 2104 4309 Anyelius
2133 4283 2144 4294 .
2180 4239 2320 4294 ‘Pro
2355 4241 2523 4295 herba
2560 4243 2748 4296 excusi
2782 4243 2884 4296 alii

587 4326 790 4393 Barba,
825 4328 1072 4382 mendose
1106 4328 1396 4394 habebant,
1432 4327 1497 4380 in
1534 4327 1664 4381 aliis
1703 4343 1814 4385 uox
1850 4329 1952 4382 illa
1982 4330 2153 4397 plane
2190 4329 2458 4396 defecerat
2487 4372 2497 4383 .
2530 4330 2781 4398 Reposui
2816 4348 2883 4385 cx

589 4416 835 4485 antiquis
883 4418 1066 4483 libris,
1114 4415 1302 4470 Herba.
1332 4455 1344 4468 .
1383 4415 1563 4470 Paulo
1609 4416 1737 4471 item
1770 4433 1944 4487 supra
1975 4434 2082 4487 pro
2118 4416 2478 4488 Foenisecae,
2525 4419 2877 4474 Faeniseces'

598 4504 874 4560 Victorius
