3178 5185
754 419 1014 473 RERVM
1053 420 1531 474 RVSTICARVM
1569 420 1706 474 LIB.
1746 421 1771 474 Ι
1812 419 1964 476 5-6
2425 414 2509 477 29

257 583 555 652 quartum
622 582 701 633 ut
763 576 833 633 in
900 593 978 633 eo
1045 574 1261 634 fundo
1328 574 1499 634 haec
1565 573 1701 634 duo
1769 585 1887 634 aut
1950 577 2089 634 tria
2158 584 2324 635 sunt
2387 585 2505 636 aut

255 664 464 740 multis
517 680 699 740 locis
756 680 935 741 licet
981 682 1217 742 uideri
1277 700 1309 741 e
1368 680 1630 759 quibus
1687 680 1922 741 trihus
1971 682 2292 760 fastigiis
2341 686 2502 742 sim-

256 787 533 866 plicibus
600 792 754 848 s-ine
820 788 1033 849 dubio
1103 790 1377 849 infimis
1447 788 1581 848 alia
1650 789 1933 849 cultura
2001 791 2238 867 aptior
2304 809 2505 868 quam

258 897 510 953 summis
577 895 762 972 quod
831 894 1000 955 haec
1056 895 1403 955 calidiora
1462 915 1663 974 quam
1722 914 1985 955 summa
2035 899 2146 966 ,sic
2213 896 2507 957 collinis

260 1001 406 1079 quod
461 1019 534 1061 ea
594 1002 955 1080 tepidiora
1013 1021 1215 1080 quam
1271 1003 1519 1062 infima
1575 1013 1695 1063 aut
1750 1021 2016 1064 summa
2072 1004 2241 1063 haec
2298 1022 2509 1082 appa-

259 1117 388 1168 rent
438 1110 654 1187 magis
713 1111 812 1169 ita
868 1109 1064 1187 esse]
1134 1112 1337 1185 Iqitur
1397 1129 1534 1171 cum
1592 1113 1717 1169 tria
1768 1129 2003 1185 qenera
2057 1113 2178 1170 sint
2224 1129 2262 1169 α
2309 1115 2511 1186 speeie

257 1219 480 1291 simplici
522 1235 835 1296 amorum,
882 1225 1239 1293 campestre,
1287 1221 1591 1297 collinum,
1639 1224 1697 1278 et
1744 1224 2108 1290 montanum,
2156 1224 2245 1277 est
2290 1236 2370 1277 ex
2416 1220 2510 1277 liis

260 1325 421 1383 tribus
465 1332 769 1398 quartum,
815 1331 885 1384 ut
930 1328 991 1384 in
1039 1343 1108 1385 eo
1148 1324 1362 1400 fundo,
1412 1328 1473 1385 in
1523 1343 1640 1399 quo
1688 1327 1841 1385 haee
1890 1326 2009 1384 duo
2056 1328 2152 1384 vel
2190 1327 2314 1384 tria
2351 1330 2508 1398 sunt,

256 1437 311 1489 ut
338 1435 522 1490 multis
559 1434 709 1491 loeis
746 1434 887 1491 licet
923 1434 1136 1492 videri.
1213 1433 1272 1490 E
1296 1433 1514 1506 quibus
1548 1465 1626 1473 —
1660 1449 1841 1506 quam
1873 1434 2079 1503 infima
2117 1438 2227 1490 aut
2259 1449 2509 1491 summa.

255 1537 398 1597 Haec
440 1545 741 1614 apparent
786 1542 980 1612 maqis
1027 1541 1113 1598 ita
1166 1557 1294 1599 esse
1340 1539 1660 1598 iucundus,
1737 1558 1776 1598 a
1831 1542 2032 1615 speeie
2086 1541 2389 1614 simplicia
2437 1556 2508 1597 ex

254 1661 401 1704 manu
444 1647 683 1723 scriptis
730 1644 898 1705 libris
950 1645 1230 1723 Angelius
1287 1648 1576 1726 restituit,
1638 1646 1793 1724 quod
1854 1648 1927 1705 iis
1975 1664 2124 1724 quae
2174 1655 2510 1724 sequuntur

248 1748 483 1826 fastiyiis
527 1755 903 1829 simplicibus
950 1762 1011 1813 et
1056 1756 1356 1830 simplicia
1395 1771 1531 1814 cum
1576 1762 1720 1814 sunt
1765 1735 2121 1813 defenditur.
2194 1771 2335 1813 ,cum
2383 1756 2508 1813 tria

249 1874 452 1930 qenera
486 1861 606 1919 sint
640 1864 847 1936 specie
882 1863 1145 1937 simplici
1172 1859 1592 1921 SchneideruS.
1666 1864 1868 1938 specie
1905 1868 2101 1920 autem
2143 1878 2258 1919 non
2302 1878 2507 1938 genus,

254 1963 339 2022 sed
381 1974 675 2025 externam
723 1984 1000 2045 agrorum
1051 1968 1298 2027 sormam
1345 1969 1665 2047 significari
1720 1966 1984 2046 intellegi
2030 1974 2263 2046 poterat
2317 1985 2387 2025 ex
2434 1967 2508 2025 iis

254 2089 378 2148 quae
412 2082 611 2151 postea
651 2075 872 2152 scripta
911 2085 1051 2134 sunt
1092 2072 1220 2155 7‚.2
1259 2093 1418 2149 quae
1452 2077 1656 2151 specie
1677 2077 1838 2147 fiant
1864 2077 2230 2134 venustiora.
2291 2073 2505 2132 deinde

255 2177 463 2239 Aldinae
521 2179 799 2240 editionis
847 2181 1048 2256 lectio,
1106 2199 1256 2259 quae
1305 2200 1335 2240 a
1374 2178 1640 2259 'reliquis
1697 2179 2026 2240 editoribus
2074 2188 2313 2258 recepta
2361 2187 2507 2259 erat,

252 2284 441 2363 obfuit,
494 2289 814 2365 quominus
861 2290 1211 2367 compositio
1260 2286 1607 2368 verborum,
1663 2291 1855 2362 iqitur
1911 2305 2047 2348 cum
2106 2290 2230 2347 tria
2272 2304 2508 2361 yenera

252 2396 351 2453 sint
396 2427 464 2436 —
505 2398 670 2470 quod
713 2412 788 2454 ea
835 2396 1139 2470 tepidiora
1186 2412 1366 2469 quam
1406 2397 1614 2467 infima
1662 2400 1772 2452 aut
1814 2410 2063 2467 summa,
2117 2396 2272 2453 haec
2319 2410 2505 2469 appa-

254 2508 364 2560 rent
403 2506 590 2577 maqis
630 2505 716 2562 ita
757 2520 902 2576 esse,
941 2500 1406 2580 intellegeretur.
1481 2500 1591 2561 hac
1632 2502 1907 2561 restituta
1946 2508 2290 2578 corruptam
2329 2498 2507 2559 libro-

256 2624 363 2667 rum
398 2612 748 2689 scripturam
788 2612 847 2669 in
887 2608 1046 2669 hunc
1087 2609 1326 2670 modum
1357 2611 1611 2688 correxi,
1650 2615 1711 2668 et
1747 2627 1827 2669 ex
1864 2611 1939 2668 iis
1977 2610 2173 2668 tribus
2205 2616 2507 2683 quartum,

254 2716 340 2774 ubi
376 2720 433 2776 in
477 2736 597 2779 uno
638 2715 838 2792 fundo
885 2719 1040 2777 haec
1087 2719 1207 2777 duo
1254 2726 1364 2777 aut
1409 2719 1532 2776 tria
1578 2724 1747 2790 suut,
1803 2724 1872 2775 ut
1925 2718 2128 2775 multis
2173 2717 2321 2776 locis
2367 2716 2509 2774 licet

256 2823 444 2882 videre.
516 2842 649 2883 nam
701 2828 843 2885 licet
888 2828 1098 2885 videre
1139 2823 1389 2884 Ursinus
1437 2826 1719 2904 restituit,
1767 2831 1827 2882 et
1869 2823 2087 2900 legitur
2134 2822 2339 2881 eadem
2388 2822 2505 2881 for-

255 2927 380 2986 mula
423 2933 672 3012 saepiuS,
711 2931 738 2990 I
775 2928 844 3011 9,
884 2929 941 2991 6.
997 2928 1103 3012 14,
1133 2928 1192 2992 3.
1248 2930 1301 2990 ΙΙ
1344 2928 1452 3012 10,
1493 2928 1549 2991 1.
1627 2931 1855 3008 fastigia
1912 2938 2110 2989 autem
2144 2947 2284 2993 ,non
2342 2935 2504 2988 recte

257 3029 629 3095 Lachmannus
677 3038 738 3096 in
787 3036 963 3099 Lucr.
1004 3057 1057 3116 p.
1094 3025 1229 3098 223
1267 3040 1693 3116 interpretatus
1734 3045 1824 3096 est
1871 3032 2005 3115 ‘pro
2045 3034 2237 3095 tribus
2274 3036 2504 3113 generi-

258 3135 346 3197 bus
371 3141 616 3212 definitis
631 3139 670 3203 '.
747 3144 1045 3222 fastigium
1086 3146 1245 3204 enim
1284 3143 1589 3204 declivitas
1628 3144 1866 3223 dicitur,
1912 3142 1939 3201 I
1981 3140 2082 3222 14,
2111 3139 2153 3201 2
2185 3141 2505 3218 fastiqium

256 3244 406 3305 habet
439 3258 496 3308 et
531 3248 556 3307 Ι
596 3246 703 3331 20,
731 3244 774 3309 5
813 3268 930 3324 quo
962 3250 1216 3326 fastiqio
1257 3254 1336 3311 sit
1365 3250 1619 3326 fundus.
1693 3252 1893 3328 itaque
1936 3251 2042 3309 tria
2083 3267 2299 3327 genera
2338 3266 2507 3325 agro-

256 3366 364 3411 rum
405 3345 704 3436 simplicia,
754 3374 904 3434 quae
953 3376 1131 3437 supra
1178 3356 1333 3417 dicta
1381 3366 1568 3438 erant,
1617 3359 1732 3417 iam
1771 3358 2108 3417 accuratius
2148 3356 2376 3433 fastigia
2417 3354 2507 3414 vel

258 3474 440 3533 genera
475 3461 827 3545 declivitatis
850 3463 1175 3543 'dicunturj
1215 3467 1349 3542 quia
1390 3475 1531 3524 sunt
1566 3465 1920 3543 campestria
1960 3462 2175 3522 collina
2216 3472 2507 3541 montana,

258 3564 480 3645 itemque
542 3578 750 3648 postea
816 3564 858 3629 5
921 3573 1075 3631 haec
1142 3573 1267 3630 tria
1315 3569 1575 3646 fastiqia
1625 3570 1870 3646 formae
1923 3577 1983 3628 et
2049 3566 2089 3628 6
2147 3572 2272 3628 tria
2331 3567 2506 3643 fasti-

254 3673 343 3741 qia
383 3679 526 3749 ayri.

405 3778 440 3840 3
502 3783 698 3854 Quod
761 3783 1037 3845 leuiora
1095 3793 1167 3844 et
1220 3785 1378 3844 ideo
1437 3783 1846 3844 salubriora
1906 3784 2024 3860 qui
2080 3782 2327 3842 colunt
2391 3782 2509 3842 de-

260 3899 458 3948 orsum
510 3893 731 3969 magis
788 3900 1064 3952 aestate
1111 3890 1445 3952 laborant
1498 3894 1620 3970 qui
1676 3909 1916 3951 susum
1973 3891 2194 3967 magis
2250 3887 2507 3964 hieme]

261 3986 673 4074 Neglegentiore
722 3996 1037 4057 verborum
1088 3999 1516 4076 compositione
1564 3998 1710 4057 haec
1757 3998 1871 4056 tria
1912 3994 2174 4054 membra
2222 3997 2506 4053 orationis

262 4094 309 4153 in
350 4117 503 4162 unam
550 4107 917 4178 sententiam,
954 4104 1224 4184 copulata
1272 4113 1438 4184 sunt,
1496 4106 1606 4165 ubi
1647 4108 1761 4164 lati
1805 4106 2030 4179 campi,
2090 4110 2148 4162 et
2191 4103 2300 4161 ubi
2344 4118 2505 4160 mon-

263 4206 399 4279 tana,
447 4215 545 4282 qui
588 4216 796 4272 colunt
841 4215 1140 4273 deorsum.
1218 4211 1446 4272 facilius
1493 4211 1846 4291 procederet
1902 4210 2117 4289 oratio,
2175 4210 2222 4266 si
2281 4209 2502 4266 omisso

266 4314 311 4365 et
342 4313 681 4379 scriberetur
720 4322 884 4393 quod
918 4322 1167 4393 leviora,
1215 4321 1350 4379 ideo
1387 4320 1757 4379 salubriora.
1787 4350 1872 4358 --
1903 4320 2184 4376 deorsum
2223 4314 2336 4373 hoc
2375 4313 2506 4374 loco

267 4412 315 4471 in
356 4418 648 4502 archetypo
697 4427 986 4503 scriptum
1044 4424 1180 4505 fuit,
1237 4426 1377 4484 item
1434 4434 1638 4503 postea
1697 4427 1979 4484 deorsum
2035 4425 2276 4482 tardius
2323 4430 2383 4480 et
2432 4421 2508 4480 ΙΙΙ

269 4513 316 4598 5,
345 4520 381 4581 4
421 4525 685 4590 deorsum
733 4534 794 4591 in
847 4543 1105 4603 terram,
1171 4530 1195 4589 Ι
1241 4528 1336 4611 16,
1377 4529 1417 4591 6
1475 4534 1832 4605 introrsum,
1891 4538 2096 4589 contra
2150 4531 2393 4588 deosum
2441 4537 2509 4588 ut
