3178 5185
595 402 724 465 202
1277 409 1657 465 COMMENT.
1693 410 1774 464 IN
1811 409 2187 465 VARRONIS

592 563 879 645 presso]
964 567 1103 627 Solo
1185 584 1298 627 nec
1378 573 1447 626 ut
1520 583 1744 626 corneo
1816 583 1929 627 nee
2004 569 2252 628 nimium
2328 570 2485 629 duro
2561 566 2871 629 Victorius,

593 691 669 733 ne
730 690 796 732 ex
858 672 1176 752 archetypo
1241 660 1494 734 restitui.
1584 677 1774 733 solum
1835 672 1907 733 de
1972 674 2209 735 homine
2273 675 2497 736 dictum
2564 682 2657 736 est
2721 673 2746 733 Ι
2791 672 2871 735 47

591 784 779 840 solum
817 783 975 840 enim
1020 783 1275 841 hominis
1313 783 1564 842 exitium
1601 782 1848 843 herbae.
1923 780 2135 842 deinde
2174 778 2251 844 a'c
2282 782 2613 858 feminibus
2651 781 2872 842 editum

594 895 720 947 erat
767 904 971 947 errore
1021 906 1225 949 eorum
1275 889 1375 966 qui
1423 886 1668 948 Victorii
1730 887 2049 948 editionem
2108 892 2534 969 repetiverunt.
2625 908 2764 949 nam
2820 899 2875 949 et

592 995 717 1072 ipse
778 983 1071 1055 Victorius
1132 1003 1192 1055 et
1248 996 1613 1074 antiquiores
1669 1000 1876 1055 omnes
1932 1014 1971 1056 a
2029 995 2381 1072 feminibus,
2439 1005 2507 1058 ut
2570 998 2632 1056 in
2702 1014 2874 1055 manu

593 1103 831 1179 scriptis
870 1101 1037 1163 libris
1075 1101 1310 1182 legitur,
1349 1101 1654 1182 dederant,
1694 1101 1848 1180 quod
1891 1101 2291 1164 Schneiderus
2339 1105 2621 1164 restituit.
2692 1104 2874 1163 forma

591 1217 788 1268 autem
817 1227 1029 1269 canum
1058 1208 1417 1270 describitur
1443 1208 1609 1290 haec,
1639 1218 1705 1270 ut
1733 1227 1951 1288 corpus
1989 1228 2020 1270 a
2050 1213 2357 1289 superiore
2391 1220 2559 1290 parte
2589 1211 2874 1271 feminum

592 1333 1009 1396 suppressum,
1064 1318 1125 1376 in
1183 1317 1408 1396 reliqua
1467 1325 1633 1395 parte
1690 1316 1985 1395 pendente
2044 1324 2248 1377 ventre
2305 1326 2546 1379 auctum
2602 1317 2871 1378 habeant.

767 1421 1057 1483 Latrato
1106 1426 1310 1502 graui
1358 1423 1549 1484 hiatu
1601 1422 1884 1502 magno]
1935 1424 2195 1485 Latratu
2243 1424 2398 1485 edita
2446 1425 2586 1486 inde
2634 1444 2669 1485 a
2715 1427 2872 1505 prin·

591 1532 720 1608 cipe
770 1531 1025 1590 editione
1083 1529 1462 1610 exemplaria,
1509 1534 1734 1592 latrato
1781 1529 2046 1591 defendit
2094 1530 2417 1593 Kettnerus
2463 1531 2699 1595 observ.
2745 1535 2874 1594 crit.

589 1638 650 1696 in
688 1635 930 1697 Varron.
975 1656 1031 1716 p.
1076 1633 1173 1699 16.
1768 1704 1781 1719 .

767 1742 1022 1805 Colore
1097 1745 1552 1823 potissimum
1618 1743 1774 1804 albo
1841 1745 2027 1824 quod
2094 1747 2163 1806 in
2231 1745 2562 1806 tenebris
2638 1748 2875 1825 specie

584 1849 914 1930 leonina]
970 1850 1205 1931 Lacuna
1262 1850 1407 1911 baec
1463 1859 1744 1930 corrupta
1802 1869 1933 1911 esse
1992 1841 2441 1912 vidit'Ursinus
2509 1852 2740 1914 collatis
2803 1855 2874 1914 iis

583 1977 732 2038 quae
781 1958 935 2038 apud
984 1956 1364 2019 Columellam
1413 1957 1513 2017 Vll
1557 1955 1656 2034 12,
1694 1955 1738 2020 3
1799 1958 1871 2018 de
1919 1958 2116 2018 colore
2173 1977 2386 2019 canum
2443 1961 2665 2039 scripta
2723 1969 2874 2041 sunt,

582 2071 660 2128 sit
707 2075 909 2127 autem
957 2070 1177 2127 eoloris
1224 2069 1432 2146 uniuS,
1481 2069 1650 2140 isque
1696 2069 1890 2141 mayis
1936 2069 2184 2142 eliqitur
2230 2069 2404 2128 albus
2451 2070 2513 2128 in
2552 2073 2871 2149 pastorali,

584 2178 762 2250 niqer
810 2177 872 2235 in
920 2177 1214 2235 villatico:
1277 2191 1416 2233 nam
1462 2176 1674 2234 varius
1720 2177 1784 2234 in
1830 2181 2048 2234 neutro
2094 2181 2184 2234 est
2227 2176 2572 2236 laudabilis.
2659 2184 2871 2254 pastor

583 2285 784 2343 album
814 2283 1057 2360 probat,
1097 2285 1382 2356 quoniam
1420 2289 1510 2342 est
1539 2281 1723 2357 ferae
1761 2284 2084 2356 dissimilis,
2122 2297 2461 2357 maqnoque
2498 2301 2649 2359 opus
2689 2287 2865 2344 inter-

583 2394 723 2451 dum
772 2393 1124 2451 discrimine
1171 2396 1261 2449 est
1306 2391 1368 2448 in
1410 2390 1845 2465 propulsandis
1892 2391 2048 2466 lupis
2093 2390 2203 2448 sub
2252 2390 2510 2450 obscuro
2557 2407 2738 2451 mane
2783 2395 2873 2451 vel

584 2501 765 2559 etiam
829 2499 1215 2574 crepuscula,
1273 2515 1350 2557 ne
1407 2514 1524 2573 pro
1581 2498 1772 2556 bestia
1831 2514 2044 2557 canem
2094 2495 2303 2572 feriat.
2397 2496 2554 2558 unde
2601 2496 2866 2577 UrsinuS,

585 2602 860 2665 adhibitis
910 2606 1083 2664 etiam
1134 2606 1207 2664 iis
1256 2622 1405 2684 quae
1454 2622 1633 2682 supra
1682 2623 1754 2663 ex
1800 2606 2144 2683 geoponicis
2190 2604 2497 2688 adscripsi,
2536 2605 2693 2684 apud
2733 2604 2862 2664 Var-

584 2728 791 2770 ronem
838 2709 1151 2789 legendum
1200 2712 1454 2771 coniecit
1500 2712 1600 2791 ita,
1642 2729 1758 2785 quo
1807 2713 1870 2770 in
1916 2712 2181 2772 tenebris
2227 2730 2328 2773 eos
2375 2731 2414 2773 a
2460 2715 2617 2790 lupis
2653 2718 2865 2789 pastor

584 2821 920 2893 discernat,
978 2819 1366 2879 radiantibus
1425 2820 1618 2878 oculis
1677 2821 1855 2879 etiam
1918 2820 1978 2877 in
2039 2820 2303 2880 tenebris
2354 2822 2557 2896 specie
2611 2822 2864 2881 leonina.

584 2925 855 2986 similiter
901 2924 1208 2986 Conradus
1255 2923 1556 2984 Gesnerus
1604 2923 1811 2986 histor.
1849 2924 2077 2985 animal.
2115 2924 2151 2985 l.
2188 2924 2215 2983 I
2259 2944 2316 3003 p.
2355 2922 2480 2987 261
2532 2934 2670 3004 post
2706 2935 2857 2988 tene-

583 3036 711 3094 bris
756 3032 903 3094 haec
950 3033 1075 3093 fere
1132 3031 1395 3092 addenda
1444 3030 1766 3112 adnotavit,
1814 3050 1852 3092 a
1908 3035 2064 3108 lupis
2119 3040 2179 3093 et
2224 3036 2362 3094 aliis
2411 3032 2569 3108 feris
2617 3034 2864 3110 facilius

585 3145 1040 3217 dionoseantur.
1117 3138 1476 3218 simpliciore
1524 3142 1752 3200 ratione
1801 3157 1946 3199 usus
1993 3141 2054 3199 in
2101 3138 2262 3199 hunc
2312 3139 2551 3201 modum
2599 3140 2863 3201 lacunam

584 3247 877 3327 supplevi,
934 3250 1099 3322 quod
1133 3250 1212 3307 ‚in
1258 3249 1522 3307 tenebris
1570 3244 1824 3322 facilius
1871 3254 2314 3322 aynoseuntur,
2359 3251 2562 3325 specie
2608 3251 2859 3309 leonina.

762 3350 804 3415 5
868 3354 954 3414 Ut
1017 3354 1184 3415 boni
1250 3355 1534 3414 seminii
1601 3351 1772 3431 sint]
1836 3355 2089 3414 Seminii
2140 3353 2464 3415 Politianus
2530 3373 2670 3415 cum
2733 3373 2859 3433 apo·

584 3462 849 3543 graphiS,
905 3480 1023 3522 non
1077 3465 1370 3537 seminiis,
1434 3470 1501 3522 ut
1556 3460 1857 3522 Gesnerus
1913 3460 2228 3523 adnotavit.
2318 3465 2561 3523 seminis
2627 3461 2861 3522 dederat

583 3569 824 3652 Merula,
860 3573 1102 3631 seminii
1134 3568 1435 3630 Iucundus
1484 3570 1762 3630 restituit.
1839 3569 2153 3629 seminium
2192 3568 2265 3629 de
2304 3570 2489 3648 stirpe
2528 3568 2857 3630 animalium

584 3676 808 3737 dictum
856 3686 948 3736 est
993 3675 1045 3735 11
1089 3675 1142 3758 1,
1187 3674 1283 3737 14.
1331 3673 1391 3758 3,
1429 3674 1487 3738 3.
1535 3673 1595 3756 6,
1635 3675 1703 3757 13
1741 3673 1799 3737 2.
1848 3672 1908 3758 8,
1946 3674 2003 3738 3.
2050 3674 2128 3735 111
2167 3672 2226 3755 9,
2265 3674 2323 3737 6.

764 3782 1262 3862 Salamentini]
1312 3785 1638 3845 Sallentini
1678 3782 1993 3863 VictoriuS,
2040 3783 2195 3862 quod
2244 3784 2461 3864 recepi,
2507 3800 2859 3863 quamquam

583 3891 656 3951 de
706 3890 1043 3951 Sallentinis
1092 3889 1337 3951 canibus
1384 3890 1529 3951 nihil
1575 3891 1895 3950 memoriae
1941 3889 2242 3967 proditum
2290 3897 2398 3969 est,
2446 3889 2603 3951 sicut
2650 3890 2723 3951 de
2760 3890 2856 3950 La·

582 3997 829 4059 conibus
878 4006 937 4058 et
981 3995 1316 4076 Epiroticis,

757 4104 997 4184 anue
1065 4103 1518 4164 consuetudo
1584 4102 1872 4162 firmior
1947 4120 2122 4180 quae
2188 4103 2286 4162 sit
2349 4101 2428 4162 ad
2493 4102 2856 4180 pastores]

589 4215 759 4285 Quae
807 4216 883 4285 sit
937 4212 1168 4290 scripsi.
1261 4228 1395 4270 nam
1452 4228 1646 4288 neque
1702 4211 2116 4270 coniunctivus
2174 4211 2231 4269 in
2281 4208 2523 4269 relativa
2571 4212 2859 4270 sententia

581 4318 774 4379 locum
824 4317 1027 4398 babet,
1076 4327 1135 4378 et
1174 4321 1322 4390 sieri
1365 4319 1559 4395 aptius
1608 4316 1826 4377 dicitur
1874 4334 2050 4396 quam
2106 4335 2233 4377 esse
2278 4325 2412 4395 post
2458 4315 2709 4377 verbum
2754 4320 2854 4378 ad-

578 4428 814 4487 suescit.

761 4529 800 4592 6
866 4530 1202 4592 Pastores
1269 4540 1343 4593 ut
1407 4529 1766 4591 dedurent
1828 4532 1899 4590 in
1967 4531 2434 4609 metampinos
2501 4530 2732 4592 saltus
2794 4539 2857 4591 et
