3178 5185
588 391 717 456 160
1566 391 1941 446 VARRONIS

531 563 657 618 2ut
703 558 902 637 funeS,
959 564 1174 637 resteS,
1228 564 1473 635 tegetes
1566 576 1718 636 quae
1765 577 1797 618 e
1843 558 2026 618 fundo
2074 560 2231 618 sumi
2276 577 2395 618 non
2439 564 2749 637 poterunt,
2807 575 2876 617 ea

582 666 633 724 si
689 672 883 743 empta
939 671 1116 725 erunt
1170 666 1370 742 potius
1427 664 1497 724 ad
1522 663 1871 755 ‘utilitatem
1930 683 2105 743 quam
2162 664 2237 725 ob
2286 667 2573 744 speciem,
2630 663 2920 743 sumptu'

579 772 842 833 fructum
889 790 1008 831 non
1055 770 1488 851 extenuabunt3
1536 789 1606 830 eo
1652 774 1839 849 magis
1888 773 1939 831 si
1984 771 2123 831 inde
2170 782 2366 851 empta
2415 779 2594 833 erunt
2638 773 2876 851 potissi-

579 897 769 959 mum,
834 877 938 939 ubi
1002 897 1069 939 ea
1135 885 1196 939 et
1260 876 1413 937 bona
1478 884 1538 937 et
1601 880 1869 957 proxime
1936 886 1997 938 et
2061 879 2344 940 vilissimo
2401 881 2521 940 emi
2575 885 2875 957 poterunt.

578 987 750 1046 cuius
795 987 1182 1058 instrumenti
1228 986 1384 1045 varia
1433 984 1776 1045 discrimina
1823 1004 1891 1045 ac
1942 985 2258 1047 multitudo
2306 988 2431 1064 agri
2470 985 2874 1065 magnitudine
2934 997 2962 1037 5

528 1094 811 1175 3finitur,
859 1093 1015 1172 quod
1062 1092 1231 1172 plura
1279 1110 1429 1170 opus
1478 1099 1635 1173 sunt,
1682 1093 1733 1152 si
1772 1093 1919 1153 fines
1959 1093 2180 1154 distant
2217 1093 2347 1153 late.
2438 1092 2662 1173 Itaque,
2711 1092 2875 1152 Stolo

578 1202 799 1280 inquit,
865 1201 1168 1279 proposita
1227 1198 1633 1277 magnitudine
1691 1199 1859 1259 fundi
1917 1199 1988 1260 de
2045 1219 2115 1260 eo
2171 1218 2389 1278 genere
2446 1197 2589 1259 Cato
2648 1199 2875 1279 scribit,

577 1306 777 1367 oliveti
833 1308 1039 1385 iugera
1096 1319 1270 1367 CCXL
1328 1307 1432 1384 qui
1479 1305 1729 1387 coleret,
1786 1325 1923 1367 eum
1969 1309 2269 1368 instruere
2315 1308 2397 1367 ita
2445 1313 2751 1387 oportere,
2808 1314 2876 1366 ut

576 1413 802 1474 faceret
845 1432 982 1474 vasa
1029 1412 1244 1473 olearia
1293 1414 1428 1491 iuga
1477 1414 1769 1494 quinque,
1817 1432 1966 1493 quae
2014 1413 2385 1474 membratim
2433 1421 2761 1494 enumerat,
2808 1421 2874 1474 ut

577 1539 648 1580 ex
706 1539 842 1581 aere
898 1520 1146 1600 ahenea,
1202 1538 1442 1600 urceOS,
1499 1521 1919 1599 nassiternam,
1973 1522 2117 1582 item
2173 1520 2309 1581 alia:
2367 1522 2453 1580 sic
2509 1539 2541 1580 e
2597 1519 2757 1598 ligno
2815 1529 2874 1580 et
2902 1529 2955 1567 10

572 1627 761 1708 ferro,
817 1635 886 1688 ut
937 1628 1162 1706 plostra
1209 1629 1431 1687 maiora
1478 1629 1619 1709 tria,
1675 1635 1869 1688 aratra
1916 1647 2052 1689 cum
2100 1627 2439 1688 vomeribus
2489 1645 2621 1708 sex,
2678 1636 2874 1687 crates

572 1737 960 1796 stercorarias
1006 1742 1311 1815 quattuor,
1370 1736 1514 1794 item
1561 1733 1699 1795 alia:
1756 1737 1842 1796 sic
1890 1735 1961 1795 de
2010 1737 2391 1795 ferramentis
2438 1753 2589 1813 quae
2639 1736 2762 1794 sint
2809 1742 2869 1794 et

574 1849 720 1920 quot
757 1860 908 1922 opus
949 1840 1467 1922 [multitudinem],
1506 1849 1574 1902 ut
1612 1833 1837 1902 ferreas
1872 1850 2023 1922 octo,
2064 1841 2293 1902 sarcula
2325 1841 2588 1922 totidem,
2627 1840 2872 1901 dimidio

519 1927 778 2009 4minus
824 1949 1003 2029 palas,
1050 1951 1191 2009 item
1240 1949 1367 2009 alia.
1459 1950 1601 2009 item
1651 1949 1894 2009 alteram
1932 1949 2243 2010 formulam
2281 1950 2664 2009 instrumenti
2705 1949 2876 2009 fundi

574 2056 786 2115 vinarii
842 2056 1008 2138 fecit,
1063 2058 1126 2116 in
1183 2075 1297 2135 qua
1357 2040 1592 2136 scribit,
1649 2057 1702 2116 si
1757 2057 1836 2116 sit
1884 2070 1923 2118 c
1969 2058 2268 2137 iugerum,
2324 2055 2544 2116 habere
2591 2063 2873 2134 oportere
2900 2059 2948 2101 15

571 2180 707 2222 vasa
775 2162 1094 2223 torcularia
1159 2165 1452 2225 instructa
1519 2165 1702 2243 trina,
1768 2163 1922 2223 dolia
1987 2181 2123 2223 cum
2189 2162 2486 2242 operculis
2542 2161 2876 2224 culleorum

571 2271 1076 2348 octingentorum,
1155 2273 1410 2332 acinaria
1473 2271 1710 2350 viginti,
1784 2270 2169 2330 frumentaria
2232 2270 2467 2348 viginti,
2532 2270 2675 2329 item
2745 2271 2876 2329 eius

572 2378 735 2437 modi
781 2377 910 2438 alia.
1004 2395 1153 2456 quae
1201 2379 1398 2439 minus
1444 2376 1631 2437 multa
1680 2376 1921 2455 quidem
1964 2376 2085 2458 alii,
2133 2376 2236 2436 sed
2284 2384 2512 2437 tantum
2554 2394 2875 2436 numerum

573 2483 904 2545 culleorum
951 2485 1264 2562 scripsisse
1313 2491 1474 2565 puto,
1522 2503 1598 2544 ne
1646 2491 1962 2562 cogeretur
1999 2484 2314 2562 quotannis
2353 2483 2608 2542 vendere
2647 2485 2873 2544 vinum.

570 2597 772 2651 vetera
820 2591 977 2651 enim
1027 2611 1202 2671 quam
1249 2611 1417 2672 nova,
1464 2599 1524 2652 et
1571 2592 1777 2653 eadem
1823 2591 1936 2652 alio
1982 2600 2250 2670 tempore
2295 2609 2470 2670 quam
2508 2589 2622 2651 alio
2659 2590 2871 2670 pluriS.
2899 2595 2949 2634 2⁰

519 2701 556 2759 5
578 2699 720 2758 item
779 2699 863 2759 sic
919 2698 993 2758 de
1046 2698 1540 2760 ferramentorum
1586 2701 1867 2760 varietate
1915 2698 2125 2775 scribit
2167 2698 2487 2779 permulta,
2543 2706 2603 2758 et
2649 2716 2871 2776 genere

569 2811 630 2864 et
676 2804 1056 2894 multitudine
1105 2825 1218 2887 qua
1246 2809 1396 2890 -sint,
1443 2814 1511 2868 ut
1547 2806 1747 2888 falceS,
1792 2806 1973 2888 palaS,
2020 2814 2263 2888 rastros,
2310 2808 2395 2866 sic
2433 2805 2562 2886 alia,
2612 2823 2869 2884 quorum

713 3046 744 3095 7
794 3040 863 3093 de
908 3056 975 3095 eo
1020 3056 1226 3109 genere
1277 3038 1416 3096 Cato
1465 3040 1662 3096 scribit
1696 3057 1739 3096 c.
1778 3046 1851 3096 10
1995 3046 2026 3094 9
2074 3041 2141 3093 ut
2184 3056 2252 3095 ex
2299 3056 2427 3095 aere
2464 3039 2682 3095 ahenea.
2718 3040 2867 3096 Non.

565 3146 622 3197 p.
653 3132 780 3196 546,
809 3134 843 3184 5
991 3134 1057 3183 14
1092 3129 1232 3184 item
1269 3130 1506 3185 alteram
1544 3130 1842 3186 formulam
1882 3130 1999 3185 Cat.
2038 3146 2081 3185 c.
2120 3134 2190 3183 11

567 3351 768 3406 canabi
813 3351 933 3405 AB
983 3351 1236 3406 cannabo
1285 3353 1450 3408 codex
1491 3353 2011 3422 Montepessulanus
2048 3352 2228 3406 Nonii
2269 3368 2325 3419 p.
2365 3354 2499 3417 414,
2546 3355 2624 3406 25
2664 3367 2864 3405 canna-

564 3439 661 3494 bio
719 3441 887 3495 codex
946 3440 1247 3496 Parisinus
1302 3442 1483 3498 Nonii
1638 3449 1666 3497 1
1726 3443 1892 3513 sumi]
1951 3458 2113 3497 sumu
2166 3446 2229 3495 ut
2281 3442 2496 3495 videtwr
2552 3439 2610 3493 A
2695 3442 2701 3448 “
2754 3457 2864 3494 non

565 3531 870 3599 potuerunt
912 3531 1119 3586 codices
1163 3531 1343 3587 Nonii
1487 3538 1519 3585 3
1565 3531 1780 3585 fructus
1828 3547 1967 3586 corr.
2014 3560 2083 3570 —
2129 3534 2167 3582 ii
2202 3529 2259 3584 A
2403 3534 2438 3582 4
2483 3527 2771 3597 proximae
2810 3530 2865 3583 Β

710 3624 741 3673 5
779 3618 1209 3675 instrumentum
1250 3637 1389 3676 corr.
1419 3652 1486 3660 —
1515 3620 1564 3675 ti
1601 3621 1656 3676 A
1766 3628 1797 3675 6
1837 3619 2005 3674 Plura
2042 3635 2179 3688 opus
2219 3618 2352 3671 sunt
2386 3619 2450 3671 in
2485 3619 2735 3688 maryine
2767 3621 2864 3674 ad-

563 3709 786 3778 scripsit
824 3708 880 3762 Ρ
1024 3715 1054 3765 7
1101 3709 1286 3778 inquit
1322 3711 1421 3765 Bv
1464 3709 1665 3779 inquid
1701 3709 1820 3763 PA
1961 3714 1994 3763 8
2035 3706 2308 3762 instruere
2354 3706 2439 3760 ita
2483 3707 2536 3760 V
2564 3707 2866 3775 instrueret

562 3799 646 3853 ita
673 3798 730 3853 A
756 3797 841 3852 ita
867 3796 1143 3853 instruere
1172 3814 1310 3856 corr.
1341 3798 1614 3855 instruere
1642 3798 1727 3853 ita
1757 3799 1814 3852 B
1930 3804 1961 3852 9
1991 3796 2127 3868 iuga
2156 3794 2400 3865 quinque
2437 3797 2549 3852 VA
2575 3797 2710 3867 iuga
2737 3798 2788 3852 V
2808 3797 2864 3851 B

710 3929 776 3977 10
819 3939 886 3977 ex
923 3939 1051 3978 aere
1089 3924 1305 3979 ahenea
1343 3924 1401 3977 P
1435 3940 1503 3977 ex
1541 3941 1669 3979 aere
1708 3889 1884 3979 &enea
1920 3921 1977 3977 A
2014 3940 2080 3977 ex
2117 3938 2282 3977 aerea
2318 3922 2499 3975 henea
2538 3921 2593 3974 Β
2630 3937 2699 3975 ex
2735 3937 2862 3976 aere

565 4013 747 4067 ahena
799 4030 833 4067 v
1011 4013 1382 4068 nassiternam
1431 4014 1549 4068 ΡΒ
1614 4013 1957 4067 nasiternam
2004 4012 2104 4065 Av
2287 4016 2350 4063 11
2417 4009 2635 4079 plostra
2681 4010 2865 4064 PAB

562 4102 813 4170 plaustra
846 4118 880 4156 v
1026 4119 1122 4156 sex
1160 4104 1340 4157 crates
1378 4101 1540 4157 ABv
1579 4119 1676 4155 sex
1713 4119 1756 4155 s.
1797 4103 1977 4156 crates
2014 4101 2072 4154 P
2211 4106 2276 4154 12
2313 4097 2637 4154 feramentis
2665 4099 2722 4154 A

566 4196 630 4244 13
681 4190 832 4259 quod
879 4207 1019 4260 opus
1066 4190 1489 4246 multitudinem
1530 4190 1717 4245 ΡΑΒ
1760 4191 1898 4260 quot
1932 4206 2072 4259 opus
2110 4188 2183 4243 ad
2219 4185 2640 4243 multitudinem
2677 4205 2728 4256 v,
2765 4189 2865 4244 ubi

564 4279 637 4332 ad
673 4278 1096 4334 multitudinem
1133 4282 1326 4336 delevit
1373 4279 1610 4334 Ursinus
1749 4284 1814 4333 15
1853 4279 1951 4349 sit]
1990 4277 2104 4347 sint
2141 4279 2200 4333 Β
2335 4283 2401 4333 16
2437 4275 2589 4330 trina.
2623 4293 2656 4330 v
2694 4276 2863 4332 trima

568 4369 754 4423 ΡΑΒ
892 4375 956 4424 17
996 4369 1278 4425 accinaria
1313 4368 1432 4424 Am
1539 4367 1816 4423 eiusmodi
1852 4368 1974 4423 AB
2012 4366 2263 4421 eiusdem
2307 4366 2360 4420 V
2464 4371 2529 4420 18
2568 4381 2860 4420 numerum

562 4457 785 4512 tantum
842 4474 980 4512 corr.
1028 4459 1251 4513 tantum
1307 4475 1601 4513 numerum
1646 4457 1705 4511 Β
1850 4463 1915 4511 19
1971 4478 2011 4523 q
2066 4455 2227 4511 annis
2284 4472 2421 4511 corr.
2479 4456 2545 4524 iit
2590 4453 2751 4510 annis
2797 4459 2861 4509 ut

562 4549 778 4603 videtur
812 4546 870 4601 A
907 4547 1059 4615 quod
1095 4548 1254 4604 annis
1291 4549 1408 4603 ΡΒ
1444 4550 1584 4618 quot
1622 4546 1781 4602 annis
1818 4563 1851 4601 v
1994 4551 2061 4600 21
2099 4544 2537 4601 feramentorum
2573 4542 2630 4598 A
