3178 5185
624 411 754 474 280
1609 408 1981 463 VARRONIS

524 585 849 658 11LXXI13
907 577 1093 657 quaad
1151 576 1474 656 capitulum
1532 577 1861 637 rutundum
1918 585 2034 656 est,
2090 579 2273 656 pedes
2319 594 2533 640 XXVII.
2629 579 2702 639 ad
2770 578 2952 659 haec,

621 664 700 745 ita
763 693 828 745 ut
883 687 944 745 in
1002 686 1266 763 margine
1328 686 1498 763 quasi
1551 685 1754 745 infimo
1811 683 2060 745 tabulae·
2104 685 2402 764 descripta
2459 688 2537 746 sit
2584 686 2951 766 ambulatio,

622 792 694 851 ab
752 792 1067 852 ornithone
1123 791 1414 871 plumula,
1469 793 1530 850 in
1589 809 1703 869 qua
1756 792 1951 851 »media
2001 800 2142 852 sunt
2188 794 2414 873 caviac,
2472 812 2586 872 qua
2634 795 2949 854 introitus

625 897 800 976 [itur]
859 900 920 958 in
977 914 1195 958 aream·
1229 906 1336 958 est.
1429 899 1491 957 in
1546 897 1776 976 limine,
1833 900 1892 957 in
1952 898 2236 960 lateribus
2294 899 2500 959 dextra
2557 908 2617 960 et
2679 902 2947 960 sinistra

619 1008 888 1084 porticus
937 1012 1078 1065 sunt
1123 1004 1488 1084 primoribus
1536 1003 1829 1065 columnis
1874 1005 2138 1086 lapideis,
2186 1024 2294 1084 pro
2333 1006 2544 1067 mediis
2582 1006 2947 1068 arbusculis
3001 1022 3024 1060 5

622 1113 946 1175 humilibus
1004 1113 1336 1187 ordinatae,
1394 1130 1530 1171 cum
1587 1131 1620 1171 a
1677 1129 1908 1171 summa
1963 1114 2218 1172 macerie
2276 1113 2343 1172 ad
2394 1113 2720 1193 epistylum
2776 1122 2946 1175 tecta

622 1222 886 1300 porticus
953 1221 1030 1280 sit
1095 1228 1222 1280 rete
1288 1219 1614 1280 cannabina
1679 1226 1739 1278 et
1794 1218 1866 1278 ab
1923 1218 2171 1298 epistylo
2227 1220 2299 1281 ad
2357 1220 2711 1299 stylobaten.
2827 1221 2945 1280 hae

496 1402 499 1405 Α
622 1337 760 1388 sunt
825 1327 1031 1387 avibus
1097 1329 1447 1404 omnigenus
1510 1325 1811 1405 oppletae,
1876 1326 2095 1404 quibus
2151 1327 2321 1388 cibus
2383 1330 2767 1387 ministratur
2832 1345 2945 1407 per

530 1441 605 1497 12
630 1445 817 1495 retem
874 1443 934 1494 et
989 1451 1139 1512 aqua
1197 1432 1380 1493 rivolo
1437 1436 1604 1492 tenui
1660 1432 1882 1496 adfluit.
1975 1435 2302 1495 secundum
2358 1435 2667 1514 stylobatis
2718 1436 2941 1494 interi-

620 1559 782 1601 orem
839 1548 1068 1619 partem
1125 1539 1331 1599 dextra
1387 1548 1447 1599 et
1494 1541 1735 1600 sinistra
1774 1541 1854 1601 *ad
1903 1559 2190 1601 summam
2237 1560 2435 1602 aream
2485 1541 2853 1621 quadratam
2905 1560 2938 1599 e
2971 1553 3021 1590 10

619 1648 812 1709 medio
861 1648 1127 1708 diversae
1176 1647 1327 1707 duae
1375 1666 1496 1706 non
1544 1646 1694 1707 latae
1733 1647 2018 1726 oblongae
2060 1658 2199 1709 sunt
2234 1651 2497 1728 piscinae
2537 1649 2605 1708 ad
2646 1649 2940 1726 porticus

619 1774 845 1815 versus
913 1757 1068 1815 inter
1116 1773 1214 1814 eas
1253 1756 1512 1832 piscinas
1553 1755 1960 1815 tantummodo
2004 1773 2282 1816 accessus
2320 1758 2528 1815 semita
2567 1758 2625 1814 in
2668 1755 2938 1835 tholum,

622 1865 724 1942 qui
772 1870 863 1922 est
910 1862 1062 1923 ultra
1110 1862 1410 1923 rutundus
1458 1860 1851 1942 columnatuS,
1900 1869 1966 1921 ut
2014 1870 2106 1922 est
2151 1865 2212 1922 in
2259 1863 2403 1922 aede
2451 1862 2660 1945 Catuli,
2713 1866 2768 1924 si
2822 1882 2937 1942 pro

620 1969 948 2048 parietibus
1006 1970 1222 2029 seceris
1278 1968 1602 2030 columnas,
1695 1976 1859 2028 extra
1909 1987 2006 2028 eas
2055 1968 2358 2030 columnas
2407 1977 2499 2029 est
2546 1970 2692 2030 silva
2746 1989 2933 2031 manu

622 2085 771 2157 sata,
827 2077 1152 2156 grandibus
1200 2075 1514 2136 arboribus
1561 2083 1744 2156 tecta,
1803 2086 1870 2137 ut
1916 2078 2115 2136 infima
2162 2076 2494 2157 perluceat,
2542 2061 2664 2138 tota
2717 2088 2936 2158 saepta
2967 2086 3015 2125 15

528 2191 605 2247 13
630 2186 901 2245 maceriis
948 2183 1098 2244 altis.
1163 2185 1317 2243 intra
1366 2183 1511 2243 tholi
1557 2183 1863 2244 columnas
1911 2185 2238 2243 exteriores
2274 2183 2534 2262 lapideas
2571 2193 2631 2244 et
2668 2187 2934 2247 totidem

619 2294 936 2352 interiores
984 2310 1055 2350 ex
1104 2289 1294 2349 abiete
1343 2298 1552 2350 tenues
1600 2289 1768 2350 locus
1816 2300 1907 2350 est
1952 2291 2135 2369 pedes
2185 2292 2446 2370 quinque
2495 2290 2665 2352 latus,
2764 2294 2936 2352 inter

618 2398 922 2459 columnas
978 2398 1306 2457 exteriores
1361 2415 1470 2475 pro
1526 2399 1753 2474 pariete
1814 2397 2050 2457 reticuli
2106 2416 2138 2456 e
2195 2401 2393 2458 nervis
2441 2407 2609 2479 sunt,
2666 2407 2739 2459 ut
2771 2409 2930 2479 'per-

620 2507 772 2584 spici
827 2506 888 2563 in
946 2503 1086 2563 silva
1143 2505 1335 2582 possit
1395 2512 1454 2564 et
1511 2523 1661 2583 quae
1717 2503 1801 2564 ibi
1853 2512 2019 2585 sunt,
2075 2523 2267 2583 neque
2335 2506 2458 2564 avis
2517 2524 2581 2564 ea
2639 2510 2931 2568 transire.

619 2615 774 2672 intra
822 2613 1141 2672 interiores
1188 2612 1490 2673 columnas
1537 2631 1648 2690 pro
1696 2614 1920 2692 pariete
1968 2621 2096 2673 rete
2143 2603 2427 2674 aviarium
2468 2622 2556 2674 est
2596 2607 2930 2675 obiectum.
2960 2619 3011 2658 2⁰

619 2721 776 2780 inter
816 2718 921 2778 has
961 2727 1019 2777 et
1057 2721 1383 2780 exteriores
1422 2719 1710 2797 gradatim
1752 2720 2162 2781 substructum
2201 2730 2267 2781 ut
2303 2720 2658 2781 theatridion
2692 2723 2929 2783 avium:

765 2915 792 2962 1
851 2909 1154 2963 rutundum
1201 2908 1314 2962 PA
1360 2908 1663 2962 rotundum
1708 2909 1803 2962 Bv
1950 2916 1980 2963 2
2039 2909 2323 2980 descripta
2378 2909 2491 2963 VB
2547 2910 2824 2980 discripta
2871 2913 2930 2966 A

761 3006 793 3054 3
833 2999 888 3054 in
927 3015 1040 3068 qua.
1075 3015 1175 3054 om.
1205 2997 1260 3052 A
1306 3021 1327 3046 ι
1405 2995 1600 3051 cauiae
1634 2997 1819 3050 PAB
1856 3013 2062 3052 caueae
2090 3015 2120 3052 v
2265 3016 2376 3068 qua
2411 2998 2673 3053 introitus
2708 2997 2830 3054 itur
2868 3001 2930 3055 in

620 3105 811 3143 aream
859 3090 946 3143 est
987 3088 1171 3143 PAB
1218 3105 1329 3156 qua
1374 3085 1641 3142 introitus
1689 3087 1746 3140 in
1792 3104 1981 3142 aream
2037 3089 2125 3142 est
2178 3105 2211 3141 v
2284 3086 2406 3153 Qua
2457 3086 2569 3143 iter
2621 3088 2681 3141 in
2729 3104 2929 3145 aream

620 3179 708 3232 est
746 3180 789 3231 I
785 3179 1054 3234 ucundus.
1109 3178 1384 3248 ‘Antiqua
1420 3177 1509 3231 hic
1546 3177 1710 3231 etiam
1747 3177 1904 3232 lectio
1933 3177 2279 3247 perturbata,
2315 3182 2365 3231 et
2391 3194 2523 3232 sane
2549 3183 2722 3232 totum
2750 3185 2930 3247 caput

619 3268 982 3322 crebrioribus
1035 3268 1268 3322 maculis
1324 3267 1680 3336 inquinatum
1718 3287 1735 3319 .-
1775 3263 1896 3330 Qua.
1950 3264 2214 3320 introitus
2274 3264 2388 3319 itur
2439 3264 2500 3319 in
2558 3282 2746 3322 aream
2807 3267 2921 3322 est’

629 3357 904 3411 Victorius
1030 3361 1061 3409 5
1101 3354 1413 3410 arbusculis
1450 3372 1482 3409 v
1521 3353 1882 3409 artibusculis
1919 3355 2102 3409 PAB
2210 3361 2240 3408 6
2280 3354 2351 3409 ad
2388 3354 2689 3424 epistylum
2737 3356 2851 3409 VB
2891 3373 2927 3410 a.

621 3445 931 3515 epistillum
970 3445 1025 3499 A
1181 3446 1333 3499 tecto
1379 3444 1496 3499 Am
1644 3451 1673 3498 7
1721 3442 2041 3498 cannabina
2075 3444 2195 3496 AB
2234 3443 2511 3498 canabina
2559 3444 2609 3498 V
2751 3447 2810 3498 et
2850 3446 2925 3500 ab

620 3533 863 3603 epistylo
911 3534 984 3588 ad
1031 3534 1314 3603 stylobate
1351 3534 1406 3587 P
1446 3535 1504 3587 et
1551 3533 1626 3587 ab
1664 3532 1925 3603 epistylio
1967 3534 2080 3602 (sed
2117 3532 2136 3586 i
2164 3537 2294 3601 post
2330 3533 2350 3586 l
2386 3533 2451 3587 in
2486 3548 2691 3587 rasura
2726 3533 2804 3596 Β)
2848 3534 2922 3587 ad

621 3622 900 3693 stylobatae
929 3623 1049 3677 AB
1089 3625 1146 3677 et
1183 3623 1254 3677 ab
1284 3621 1543 3691 epistylio
1573 3621 1648 3675 ad
1676 3622 2019 3690 stylobatem
2046 3621 2355 3688 Iucundus,
2390 3638 2492 3678 om.
2521 3638 2554 3675 v
2665 3627 2697 3675 8
2736 3622 2922 3676 omni·

620 3730 796 3782 genus
837 3713 1019 3766 PAB
1059 3727 1221 3766 omne
1273 3727 1450 3779 genus
1495 3728 1528 3765 v
1673 3710 2021 3766 ministratur
2057 3710 2179 3765 AB
2228 3710 2506 3765 Victorius
2557 3709 2921 3768 administra.-

620 3805 710 3857 tur
767 3801 821 3855 V
958 3817 1059 3870 per
1103 3802 1282 3854 retem
1317 3800 1503 3855 PAB
1548 3817 1650 3869 per
1694 3803 1813 3855 rete
1862 3817 1909 3856 v.
1989 3800 2092 3854 ‘Et
2136 3801 2253 3867 hic,
2302 3805 2351 3854 et
2398 3800 2529 3854 aliis
2576 3801 2736 3854 etiam
2786 3801 2922 3855 locis

620 3892 782 3946 uirili
817 3907 1006 3961 yenere
1041 3891 1105 3944 in
1141 3890 1385 3959 antiquis
1423 3890 1609 3957 libris,
1657 3889 1841 3958 Retis,
1891 3907 1929 3943 a
1973 3888 2219 3944 Varrone
2255 3889 2584 3957 usurpatur’
2638 3889 2922 3944 Victorius

764 4022 795 4068 9
842 4014 1021 4069 riuolo
1065 4015 1175 4068 PB
1209 3992 1390 4069 riuino
1428 4014 1484 4069 A
1519 4013 1703 4068 riuulo
1741 4031 1773 4068 v
1944 4013 2143 4068 adfluit
2178 4014 2234 4068 A
2271 4012 2453 4067 affluit
2496 4012 2605 4066 VR
2749 4012 2921 4067 inter-

620 4104 824 4159 riorem
863 4106 916 4157 A
1030 4109 1091 4157 11
1132 4104 1381 4173 porticus
1417 4121 1470 4157 m
1498 4103 1790 4158 Iucundus
1825 4103 2111 4172 porticuas
2145 4103 2326 4157 PAB
2353 4100 2668 4171 ‘porticulus
2706 4119 2738 4156 v
2852 4109 2921 4157 13

619 4195 891 4248 rutundus
915 4193 1094 4247 PAB
1121 4193 1389 4249 rotundus
1418 4210 1450 4246 v
1562 4198 1629 4246 15
1660 4195 1821 4262 septa.
1846 4193 1901 4247 V
2006 4199 2068 4246 16
2097 4192 2247 4247 intra
2272 4190 2419 4247 tholi
2449 4192 2743 4247 Iucwndus
2770 4189 2924 4245 intra.

619 4283 791 4337 tholis
837 4281 1013 4336 VAB
1188 4289 1252 4336 18
1291 4298 1321 4335 e
1359 4280 1544 4337 neruis
1581 4299 1613 4336 v
1653 4299 1682 4337 e
1721 4282 1908 4336 uernis
1945 4282 2058 4337 PA
2097 4282 2316 4337 euerius
2352 4282 2408 4334 B
2578 4280 2824 4351 perspici
2862 4282 2921 4337 in

621 4371 767 4426 silua
795 4372 917 4425 AB
945 4369 1192 4440 prospici
1219 4372 1275 4424 in
1306 4370 1453 4425 silua.
1492 4371 1543 4423 V
1565 4371 1809 4441 perspici
1837 4371 1897 4425 in
1926 4370 2129 4425 siluam
2164 4372 2449 4425 Turnebus
2475 4370 2684 4425 advers.
2718 4376 2815 4438 21,
2844 4375 2921 4427 23

768 4467 832 4514 19
874 4477 1017 4527 quae
1055 4460 1139 4514 ibi
1176 4461 1337 4514 ABv
1377 4460 1474 4528 qui
1512 4460 1593 4515 ibi
1635 4461 1690 4513 P
1794 4477 1863 4514 ea.
1908 4460 2085 4515 VAB
2123 4477 2261 4530 corr.
2302 4468 2371 4514 ea,
2406 4459 2488 4515 A²
2524 4475 2648 4514 eam
2688 4478 2744 4514 m
2854 4467 2918 4515 21

621 4550 770 4606 inter
822 4548 922 4601 has
963 4551 1018 4602 et
1055 4546 1357 4604 exteriores
1396 4549 1689 4604 Iucundus
1726 4546 1892 4604 inter·
1912 4549 2011 4604 has
2049 4549 2347 4604 exteriores
2393 4549 2504 4604 VB
2541 4547 2691 4602 inter
2727 4566 2792 4605 as
2830 4567 2922 4605 ex-
