3178 5185
1233 426 1645 482 PRAEFATIO
2482 425 2587 480 XV

277 596 594 666 praeterea
640 597 707 650 ut
745 591 1012 669 intellegi
1049 603 1269 673 posset,
1308 595 1377 655 ad
1420 613 1569 673 quae
1611 592 1892 654 vocabula
1932 592 2022 652 vel
2059 592 2131 652 ad
2170 611 2317 672 quas
2354 593 2582 653 litteras

278 697 528 755 mutatio
580 695 859 757 lectionis
909 696 980 757 ab
1028 716 1098 757 eo
1146 719 1216 758 ex
1265 700 1468 760 codice
1514 700 1789 761 adnotata
1826 702 2173 779 pertineret,
2223 698 2582 779 ubicumque

278 800 432 861 illius
494 800 796 864 lectiones
851 806 1140 866 indicatae
1200 815 1393 888 erant,
1450 810 1626 869 etiam
1687 807 1829 887 quid
1887 810 1947 867 in
2003 809 2272 887 principe
2326 808 2585 867 editione

276 907 586 986 legeretur
654 910 1036 972 indicandum
1102 923 1246 974 erat.
1347 933 1479 974 nam
1547 917 1786 993 saepius
1844 913 2056 974 accidit
2110 923 2204 993 ut,
2269 914 2465 994 siquid
2521 916 2583 974 in

274 1017 571 1095 principis
637 1019 917 1079 editionis
972 1019 1225 1081 lectione
1275 1040 1346 1081 ex
1396 1021 1600 1082 codice
1649 1021 1996 1082 mutandum
2051 1030 2203 1101 erat,
2259 1021 2583 1082 Politianus

274 1141 386 1183 non
437 1132 729 1184 accurate
779 1144 846 1185 ea
885 1145 1034 1205 quae
1075 1129 1291 1187 mutari
1332 1126 1420 1187 vel
1459 1127 1649 1187 deleri
1684 1127 1869 1188 voluit
1905 1128 2214 1211 indicaret,
2261 1130 2364 1190 sed
2404 1146 2580 1208 quae-

273 1231 402 1290 dam
460 1231 539 1291 ad
594 1232 777 1293 fidem
825 1232 1046 1293 codicis
1094 1236 1451 1315 corrigeret,
1507 1233 1618 1293 alia
1666 1236 1779 1313 sic,
1841 1242 1906 1294 ut
1952 1235 2219 1302 inedito
2268 1234 2588 1314 exemplari

270 1337 671 1419 habebantur,
723 1340 1107 1421 relinqueret,
1155 1339 1257 1400 ubi
1309 1359 1478 1401 error
1526 1360 1598 1400 ex
1647 1340 2005 1420 apographis
2054 1344 2330 1420 cognosci
2376 1343 2586 1421 potuit.

270 1448 465 1525 itaque
525 1455 601 1507 ut
661 1447 734 1507 de
791 1447 905 1507 fide
953 1447 1228 1508 Politiani
1282 1450 1344 1508 in
1400 1449 1473 1508 iis
1515 1467 1664 1527 quae
1713 1447 2012 1508 adnotavit
2058 1449 2309 1509 iudicari
2359 1457 2594 1528 posset

269 1553 561 1615 lectiones
627 1555 916 1634 principis
973 1556 1277 1636 editioniS,
1339 1554 1439 1616 ubi
1487 1554 1559 1615 ab
1608 1555 1707 1615 illo
1755 1563 2017 1616 mutatae
2066 1564 2261 1636 erant,
2308 1575 2342 1616 v
2387 1534 2584 1617 littera

271 1661 640 1739 significatas
706 1660 970 1740 adposui.
1075 1681 1267 1742 neque
1336 1672 1533 1723 tamen
1602 1681 1752 1742 opus
1820 1682 1950 1723 esse
2019 1662 2325 1725 videbatur
2386 1666 2581 1724 omnia

267 1770 560 1848 principis
613 1767 894 1829 editionis
933 1771 1088 1849 vitia,
1141 1789 1290 1848 quae
1329 1789 1361 1830 a
1398 1770 1689 1830 Politiano
1733 1789 1804 1830 ex
1844 1770 2048 1830 codice
2089 1780 2355 1832 correcta
2395 1779 2582 1852 erant,

268 1877 595 1935 memoriae
664 1876 921 1955 prodere
986 1884 1046 1937 et
1110 1879 1398 1956 integram
1462 1877 1923 1955 discrepantiam
1980 1877 2283 1958 editionis,
2347 1879 2409 1937 in
2466 1896 2581 1956 qua

266 1981 520 2058 plurima
593 1984 724 2043 sine
795 1982 911 2043 ulla
975 1982 1263 2045 librorum
1329 1987 1683 2045 auctoritate
1742 1984 1989 2044 arbitrio
2048 1984 2294 2044 editoris
2353 1992 2581 2045 mutata

270 2099 430 2171 sunt,
488 2090 801 2150 adnotare.
894 2093 1093 2169 itaque
1152 2091 1253 2151 ubi
1312 2092 1659 2152 manifestae
1721 2091 1968 2152 editoris
2015 2090 2500 2170 interpolationes
2547 2110 2579 2150 a

270 2195 558 2257 Politiano
625 2216 696 2257 ex
744 2197 950 2258 codice
1000 2207 1305 2259 correctae
1355 2205 1525 2259 erant
1570 2217 1765 2277 neque
1814 2197 1930 2258 ulla
1970 2200 2302 2276 scripturae
2357 2196 2578 2257 discre-

269 2307 463 2381 pantia
532 2308 599 2365 in
666 2323 844 2365 manu
913 2307 1153 2384 scriptis
1218 2304 1416 2385 libris,
1495 2304 1713 2384 quibus
1780 2323 1939 2365 nunc
1996 2306 2248 2386 utimur,
2322 2306 2579 2364 invenie-

271 2409 464 2493 batur,
532 2411 752 2472 inutile
816 2420 945 2471 erat
1000 2422 1314 2491 corruptas
1372 2415 1649 2491 impressi
1711 2410 2063 2490 exemplaris
2118 2410 2404 2472 lectiones
2461 2429 2579 2471 una

272 2536 398 2578 cum
456 2519 946 2580 correctionibus
1004 2518 1162 2580 illius
1224 2519 1583 2580 adscribere.
1678 2519 1780 2579 sed
1838 2509 2200 2599 ubicumque
2248 2520 2320 2578 ad
2367 2519 2578 2578 confir-

271 2628 545 2688 mandam
614 2637 889 2705 receptae
955 2626 1228 2688 lectionis
1289 2629 1705 2688 auctoritatem
1762 2627 2125 2708 pertinebat,
2191 2625 2349 2705 quod
2407 2634 2572 2686 certo

270 2732 549 2795 Politiani
585 2735 929 2795 testimonio
969 2737 1050 2794 ita
1087 2737 1377 2814 scriptum
1421 2735 1606 2794 fuisse
1646 2736 1705 2793 in
1746 2734 2066 2814 archetypo
2103 2743 2353 2815 constat,
2391 2734 2578 2811 scrip—

269 2849 456 2902 turam
523 2842 748 2902 codicis
806 2841 877 2901 ab
933 2840 1031 2901 illo
1078 2841 1395 2901 indicatam
1443 2840 1637 2901 addita
1682 2840 1937 2901 lectione
1987 2840 2241 2901 Venetae
2290 2840 2568 2901 editionis

269 2950 325 3007 in
378 2949 771 3011 adnotatione
837 2951 1105 3029 repetivi.
1206 2950 1269 3007 in
1327 2951 1399 3008 iis
1460 2967 1598 3008 vero
1661 2967 1808 3026 quae
1875 2950 1934 3008 in
1993 2950 2261 3027 principe
2321 2947 2579 3007 editione
2650 2956 2652 2958 ’

269 3054 597 3118 Politianus
655 3075 776 3116 non
839 3065 1167 3118 mutaverat
1224 3075 1298 3116 ne
1347 3057 1565 3116 leviora
1625 3039 1864 3134 quidem
1920 3056 2113 3116 omitti
2157 3062 2462 3133 poterant,
2518 3054 2580 3112 in

269 3165 482 3241 quibus
544 3163 643 3223 ille
702 3164 993 3224 diversam
1049 3163 1206 3224 haud
1255 3163 1431 3224 dubie
1490 3162 1712 3223 codicis
1788 3164 2145 3241 scripturam
2193 3161 2413 3221 codicis
2462 3178 2579 3220 non

268 3271 659 3345 indicaverat,
724 3273 786 3330 in
852 3272 1059 3348 primis
1126 3289 1190 3330 ea
1258 3289 1409 3350 quae
1476 3270 1548 3330 ad
1607 3267 2097 3348 orthographiam
2157 3266 2578 3327 vocabulorum

268 3381 595 3459 pertinent,
641 3387 958 3457 propterea
1006 3378 1164 3458 quod
1211 3380 1273 3437 in
1321 3378 1433 3437 hoc
1478 3395 1697 3455 genere
1739 3376 1911 3436 modo
1951 3375 2173 3436 codicis
2213 3376 2569 3459 scripturam

269 3484 685 3566 adnotaverat,
743 3485 915 3546 modo
973 3493 1272 3565 tamquam
1326 3485 1601 3546 inutilem
1653 3486 2059 3564 praeterierat.
2150 3483 2423 3544 Politiani
2471 3503 2566 3543 ex-

270 3596 491 3673 cerptis
556 3610 625 3653 ea
686 3611 835 3672 quae
893 3612 925 3653 a
981 3591 1240 3653 Victorio
1298 3594 1362 3653 in
1421 3592 1914 3671 explicationibus
1974 3610 2044 3651 ex
2100 3591 2308 3652 eodem
2365 3590 2568 3651 codice

270 3700 545 3763 adnotata
602 3709 772 3761 erant
828 3700 1042 3761 addidi.
1136 3702 1196 3760 in
1251 3719 1368 3780 quo
1415 3702 1543 3779 ipsa
1591 3699 1841 3761 Victorii
1890 3698 2067 3759 verba
2115 3701 2239 3760 suis
2285 3698 2431 3759 locis
2479 3700 2566 3758 in-

271 3815 431 3888 tegra
469 3810 743 3890 repetivi,
781 3827 1138 3887 quamquam
1175 3810 1235 3868 in
1276 3807 1516 3868 Catonis
1554 3807 1709 3868 libro
1750 3808 1987 3885 saepius
2028 3805 2299 3866 breviore
2339 3808 2567 3866 ratione

270 3933 409 3976 usus
468 3934 620 3976 sum.
714 3917 776 3975 in
831 3916 1090 3977 editione
1138 3913 1383 3975 Victorii
1440 3933 1508 3974 ea
1564 3933 1716 3994 quae
1782 3916 1844 3974 in
1891 3915 2199 3993 impressis
2229 3922 2380 3975 ante
2430 3931 2565 3973 eum

271 4021 705 4103 exemplaribus
752 4041 871 4083 non
918 3999 1198 4101 leguntur
1240 4022 1494 4102 aliquam
1536 4024 1955 4083 auctoritatem
1992 4021 2063 4082 ad
2103 4020 2565 4081 confirmandam

272 4131 488 4192 codicis
546 4132 906 4209 scripturam
952 4129 1188 4190 habent.
1280 4148 1416 4190 nam
1462 4131 1525 4189 in
1572 4128 1665 4189 his
1713 4128 2067 4208 plerumque
2116 4129 2410 4207 codicem,
2467 4129 2564 4188 cui

271 4236 591 4315 plurimum
638 4235 965 4319 tribuebat,
1023 4247 1266 4299 secutus
1313 4237 1607 4315 vulgatam
1655 4235 1977 4297 lectionem
2022 4237 2286 4296 mutavit.
2379 4253 2562 4314 quare

275 4352 394 4404 tum
438 4346 714 4424 maxime,
760 4362 895 4403 cum
942 4352 1189 4423 propter
1236 4344 1491 4422 aliquam
1538 4362 1776 4404 causam
1826 4342 2089 4403 dubitari
2135 4342 2206 4402 de
2256 4341 2369 4402 fide
2409 4341 2561 4401 Poli-

272 4452 409 4512 tiani
456 4459 711 4532 poterat,
756 4450 1040 4511 lectiones
1080 4450 1323 4511 Victorii
1370 4470 1401 4510 a
1448 4449 1749 4530 prioribus
1793 4448 2156 4510 editionibus
2196 4449 2460 4509 diversas
2502 4457 2560 4508 et

274 4576 340 4616 ex
385 4560 617 4639 codice,
666 4563 735 4617 ut
783 4556 1040 4632 videtur,
1089 4558 1159 4617 ab
1207 4557 1308 4617 illo
1356 4560 1616 4637 primum
1666 4565 1935 4636 receptas
1986 4555 2254 4616 indicavi.
