3178 5185
857 437 1116 491 RERVM
1152 435 1631 491 RVSTICARVM
1668 435 1803 489 LIB.
1843 436 1864 486 I
1906 433 1941 488 2
2456 423 2536 486 13

289 592 472 652 deinde
525 591 596 651 ab
653 591 932 652 omnibus
989 601 1297 672 receptum
1353 600 1494 651 erat.
1570 592 1632 651 in
1690 593 1934 650 cultura
1991 590 2165 648 etiam
2222 585 2538 647 Columella

288 697 389 779 13,
414 697 469 781 2,
514 701 614 778 qui
662 698 869 759 Catoni
914 699 1059 760 haec
1106 700 1334 761 tribuit.

437 805 570 867 Nec-
626 809 686 867 si
743 814 981 885 potest
1041 807 1353 867 reficere
1412 807 1697 866 fructus
1747 805 1803 864 si
1853 802 2052 863 uidet
2098 821 2216 862 eos
2264 802 2414 862 fore
2465 809 2541 860 ut

287 913 672 991 pestilentia
706 913 1149 993 dispereant]
1168 912 1726 988 ReficerefructuS,
1744 912 1815 971 de
1838 929 1954 989 quo
1976 909 2279 970 dubitabat
2300 908 2539 968 Schnei-

290 1019 458 1101 deruS,
485 1020 817 1082 Gronovius
845 1024 907 1081 in
938 1021 1058 1082 Liv.
1082 1020 1291 1080 XXXV
1314 1020 1370 1102 1,
1397 1018 1477 1081 12
1508 1019 1835 1099 explicavit,
1864 1018 1919 1078 h.
1940 1038 1989 1077 e.
2020 1017 2255 1076 efficere
2288 1024 2352 1076 ut
2383 1016 2538 1076 fruc-

291 1134 370 1186 tus
396 1128 654 1189 redeant:
684 1128 710 1188 I
739 1126 843 1210 24,
865 1127 905 1191 3
934 1131 1168 1190 hostum
1195 1136 1414 1190 vocant
1442 1130 1607 1202 quod
1633 1145 1712 1187 ex
1749 1143 1868 1186 uno
1891 1124 2063 1200 facto
2101 1127 2219 1185 olei
2243 1126 2540 1205 reficitur.

291 1237 601 1314 compositio
660 1244 858 1296 autem
905 1235 1223 1298 verborum
1280 1239 1443 1296 videt
1496 1252 1597 1295 eos
1647 1233 1787 1309 fore
1841 1239 1910 1292 ut
1965 1234 2339 1308 dispereant,
2395 1228 2451 1290 h.
2491 1249 2540 1289 e.

291 1341 421 1401 videt
465 1343 585 1402 fore
635 1354 702 1403 ut
756 1346 796 1404 ii
858 1343 1223 1426 dispereant,
1270 1362 1341 1404 ex
1390 1342 1480 1402 his
1529 1339 1835 1420 apparebit
1890 1338 2200 1420 exempliS,
2249 1355 2396 1416 quae
2446 1336 2540 1396 ad·

291 1449 531 1531 scribam,
569 1453 845 1529 quoniam
890 1469 956 1511 ea
997 1470 1113 1511 non
1160 1458 1322 1510 recte
1370 1448 1671 1510 intellecta
1711 1466 1839 1507 esse
1879 1445 1950 1505 ab
1991 1444 2318 1505 editoribus
2357 1445 2542 1525 video,

292 1554 311 1613 1
341 1553 422 1638 13,
451 1555 490 1617 2
527 1561 735 1618 culina
773 1561 1035 1618 videnda
1072 1564 1142 1618 ut
1166 1561 1247 1618 sit
1282 1559 1542 1629 admota,
1581 1554 1633 1615 11
1665 1551 1725 1637 5,
1759 1550 1839 1615 18
1879 1557 2322 1614 armentarium
2350 1570 2542 1612 meum

294 1665 480 1723 crebro
514 1672 580 1723 ut
618 1667 857 1739 aliquid
890 1669 1055 1740 leqat
1091 1683 1259 1739 curo,
1298 1663 1349 1722 11
1379 1660 1438 1744 9,
1468 1663 1508 1722 2
1547 1680 1684 1723 cum
1720 1664 1911 1722 sciam
1947 1665 2244 1723 mulorum
2277 1677 2544 1735 qreqem,

295 1786 406 1829 cum
432 1778 790 1846 pasceretur
814 1804 890 1813 —
923 1776 1113 1833 mulos
1150 1773 1654 1846 circumfluxisse,
1700 1768 1752 1828 II
1790 1766 1849 1850 9,
1882 1763 1965 1828 15
2001 1771 2272 1842 reliquas
2309 1785 2545 1843 quoque

294 1893 447 1937 canes
482 1879 653 1953 facit,
693 1897 853 1954 quae
898 1882 966 1939 id
1008 1897 1128 1940 non
1174 1880 1414 1952 habent,
1452 1884 1519 1938 ut
1563 1880 1684 1937 sint
1722 1879 1784 1936 in
1822 1882 1965 1956 tut0,
2011 1874 2090 1933 111
2134 1871 2233 1955 10,
2269 1871 2312 1934 4
2359 1878 2543 1935 cellas

289 1988 574 2059 provident
616 2006 693 2047 ne
739 1988 1007 2047 habeant
1043 1989 1105 2046 in
1142 1990 1267 2047 solo
1313 2001 1599 2060 umorem,
1646 1982 1725 2043 111
1766 1980 1866 2066 16,
1906 1979 1989 2044 28
2031 2000 2252 2057 aquam
2291 1986 2543 2042 mulsam

296 2093 346 2149 in
385 2096 628 2153 vasculis
666 2110 864 2169 prope
909 2099 977 2152 ut
1018 2096 1101 2153 sit
1145 2078 1384 2153 curant.

443 2195 478 2258 9
516 2207 575 2258 et
613 2196 698 2259 10
752 2199 1106 2259 Tremelium
1145 2199 1280 2259 libri
1318 2217 1492 2259 manu
1533 2199 1742 2276 scripti
1782 2206 1842 2257 et
1879 2195 2016 2257 olim
2056 2198 2357 2277 impressi3
2403 2197 2541 2257 Tre-

296 2307 519 2365 mellium
561 2309 810 2385 primuS,
858 2314 926 2367 ut
973 2306 1222 2387 videtur,
1270 2305 1572 2366 Gesnerus
1623 2304 1820 2365 edidit.
1911 2306 2053 2365 item
2100 2303 2126 2363 Ι
2165 2301 2268 2384 37,
2306 2301 2345 2364 3
2401 2305 2539 2364 Tre-

293 2414 472 2472 melius
513 2412 665 2494 libri,
712 2413 816 2472 sed
863 2412 916 2473 11
953 2410 1014 2495 4,
1055 2412 1089 2475 1
1141 2416 1462 2488 trebellius,
1508 2412 1588 2473 ib.
1627 2410 1669 2473 2
1717 2414 1792 2472 de
1844 2411 2189 2473 Tremelliis.

440 2518 652 2579 Unum
710 2522 916 2581 cuius
972 2523 1280 2581 maiores
1335 2521 1414 2581 de
1473 2520 1673 2581 modo
1721 2521 1870 2598 agri
1928 2519 2152 2599 legem
2214 2516 2543 2578 tulerunt

292 2644 417 2686 nam
468 2627 774 2689 stolonis
829 2628 953 2689 illa
1010 2629 1118 2690 lex
1169 2648 1345 2709 quae
1395 2637 1591 2690 uetat
1648 2627 1807 2707 plus
1863 2627 1910 2687 D
1966 2629 2216 2705 iugera
2281 2625 2542 2687 habere

293 2736 489 2794 ciuem
542 2736 591 2795 R
638 2744 707 2795 et
764 2739 884 2816 qui
940 2747 1238 2816 propter
1297 2737 1746 2815 diligentiam
1801 2734 2131 2795 culturae
2189 2734 2544 2794 stolonum

293 2844 725 2904 confirmauit
772 2861 1161 2921 cognomen
1211 2844 1393 2922 quod
1443 2843 1684 2904 nullus
1731 2845 1800 2903 in
1851 2844 2004 2902 eius
2061 2840 2280 2901 fundo
2338 2859 2543 2919 repe·

293 2950 402 3009 riri
449 2959 732 3032 poterat
789 2950 975 3010 stolo
1025 2950 1207 3030 quod
1257 2950 1655 3011 effodiebat
1693 2952 1961 3010 circum
2008 2948 2305 3009 arbores
2353 2967 2383 3006 e
2433 2966 2541 3007 ra-

292 3053 543 3118 dicibus
589 3076 768 3137 quae
817 3069 1294 3119 nascerentur
1350 3077 1381 3118 e
1441 3059 1593 3119 solo
1642 3076 1817 3137 quos
1864 3055 2185 3118 stolones
2231 3054 2543 3134 appella-

294 3160 458 3241 bant]
502 3165 912 3241 Conformavit
948 3175 1006 3226 et
1045 3166 1256 3226 deinde
1296 3185 1330 3226 e
1366 3168 1685 3226 radicibus
1721 3184 1798 3226 ne
1833 3171 2236 3225 nascerentur
2276 3162 2544 3222 Ursinus

296 3276 341 3327 et
379 3280 500 3332 ante
547 3272 859 3332 relativum
906 3291 1234 3352 pronomen
1284 3271 1468 3332 deleri
1516 3272 1701 3333 voluit
1740 3271 2159 3347 SchneideruS‚
2198 3278 2265 3330 ut
2302 3270 2372 3330 ad
2413 3268 2543 3330 Sto-

295 3372 458 3437 lonem
515 3379 846 3461 tribunum,
906 3382 1010 3459 qui
1065 3380 1252 3459 legem
1312 3381 1599 3458 agrariam
1658 3378 1900 3460 tulerat,
1956 3378 2120 3454 origo
2179 3378 2546 3454 cognominis

296 3483 601 3547 referretur.
693 3496 916 3547 mutata
982 3486 1301 3547 verborum
1367 3487 1745 3547 distinctione
1803 3483 2052 3544 Goesius
2118 3485 2296 3562 antiq.
2355 3501 2542 3561 agrar.

298 3605 340 3664 p.
365 3588 436 3652 47
480 3592 621 3655 haec
670 3594 742 3654 de
793 3594 1053 3655 Stolonis
1102 3596 1469 3673 cognomine,
1510 3602 1566 3654 et
1613 3596 1720 3668 qui
1744 3626 1831 3634 —
1861 3592 2262 3672 appellabant,
2298 3609 2329 3650 a
2373 3609 2543 3670 supe-

301 3698 523 3760 rioribus
567 3703 838 3762 seiuncta
887 3721 1021 3762 cum
1071 3704 1143 3762 iis
1183 3721 1332 3781 quae
1372 3710 1708 3779 sequuntur
1746 3701 2011 3760 eiusdem
2044 3700 2244 3772 qentis
2290 3698 2349 3756 C.
2379 3697 2544 3756 Lici-

300 3805 413 3863 nius
456 3810 772 3869 coniunxit.
864 3818 1027 3869 recte
1075 3808 1377 3869 Gesnerus
1433 3808 1503 3867 ad
1563 3805 1730 3867 illum
1788 3808 1887 3885 qui
1945 3806 2206 3865 sermoni
2261 3806 2545 3863 intererat

302 3910 446 3971 verba
488 3919 792 3977 revocavit.
880 3936 1013 3977 nam
1051 3919 1112 3977 in
1160 3916 1273 3976 hoc
1322 3933 1578 3996 quoque,
1626 3916 1781 3974 sicut
1827 3916 1886 3972 in
1935 3910 2250 3972 Tremellio
2299 3909 2540 3987 diligen-

302 4016 414 4077 tiam
456 4024 568 4101 agri
617 4023 854 4085 colendi
901 4024 1230 4103 praedicari
1278 4020 1605 4101 oportebat.
1669 4039 1860 4100 neque
1900 4019 2136 4080 obstare
2184 4017 2323 4077 huic
2361 4019 2541 4076 inter-

304 4129 575 4198 pretationi
652 4130 807 4210 quod
885 4130 955 4190 ad
1030 4131 1417 4209 praeteritum
1491 4136 1728 4207 tempus
1798 4145 1864 4186 ea
1931 4119 2057 4186 laus
2123 4124 2407 4205 refertur,
2472 4142 2542 4183 ex

305 4227 362 4287 iis
401 4252 531 4311 quae
578 4238 733 4297 infra
780 4236 854 4296 de
902 4237 1107 4297 eodem
1151 4235 1390 4297 Stolone
1440 4236 1659 4314 scripta
1700 4242 1856 4315 sunt,
1894 4236 1981 4293 ad
2023 4239 2081 4293 te
2126 4234 2283 4293 enim
2329 4233 2544 4292 rudem

307 4352 407 4397 esse
444 4347 577 4417 αρν-ε’
619 4348 904 4405 culturae
950 4363 1144 4420 nune,
1192 4347 1330 4406 olim
1378 4346 1464 4403 ad
1506 4343 1805 4403 Stolonem
1846 4340 2040 4416 fuisse
2093 4341 2329 4412 dicunt,
2376 4337 2543 4398 intel-

308 4438 498 4521 legitur.
540 4453 913 4529 provectiore
954 4454 1109 4511 enim
1150 4458 1338 4511 aetate
1379 4451 1640 4510 sermoni
1677 4448 2020 4508 interfuisse
2059 4446 2321 4523 fingitur.
2380 4463 2544 4524 prae-

309 4555 437 4612 terea
488 4575 655 4635 prava
715 4558 1030 4619 verborum
1091 4558 1468 4619 distinctione
1525 4564 1749 4615 remota
1807 4558 2042 4616 circum
2099 4554 2353 4614 arbores
2409 4570 2544 4612 cum
