3178 5185
580 398 619 461 6
1263 405 1644 460 ΟΟΜΜΕΝΤ.
1687 405 1761 459 IN
1797 404 2173 459 VARRONIS

579 564 805 641 quoad,
854 560 900 617 V
940 558 1023 622 15
1068 564 1273 635 quoad
1311 565 1370 621 in
1420 564 1622 635 aliquo
1670 564 1937 621 constitit
1973 564 2256 637 pretium,
2303 560 2380 620 IX
2424 560 2458 623 1
2510 565 2715 636 quoad
2752 581 2876 638 pa-

581 672 773 729 tiatur
801 672 1170 729 consuetudo
1203 676 1261 729 et
1292 670 1352 728 in
1383 676 1581 727 vetere
1613 667 1863 727 formula
1894 666 2053 729 vl18
2086 672 2291 743 quoad
2313 701 2385 711 -—
2413 687 2881 750 nuncupavere,

580 779 720 836 item
767 774 814 834 V
851 774 937 837 23
985 779 1191 851 quoad
1225 778 1570 836 inhumatus
1608 779 1701 849 sit,
1750 774 1849 834 ubi
1890 778 2055 850 quod
2087 777 2147 834 in
2188 775 2389 835 codice
2430 777 2719 855 scriptum
2763 785 2880 836 est.

581 887 794 959 quaad
848 882 1259 943 Lachmannus
1316 884 1377 942 in
1433 881 1671 942 Lucret.
1709 901 1764 960 p.
1805 880 1931 944 331
1995 883 2334 942 coniectura
2392 885 2628 943 restitui
2685 884 2885 944 voluit

595 989 780 1051 semel
817 989 917 1049 Vll
950 988 1006 1072 7,
1044 989 1147 1050 ubi
1185 993 1244 1049 in
1285 989 1486 1049 codice
1528 991 1745 1067 scripta
1785 998 1921 1049 sunt
1952 988 2116 1070 haec,
2154 994 2387 1050 caelum
2425 1009 2545 1064 qua
2576 994 2887 1052 attuimur

581 1101 804 1158 dictum
837 1102 1152 1173 templum;
1199 1097 1302 1156 sed
1342 1096 1424 1156 ibi
1462 1115 1669 1156 verum
1711 1114 1841 1156 esse
1880 1105 2025 1175 puto
2067 1096 2220 1175 quod
2262 1116 2333 1156 ex
2363 1096 2567 1157 Aldina
2602 1098 2881 1159 editione

582 1214 887 1282 receptum
936 1214 1027 1264 est
1081 1222 1202 1279 qua
1259 1208 1502 1264 tuimur.
1597 1213 1904 1283 praeterea
1962 1208 2172 1278 quaad
2224 1206 2281 1263 in
2340 1204 2604 1265 Mediceo
2662 1206 2881 1266 codice

580 1313 796 1391 legitur
844 1311 996 1390 apud
1046 1312 1313 1371 Tacitum
1373 1311 1559 1371 annal.
1611 1309 1685 1370 IV
1723 1307 1803 1371 61
1854 1314 2066 1386 quaad
2118 1315 2273 1372 vixit
2318 1321 2376 1371 et
2415 1308 2605 1373 V151
2660 1317 2887 1387 quaad

572 1422 853 1496 privatus
886 1418 1025 1494 fuit.
1100 1420 1554 1499 inscriptionum
1605 1417 1869 1496 exempla
1906 1420 1965 1477 in
2015 1417 2201 1478 lexico
2239 1418 2553 1478 Forcellini
2593 1420 2883 1481 adnotata

580 1537 736 1588 sunt.
804 1526 874 1586 de
904 1524 1183 1586 Varronis
1217 1544 1328 1585 usu
1361 1535 1633 1586 accurate
1666 1526 1985 1604 disputavit
2014 1525 2290 1586 Reiterus
2333 1534 2556 1604 quaest.
2622 1526 2882 1590 Varron.

581 1653 820 1713 gramm.
863 1652 910 1695 a.
953 1629 1124 1695 1882
1162 1653 1216 1712 p.
1255 1630 1339 1693 49
1381 1651 1508 1712 sqq.

760 1739 800 1802 3
865 1740 1158 1801 Publice
1227 1739 1537 1800 solemus
1616 1740 1852 1800 redire
1920 1758 2072 1800 cum
2141 1739 2632 1813 desideramus
2704 1743 2882 1820 quid

582 1849 981 1909 faciendum
1024 1847 1155 1924 sit]
1203 1850 1346 1907 Cum
1389 1851 1845 1908 consideramus
1883 1848 2207 1926 Madvigius
2243 1847 2602 1927 Verfassung
2639 1868 2702 1910 u.
2735 1849 2883 1909 Ver-

582 1948 838 2033 vvaltung
877 1955 929 2015 d.
968 1974 1150 2015 roem.
1197 1954 1424 2015 Staates
1464 1975 1516 2016 v.
1554 1954 1606 2014 ΙΙ
1651 1976 1707 2035 p.
1747 1952 1894 2016 647.
1962 1958 2205 2031 publice
2240 1960 2493 2016 solemus
2541 1960 2658 2031 ire,
2710 1962 2884 2018 scire

546 2145 548 2148 y
581 2081 718 2124 cum
757 2065 1188 2137 desideramus,
1229 2065 1378 2137 quid
1406 2061 1764 2137 faciendum
1801 2065 1881 2122 sit
1908 2064 2243 2122 coniecerat
2281 2063 2433 2122 idem
2475 2064 2705 2126 adverS.
2752 2085 2801 2124 v.
2833 2065 2886 2125 11

581 2190 637 2249 p.
680 2168 835 2252 179,
889 2188 1096 2248 parum
1145 2168 1493 2247 intellegens
1549 2170 1843 2229 sermonis
1889 2167 2252 2230 varroniani.
2331 2189 2461 2230 nam
2518 2175 2734 2233 redire
2792 2174 2886 2234 vel

583 2295 652 2337 eo
684 2277 839 2356 quod
872 2279 1142 2354 sequitur
1170 2283 1520 2336 revertatur
1548 2275 1785 2336 defendi
1814 2285 2062 2355 poterat.
2124 2277 2480 2338 infinitivum
2509 2286 2711 2339 autem
2744 2300 2883 2341 cum

583 2383 761 2445 verbo
802 2387 1216 2445 desideramus
1262 2383 1628 2462 iungendum
1666 2384 1802 2443 olim
1852 2384 2103 2444 Ursinus
2151 2384 2539 2467 desiderabat,
2586 2405 2728 2446 cum
2780 2407 2883 2450 no-

583 2497 737 2553 visse
773 2510 882 2570 pro
920 2494 1090 2552 nobis
1129 2491 1507 2552 scribendum
1540 2493 1857 2552 coniceret.
1934 2510 2127 2571 neque
2167 2501 2361 2552 tamen
2400 2496 2528 2572 ipse
2569 2512 2698 2553 eam
2743 2514 2884 2555 con-

581 2603 870 2660 iecturam
918 2599 1203 2679 probavit.
1288 2603 1704 2660 desideramus
1752 2602 1926 2682 enim,
1979 2603 2253 2679 quoniam
2308 2603 2424 2661 vim
2471 2601 2651 2662 habet
2699 2623 2883 2682 quae-

580 2707 767 2787 rendi,
818 2709 943 2766 sine
993 2707 1281 2767 infinitivo
1329 2706 1445 2766 dici
1492 2714 1738 2786 poterat.

756 2812 800 2875 4
854 2813 993 2894 Nec
1033 2822 1109 2874 ut
1147 2814 1480 2873 homerus
1520 2823 1587 2874 et
1627 2816 1883 2875 ennius
1923 2815 2194 2893 musas]
2236 2815 2411 2876 Ennii
2439 2818 2881 2877 invocationem

580 2922 880 2982 Musarum
939 2923 1136 3001 posuit
1192 2920 1374 2980 Varro
1423 2921 1495 2980 de
1543 2909 1683 3000 ling.
1729 2921 1824 2982 lat.
1864 2921 2088 2984 vl120
2144 2924 2362 2984 Musae
2416 2942 2575 2999 quae
2615 2928 2881 3001 pedibus

579 3047 860 3105 maynum
901 3033 1161 3106 pulsatis
1217 3030 1525 3107 Olympum
1573 3037 1633 3089 et
1682 3029 1922 3090 Servius
1969 3033 2028 3090 in
2072 3029 2242 3109 Verg.
2283 3031 2423 3092 Aen.
2462 3030 2541 3090 xl
2580 3029 2715 3093 660
2757 3034 2878 3093 En-

578 3142 716 3197 nius
763 3140 849 3197 ad
894 3137 1104 3197 Musas
1151 3133 1343 3211 ‘quae
1378 3138 1640 3213 pedibus
1680 3141 1936 3213 pulsatis
1988 3133 2347 3215 Olympum'.

759 3246 1195 3319 Aqricularum
1234 3245 1291 3302 in
1325 3243 1642 3323 archetypo
1683 3243 1794 3303 hoc
1834 3263 1950 3304 uno
1982 3245 2111 3305 loco
2142 3247 2431 3324 scriptum
2459 3248 2679 3327 inveni,
2709 3251 2878 3323 ayri-

584 3355 763 3412 culae
799 3350 844 3410 B
884 3359 942 3410 et
992 3369 1044 3409 m
1085 3349 1110 3409 1
1150 3347 1251 3430 18,
1294 3348 1348 3410 7.
1424 3359 1628 3410 contra
1667 3355 1934 3412 reicolae
1971 3370 2078 3431 pro
2117 3355 2392 3413 reiculae
2430 3355 2721 3432 'scriptum
2764 3355 2877 3414 suit

581 3457 633 3518 11
662 3453 721 3539 5,
756 3455 852 3517 17.
927 3466 1187 3517 veterem
1228 3459 1582 3536 scripturam
1626 3460 1890 3537 expressi
1928 3461 1988 3518 in
2027 3457 2138 3540 his,
2175 3459 2201 3519 1
2242 3458 2343 3541 17,
2372 3457 2412 3519 3
2445 3459 2873 3537 formidulosa,

579 3563 711 3645 112,
739 3560 819 3625 10
849 3567 1101 3625 ruscida
1132 3566 1513 3625 etconstanti
1544 3584 1656 3625 usu
1686 3568 1988 3625 rutundus
2024 3564 2048 3624 1
2079 3561 2182 3646 51,
2212 3564 2263 3627 1.
2310 3566 2361 3626 ΙΙ
2394 3565 2451 3646 7,
2471 3563 2529 3627 5.
2574 3566 2656 3627 111
2686 3564 2747 3650 5,
2773 3565 2871 3629 10.

582 3670 639 3751 7,
676 3670 735 3733 4.
788 3668 887 3752 16,
924 3667 993 3753 53
1035 3667 1144 3752 153
1195 3668 1304 3753 19,
1360 3673 1498 3731 item
1548 3672 1571 3731 Ι
1607 3669 1705 3746 14,
1735 3670 1777 3733 2
1826 3673 2096 3748 lonquris
2135 3683 2194 3733 et
2232 3672 2283 3734 11
2316 3671 2381 3754 7,
2414 3670 2496 3735 10
2542 3679 2870 3754 lonqorios,

581 3779 634 3839 ΙΙ
663 3777 722 3861 5,
744 3776 782 3841 8
823 3781 1253 3855 displudantur
1293 3787 1352 3838 et
1389 3778 1440 3838 ΙΙ
1470 3775 1594 3860 9,4
1632 3783 2072 3861 displodantur,
2110 3780 2136 3840 1
2165 3778 2266 3860 24,
2290 3780 2323 3842 1
2361 3799 2607 3858 poseam
2648 3792 2709 3844 et
2739 3781 2871 3844 160

571 3905 813 3964 puseas,
860 3884 939 3945 111
977 3883 1037 3967 3,
1065 3882 1106 3946 5
1153 3889 1499 3947 cluduntur.
1575 3922 1578 3926 ·

758 3990 799 4055 5
867 3993 999 4064 Qui
1057 3994 1287 4052 omnis
1345 3993 1626 4053 fructos
1682 3997 1831 4073 agri
1888 3994 2215 4055 culturae
2274 3997 2460 4056 caelo
2536 4007 2606 4057 et
2676 4009 2867 4060 terra

582 4099 993 4175 continent]
1034 4101 1189 4172 Quia
1228 4118 1429 4161 omnes
1466 4105 1709 4175 fructus
1747 4106 2175 4176 ayriculturae
2213 4107 2383 4164 caelo
2421 4111 2480 4164 et
2517 4111 2693 4165 terra
2733 4125 2867 4168 con-

581 4210 850 4269 tinentur
902 4206 1222 4284 Madvigius
1275 4206 1498 4267 adverS.
1548 4228 1598 4267 v.
1647 4207 1698 4268 11
1748 4228 1803 4287 p.
1846 4206 1989 4271 179.
2061 4210 2298 4285 fructos
2345 4214 2680 4272 accusativo
2730 4233 2865 4274 casu

582 4314 794 4392 legitur
842 4314 866 4374 1
904 4312 963 4392 2,
994 4309 1051 4375 5.
1092 4311 1195 4392 44,
1227 4311 1284 4394 3,
1332 4321 1575 4375 exortos
1625 4315 1647 4373 1
1689 4313 1788 4395 12,
1824 4315 1856 4376 1
1908 4325 1967 4376 et
2013 4317 2064 4377 11
2104 4315 2163 4398 3,
2194 4315 2250 4392 7,
2299 4321 2561 4381 invectos
2604 4319 2630 4379 Ι
2676 4318 2772 4403 16,
2802 4320 2868 4402 2;

579 4423 719 4479 item
770 4420 1017 4481 ablativo
1067 4439 1204 4482 casu
1254 4439 1483 4497 querco
1534 4420 1557 4479 Ι
1599 4419 1655 4503 8,
1693 4420 1761 4504 4,
1817 4427 2044 4485 latr-ato
2090 4422 2239 4506 119,
2269 4421 2336 4505 5,
2392 4445 2472 4486 ex
2523 4446 2645 4489 uno
2697 4428 2866 4504 facto

578 4531 696 4588 olei
738 4526 763 4586 Ι
806 4524 909 4607 24,
946 4524 1005 4586 3.
