3178 5185
584 398 709 460 136
1564 396 1939 452 VARRONIS

529 564 723 625 baltis
782 572 1003 625 contra.
1095 573 1341 644 propter
1397 565 1540 625 haec
1600 567 1711 625 tria
1762 566 1989 643 fastigia
2039 566 2258 625 formae
2306 565 2650 626 discrimina
2699 586 2870 646 quae-

581 671 715 732 dam
789 672 940 732 fiunt
1007 675 1328 752 sationum,
1395 672 1551 751 quod
1618 680 1852 750 segetes
1917 672 2193 732 meliores
2259 674 2676 733 existimantur
2742 693 2871 735 esse

581 786 970 860 campestres,
1020 782 1221 839 vineae
1270 779 1545 860 collinae,
1603 780 1780 840 silvae
1828 786 2169 841 montanae:
2224 779 2574 861 plerumque
2623 781 2871 841 hiberna

580 887 654 945 iis
720 904 850 946 esse
925 887 1195 967 meliora,
1261 888 1363 964 qui
1431 885 1636 946 colunt
1699 889 2079 966 campestria,
2146 887 2303 965 quod
2363 895 2506 948 tunc
2565 896 2733 966 prata
2789 888 2873 948 ibi

579 992 858 1073 herbosa,
923 995 1151 1071 putatio
1218 992 1498 1053 arborum
1565 992 1945 1054 tolerabilior.
2036 1001 2241 1053 contra
2298 996 2517 1054 aestiva
2571 996 2869 1054 montanis
2923 1010 2949 1047 5

579 1099 726 1159 locis
785 1100 1209 1180 commodiora,
1269 1100 1425 1178 quod
1483 1100 1568 1160 ibi
1625 1109 1752 1160 tum
1809 1109 1867 1160 et
1922 1100 2204 1179 pabulum
2259 1101 2537 1182 multum,
2594 1100 2778 1180 quod¹
2812 1102 2871 1160 in

578 1210 802 1286 campis
858 1213 1003 1287 aret,
1061 1226 1127 1267 ac
1176 1206 1406 1267 cultura
1456 1207 1734 1267 arborum
1784 1210 1994 1288 aptior,
2051 1208 2208 1287 quod
2265 1216 2391 1268 tum
2447 1208 2544 1268 hic
2600 1208 2874 1287 frigidior

526 1318 702 1375 fiacr.
795 1323 1126 1392 campester
1180 1313 1346 1374 locus
1402 1316 1453 1374 is
1500 1315 1736 1394 melior,
1796 1317 1896 1394 qui
1944 1322 2105 1375 totus
2153 1315 2538 1395 aequabiliter
2586 1317 2647 1375 in
2695 1334 2872 1375 unam

576 1428 807 1498 partem
855 1427 1076 1500 verget,
1104 1440 1300 1499 ·quam
1347 1423 1398 1481 is
1447 1423 1550 1500 qui
1597 1430 1691 1482 est
1727 1421 1796 1481 ad
1837 1421 2094 1482 libellam
2134 1440 2372 1501 aequoS,
2420 1421 2576 1500 quod
2617 1424 2687 1501 is,
2734 1440 2871 1482 cum

578 1545 763 1606 aquae
822 1545 942 1587 non
998 1526 1178 1587 habet
1224 1527 1557 1608 delapsum,
1614 1529 1743 1588 fieri
1791 1528 1942 1589 solet
1989 1528 2346 1606 uliginosus:
2405 1546 2474 1588 eo
2522 1529 2734 1607 magiS,
2796 1529 2870 1587 si·
2902 1542 2952 1581 ιο
3003 1568 3012 1577 -

577 1635 711 1712 quis
751 1642 843 1694 est
879 1635 1288 1716 inaequabiliS,
1328 1654 1396 1695 eo
1436 1635 1715 1716 deterior,
1756 1636 1914 1714 quod
1953 1636 2017 1696 fit
2046 1643 2294 1713 propter
2322 1635 2562 1695 lacunas
2592 1652 2870 1713 aquosus,

577 1740 723 1800 haec
781 1748 958 1821 atque
1013 1742 1264 1802 huiusce
1325 1741 1482 1802 modi
1529 1744 1643 1802 tria
1692 1743 1923 1821 fastigia
1970 1744 2096 1820 agri
2143 1741 2215 1802 ad
2263 1742 2577 1802 colendum
2624 1741 2872 1820 dispari-

576 1846 714 1907 liter
760 1846 979 1909 babent
1024 1856 1407 1910 momentum.

454 1953 554 2014 VII
758 1954 940 2033 Stolo,
989 1955 1159 2025 Quod
1209 1956 1280 2016 ad
1326 1956 1480 2016 hanc
1528 1956 1778 2017 formam
1824 1957 2153 2018 naturalem
2190 1959 2468 2037 pertinet,
2515 1955 2587 2015 de
2635 1973 2703 2014 eo
2753 1975 2873 2016 non

577 2062 947 2122 incommode
996 2062 1138 2123 Cato
1187 2062 1421 2123 videtur
1459 2063 1678 2143 dicere,
1726 2082 1860 2124 cum
1900 2064 2110 2124 scribit
2147 2066 2435 2143 optimum
2472 2081 2680 2141 agrum
2719 2081 2871 2143 esse,
2900 2076 2951 2115 15

576 2169 680 2247 qui
736 2168 848 2229 sub
906 2169 1105 2230 radice
1162 2171 1380 2230 montis
1438 2171 1587 2230 situs
1646 2172 1724 2231 sit
1780 2179 1839 2230 et
1895 2178 2125 2249 spectet
2171 2172 2241 2231 ad
2290 2170 2675 2231 meridianam
2725 2169 2874 2229 caeli

523 2280 558 2335 2
583 2282 831 2353 partem.
926 2275 1157 2337 Subicit
1197 2276 1420 2358 Scrofa,
1467 2276 1549 2336 De
1599 2277 1820 2338 formae
1860 2277 2091 2338 cultura
2129 2278 2241 2338 hoc
2284 2278 2435 2360 dico,
2482 2295 2633 2356 quae
2673 2278 2872 2355 specie

575 2380 719 2440 fiant
782 2383 1148 2463 venustiora,
1214 2385 1387 2463 sequi
1451 2393 1517 2443 ut
1581 2385 1806 2444 maiore
1872 2403 2107 2464 quoque
2175 2385 2375 2445 fructu
2433 2385 2579 2464 sint,
2644 2389 2710 2443 ut
2767 2385 2871 2462 qui

572 2486 794 2548 habent
832 2487 1090 2570 arbusta,
1139 2492 1191 2550 si
1229 2500 1352 2551 sata
1390 2498 1530 2550 sunt
1569 2492 1631 2550 in
1673 2493 2088 2574 quincuncem,
2125 2500 2373 2571 propter
2412 2490 2652 2550 ordines
2691 2500 2870 2568 atque

573 2595 879 2655 intervalla
934 2597 1179 2658 modica.
1272 2601 1471 2677 itaque
1529 2600 1785 2660 maiores
1841 2603 2034 2660 nostri
2091 2619 2163 2660 ex
2222 2619 2360 2660 arvo
2418 2617 2604 2677 aeque
2652 2616 2866 2673 magno
2896 2611 2951 2649 20

574 2701 723 2761 male
771 2704 1001 2763 consito
1050 2712 1108 2764 et
1157 2707 1354 2765 minus
1401 2705 1654 2767 multum
1703 2713 1763 2767 et
1808 2709 2005 2767 minus
2053 2705 2276 2767 bonum
2324 2704 2617 2768 faciebant
2664 2705 2866 2764 vinum

718 2914 783 2964 15
823 2909 963 2966 cato
1000 2910 1223 2969 videtur
1258 2871 1442 2968 dicere
1482 2913 1601 2968 eat.
1640 2914 1706 2969 de
1743 2914 1868 2983 aym·
1903 2906 2047 2970 ωτι·
2073 2918 2132 2981 1,
2170 2918 2206 2969 3

714 3112 745 3161 3
814 3107 996 3163 coline
1052 3107 1109 3161 A
1172 3124 1308 3164 corr.
1375 3108 1579 3165 colline
1624 3099 1708 3163 A2
1885 3111 2197 3180 plerunque
2254 3109 2368 3165 VB
2546 3108 2867 3164 hibernales

573 3211 692 3250 esse
731 3196 846 3252 ΡΒ
899 3198 1134 3253 hiberna.
1187 3197 1276 3252 his
1325 3214 1445 3253 esse
1491 3198 1570 3267 A,
1628 3200 1722 3253 sed
1774 3197 1863 3254 his
1915 3201 1979 3253 in
2022 3216 2228 3254 rasura
2267 3198 2347 3252 A²
2391 3198 2708 3253 hibernales
2754 3197 2865 3252 hiis

571 3301 688 3339 esse
751 3303 806 3340 m
869 3285 1105 3342 hiberna.
1172 3303 1293 3342 esse
1365 3287 1444 3342 ibi
1507 3305 1540 3342 v
1581 3330 1593 3342 .
1631 3289 1861 3354 fortasse
1924 3287 2159 3343 hiberna
2198 3316 2210 3329 ·
2249 3289 2292 3341 L
2334 3316 2346 3329 ·
2387 3287 2467 3341 eis
2534 3304 2652 3342 esse
2833 3294 2867 3343 4

568 3374 734 3442 patra.
780 3374 858 3428 ibi
914 3374 1210 3443 herbosam
1256 3374 1311 3428 A
1453 3380 1486 3429 ὅ
1543 3376 1823 3430 montanis
1875 3376 2012 3431 locis
2056 3393 2111 3430 m
2157 3378 2350 3430 monta.
2382 3378 2390 3445 Ι
2421 3376 2580 3431 nanis
2624 3377 2763 3432 locis
2809 3377 2864 3431 A

568 3463 944 3529 montanaque
991 3462 1059 3517 iis
1106 3463 1245 3517 locis
1288 3464 1342 3516 P
1376 3465 1643 3520 montana
1678 3464 1747 3518 iis
1783 3463 1922 3519 locis
1958 3465 2014 3517 Β
2052 3466 2320 3518 montana.
2356 3464 2444 3518 his
2481 3463 2618 3519 locis
2657 3481 2687 3519 v
2835 3471 2864 3520 ’1

570 3585 637 3623 ac
676 3567 894 3624 cultura
934 3569 1044 3625 Vm
1082 3547 1339 3626 a‘fcultura
1367 3572 1508 3639 AB,
1545 3573 1639 3627 sed
1667 3589 1696 3626 c
1732 3573 2024 3627 recentiore
2059 3588 2229 3625 manu
2264 3572 2692 3642 superscriptum
2720 3572 2785 3626 in
2810 3573 2864 3625 A

570 3658 630 3712 et
658 3657 877 3713 cultura
903 3659 1194 3716 Iracundus
1337 3667 1369 3715 8
1409 3660 1715 3727 quabiliter
1742 3661 1799 3715 A
1825 3677 1962 3716 corr.
1996 3659 2328 3729 equabiliter
2359 3659 2439 3713 A2
2583 3666 2615 3714 9
2654 3676 2864 3728 aequos

572 3783 691 3839 PB
728 3761 902 3853 equos
931 3786 988 3841 A
1014 3804 1226 3856 aequus
1252 3805 1285 3841 v
1398 3793 1461 3840 11
1503 3787 1655 3855 quod
1692 3787 1754 3841 fit
1783 3817 1848 3825 -
1884 3791 1947 3839 12
1988 3785 2097 3840 tria
2124 3787 2187 3840 in
2212 3786 2460 3855 marqine
2484 3785 2694 3854 scripta
2720 3785 2784 3839 in
2810 3784 2865 3838 A

715 3880 780 3928 12
838 3875 1008 3944 atque
1064 3877 1227 3930 ABv
1283 3877 1463 3944 adque
1517 3877 1574 3929 P
1727 3874 2113 3931 huiuscemodi
2166 3876 2283 3930 PB
2349 3874 2623 3930 Victorius
2674 3872 2863 3929 huius-

567 3965 721 4019 modi
756 3964 852 4019 Av
996 3964 1337 4034 dispariliter
1374 3966 1471 4019 Bv
1507 3962 1848 4033 disperiliter
1884 3964 1998 4018 PA
2146 3969 2210 4017 13
2246 3964 2477 4031 fortasse
2511 3964 2796 4018 momenta.

712 4060 780 4107 14
826 4053 900 4109 ad
937 4055 1002 4109 in
1045 4056 1293 4125 maryine
1337 4055 1603 4123 scriptum
1646 4054 1710 4107 in
1756 4053 1812 4107 Β
1960 4059 2024 4107 16
2073 4051 2169 4121 qui
2210 4067 2309 4108 om.
2348 4053 2429 4119 A,
2476 4052 2602 4107 add.
2641 4050 2724 4105 Αἵ

572 4184 636 4233 17
676 4178 906 4234 subiicit
952 4179 1004 4233 V
1143 4185 1212 4234 18
1249 4178 1463 4234 maiora
1505 4194 1644 4234 corr.
1685 4208 1751 4218 —
1790 4194 1851 4231 re
1878 4178 1935 4232 A
2081 4184 2146 4232 19
2186 4180 2312 4233 sata.
2345 4177 2400 4232 V
2437 4151 2552 4249 sita.
2586 4178 2642 4232 Β
2689 4194 2731 4231 s.
2769 4179 2866 4231 ata.

570 4284 686 4321 una
731 4269 914 4323 littera
942 4273 1070 4337 post
1107 4287 1132 4322 s
1169 4269 1342 4323 deleta
1377 4268 1434 4322 A
1579 4266 1950 4335 quincuncem
1979 4268 2103 4322 AB
2140 4268 2468 4336 quicuncem
2505 4266 2557 4320 V
2694 4268 2864 4334 atque

568 4355 873 4411 interualla
907 4374 939 4410 v
976 4362 1027 4411 et
1061 4359 1427 4425 superscripto
1462 4356 1611 4410 inter
1647 4357 1703 4410 Β
1739 4357 1923 4425 adque
1960 4355 2260 4411 interualla
2292 4357 2408 4411 PA
2553 4362 2621 4410 20
2659 4371 2864 4425 magno

568 4444 714 4499 male
754 4443 809 4498 V
837 4461 1071 4514 magnos
1109 4445 1256 4499 male
1282 4446 1405 4500 AB
1442 4448 1728 4517 magnos7
1767 4447 1824 4515 (h
1854 4475 1867 4487 ·
1896 4462 1923 4499 e
1951 4475 1962 4487 ·
1994 4462 2198 4516 magno
2237 4446 2343 4513 set)
2373 4444 2521 4501 male
2549 4443 2632 4498 Αἵ
2659 4462 2863 4516 magno

568 4535 665 4588 sed
702 4532 852 4589 male
890 4550 942 4588 m
981 4534 1274 4589 Iucwndus
