3178 5185
545 430 587 493 2
597 431 626 493 1
638 431 676 494 8
1533 431 1910 487 VARRONIS

545 598 631 657 sic
680 595 856 657 calles
904 596 1177 675 publicae
1225 597 1513 659 distantes
1560 600 1882 676 pastiones,
1972 600 2211 680 Eaeque
2250 602 2334 662 ibi
2372 602 2475 662 ubi
2515 609 2888 682 pascuntur

544 706 606 764 in
654 703 858 763 eadem
906 706 1164 784 regione,
1213 713 1411 765 tamen
1448 706 1818 785 temporibus
1859 707 2192 787 distingunt
2230 708 2350 788 [ut]
2393 718 2640 791 aestate,
2698 708 2882 789 quod

545 829 680 871 cum
721 812 910 890 prima
948 810 1081 871 luce
1122 819 1342 872 exeunt
1379 821 1642 894 pastum,·
1672 822 1987 892 propterea
2027 816 2183 895 quod
2215 824 2358 877 tunc
2387 817 2571 877 herba
2603 815 2882 878 ruscida

542 916 951 997 meridianam,
1008 937 1157 996 quae
1216 926 1306 978 est
1363 919 1609 1001 aridior,
1667 922 2036 983 iucunditate
2093 930 2369 1001 praestat.
2464 924 2586 983 sole
2641 930 2881 984 exorto

538 1034 745 1103 potum
802 1024 1169 1106 propellunt,
1228 1033 1293 1085 ut
1339 1026 1815 1104 redintegrantes
1863 1047 2073 1089 rursus
2121 1030 2192 1090 ad
2238 1038 2474 1108 pastum
2524 1030 2879 1091 alacriores
2941 1040 2968 1079 5

449 1135 526 1192 11
555 1132 787 1191 faciant.
881 1133 1123 1191 circiter
1178 1132 1539 1214 meridianos
1596 1142 1820 1214 aestuS,
1876 1136 2018 1196 dum
2068 1136 2501 1217 defervescant,
2558 1138 2677 1198 sub
2732 1156 2881 1198 um·-

538 1238 794 1298 briferas
861 1256 1044 1317 rupes
1106 1247 1165 1299 et
1221 1240 1466 1300 arbores
1522 1241 1752 1319 patulas
1810 1242 2121 1323 subigunt,
2189 1245 2375 1323 quaad
2436 1245 2878 1324 refrigeratur.

538 1363 674 1406 aere
741 1348 1080 1423 vespertino
1146 1365 1358 1407 rursus
1424 1354 1679 1424 pascunt
1736 1347 1806 1406 ad
1865 1346 2006 1408 solis
2064 1359 2357 1410 occasum.
2457 1351 2538 1409 ita
2593 1370 2872 1429 pascere

538 1469 724 1531 pecus
789 1458 1045 1531 oportet,
1118 1461 1183 1512 ut
1247 1470 1452 1512 averso
1521 1452 1643 1511 sole
1711 1460 1869 1531 agat:
1936 1463 2116 1532 caput
2181 1454 2337 1514 enim
2406 1458 2659 1517 maxime
2721 1460 2869 1517 ovis

537 1556 711 1618 molle
770 1565 878 1617 est.
972 1558 1043 1618 ab
1101 1577 1314 1619 occasu
1372 1576 1552 1636 parvo
1611 1559 1919 1619 intervallo
1976 1562 2328 1639 interposito
2385 1562 2458 1622 ad
2515 1562 2864 1625 bibendum
2899 1576 2956 1615 1⁰

537 1663 842 1743 adpellunt
898 1673 958 1725 et
1013 1684 1225 1726 rursus
1283 1674 1560 1747 pascunt,
1628 1667 1818 1744 quaad
1876 1667 2348 1728 contenebravit:
2404 1670 2620 1730 iterum
2684 1673 2861 1731 enim

539 1779 668 1832 tum
714 1771 1058 1832 iucunditas
1096 1774 1159 1832 in
1197 1772 1381 1833 herba
1420 1773 1865 1853 redintegrabit.
1958 1774 2104 1834 haec
2141 1794 2171 1834 a
2210 1776 2587 1854 vergiliarum
2627 1786 2860 1839 exortu

446 1883 522 1938 12
546 1879 616 1939 ad
673 1880 1115 1957 aequinoctium
1172 1880 1509 1941 autumnale
1565 1883 1816 1941 maxime
1873 1865 2206 1942 observant.
2300 1882 2517 1961 quibus
2571 1885 2631 1943 in
2693 1883 2855 1945 locis

535 2005 761 2047 messes
791 1994 932 2047 sunt
960 1964 1165 2066 factae,
1194 1989 1421 2065 inigere
1452 1995 1542 2048 est
1573 1986 1716 2047 utile
1748 1986 1971 2067 duplici
2000 1987 2072 2047 de
2104 2007 2296 2068 causa,
2337 1990 2493 2067 quod
2525 1998 2584 2050 et
2614 1992 2850 2053 caduca

536 2095 697 2172 spica
747 2100 1090 2154 saturantur
1138 2101 1197 2153 et
1243 2093 1480 2154 obtritis
1528 2096 1869 2154 stramentis
1918 2103 1977 2154 et
2024 2098 2451 2166 stercoratione
2501 2096 2729 2158 faciunt
2778 2101 2847 2159 in
2882 2109 2937 2150 15

535 2220 755 2262 annum
823 2209 1055 2280 segetes
1122 2200 1414 2261 meliores.
1518 2201 1781 2279 reliquae
1846 2204 2147 2281 pastiones
2211 2202 2463 2263 hiberno
2529 2223 2594 2264 ac
2653 2224 2845 2265 verno

534 2315 802 2387 tempore
879 2307 993 2367 hoc
1063 2314 1320 2386 mutant,
1399 2306 1555 2385 quod
1623 2310 1835 2385 pruina
1901 2310 2018 2369 iam
2082 2308 2305 2369 exalata
2369 2310 2711 2388 propellunt
2776 2314 2843 2372 in

534 2414 818 2493 pabulum
883 2422 942 2475 et
1006 2422 1259 2492 pascunt
1323 2413 1480 2473 diem
1546 2421 1736 2474 totum
1804 2433 1870 2475 ae
1943 2415 2266 2477 meridiano
2323 2423 2590 2495 tempore
2651 2417 2840 2478 semel

538 2539 713 2600 agere
761 2529 968 2601 potum
1015 2523 1160 2580 satis
1207 2519 1443 2580 habent.

440 2633 518 2690 13
719 2627 887 2698 Quod
936 2627 1006 2688 ad
1055 2629 1353 2707 pastiones
1401 2630 1628 2701 attinet,
1672 2629 1819 2689 haec
1867 2629 1991 2690 fere
2040 2639 2203 2711 sunt3
2252 2631 2407 2709 quod
2447 2632 2520 2692 ad
2560 2633 2832 2714 feturam,
2863 2643 2922 2683 8⁰

715 2787 743 2835 1
802 2796 1006 2849 easque
1063 2780 1332 2848 Gesneras
1370 2820 1383 2835 .
1421 2784 1653 2849 fortasse
1712 2799 1810 2837 eae
1858 2799 2077 2851 quoque
2124 2783 2221 2838 ubi
2264 2784 2573 2852 pascuntur
2747 2785 2830 2839 ibi

534 2885 633 2924 om.
672 2886 725 2924 m
867 2877 900 2924 2
947 2868 1262 2939 distingunt
1299 2872 1477 2925 PAB
1515 2872 1879 2941 distinguunt
1914 2890 1947 2927 v
2092 2879 2123 2926 3
2173 2873 2325 2944 cum]
2366 2890 2489 2928 com
2529 2875 2584 2927 A
2726 2874 2785 2927 lu
2818 2875 2826 2946 Ι

452 3004 455 3011 ,,
534 2961 739 3013 exeunt
765 2960 823 3014 A
860 2976 995 3014 corr.
1035 2960 1159 3013 luce
1198 2962 1402 3014 exeunt
1436 2960 1519 3014 A2
1662 2960 1884 3015 ruscida
1916 2961 2099 3015 ΡΑΒ
2132 2962 2322 3017 rosida
2357 2979 2449 3016 mv
2594 2969 2629 3016 4
2665 2962 2826 3017 meri·

532 3048 757 3103 dianam
795 3048 914 3102 AB
958 3047 1269 3103 meridiana
1317 3049 1378 3103 V.
1457 3049 1850 3103 ‘Meridianam
1897 3066 2041 3119 quae
2089 3053 2176 3105 est
2221 3050 2432 3106 aridior
2478 3051 2824 3106 iucunditate

528 3138 794 3206 praestat.
871 3138 952 3191 In
988 3139 1199 3215 excusis
1237 3143 1401 3193 antea
1436 3138 1783 3193 Meridianae
1820 3181 1831 3193 .
1867 3140 2162 3195 Praestare
2198 3146 2380 3195 tamen
2416 3141 2663 3210 aliquam
2699 3158 2824 3209 rem,

531 3227 592 3280 id
627 3231 732 3292 est,
768 3227 1015 3294 uincere,
1063 3244 1129 3280 ac
1164 3244 1451 3297 superare,
1500 3233 1700 3282 ueteres
1736 3229 2015 3284 dixerunt.
2092 3230 2272 3283 Initio
2308 3230 2470 3283 etiam
2507 3232 2657 3285 tertii
2693 3231 2823 3285 libri

530 3314 610 3369 sic
665 3315 813 3369 locus
864 3317 958 3370 ille
1011 3318 1075 3370 in
1118 3317 1365 3384 antiquis
1409 3317 1634 3385 ἱεράων,
1691 3318 1734 3369 I
1730 3318 1938 3371 mmani
1984 3333 2206 3372 numero
2261 3334 2536 3372 annornm
2581 3321 2821 3374 urbanos

531 3404 805 3473 ayrieolae
852 3405 1164 3472 praestant’
1234 3403 1506 3460 Victorius
1651 3403 2000 3460 iucunditate
2064 3405 2176 3459 VA
2231 3404 2579 3461 iocunditate
2626 3407 2682 3461 B

529 3495 786 3560 prestant
813 3493 868 3546 B
977 3493 1094 3549 sole
1124 3510 1222 3549 om.
1254 3494 1309 3547 A
1419 3499 1450 3547 5
1481 3495 1678 3562 potum
1707 3494 2012 3548 Pontedera
2034 3512 2089 3563 p.
2118 3499 2233 3550 423
2261 3497 2398 3564 puto
2420 3497 2600 3551 ΡΑΒ
2626 3513 2765 3566 puro
2789 3514 2822 3551 v

673 3580 974 3637 alacriores
1002 3583 1163 3637 Bmv
1203 3583 1508 3654 alagriores
1538 3585 1596 3639 P
1627 3584 1933 3653 alagriores
1972 3601 2106 3639 corr.
2149 3584 2445 3639 alacriores
2474 3585 2530 3640 A
2601 3632 2611 3646 ,
2674 3593 2705 3640 6
2742 3586 2821 3640 fa-

531 3670 687 3725 ciunt
713 3671 769 3725 A
881 3677 910 3725 7
940 3672 1165 3740 patulas
1192 3672 1352 3727 Bmv
1380 3674 1611 3743 putulas
1631 3673 1745 3727 PA
1852 3671 2132 3728 subiciunt
2149 3672 2328 3729 ΡΑΒ
2356 3673 2657 3729 subiiciunt
2683 3691 2714 3727 v

529 3760 711 3828 quaad
757 3760 1090 3830 refrigerata
1130 3748 1263 3816 PB=
1282 3761 1467 3828 quoad
1507 3764 1620 3831 (sed
1658 3779 1689 3816 o
1728 3762 1791 3815 in
1828 3778 2028 3816 rasura
2063 3762 2166 3831 A2)
2204 3761 2538 3830 refriget-atu
2575 3778 2713 3817 corr.
2754 3794 2815 3802 —

527 3852 587 3905 to
625 3848 681 3904 A
728 3850 878 3917 quod
916 3851 989 3903 ad
1025 3848 1357 3919 refrigerata
1393 3868 1446 3904 m
1483 3850 1668 3919 quoad
1706 3850 2035 3920 refrigerato
2072 3868 2106 3906 v
2285 3855 2316 3904 8
2361 3853 2600 3919 pascunt
2639 3852 2818 3905 ΡΑΒ

527 3940 813 4008 pascantv
887 3946 917 3992 9
949 3956 1143 3995 auerso
1164 3940 1277 3993 PB
1298 3941 1532 4009 aduerso
1554 3942 1607 3995 A
1630 3941 1867 3995 aduersa
1884 3958 1937 3995 m
1956 3941 2192 3995 aduerso
2213 3957 2243 3994 v
2320 3946 2386 3994 10
2415 3941 2584 3994 molle
2618 3940 2820 3995 VBA*

529 4045 719 4100 mollis
748 4045 803 4098 A
832 4045 991 4100 molli
1018 4064 1072 4100 m
1184 4053 1247 4100 11
1288 4048 1582 4116 adpellunt
1610 4049 1664 4100 A
1693 4046 1985 4117 appellunt
2023 4047 2134 4101 VB
2242 4047 2427 4115 quaad
2447 4047 2565 4101 PB
2592 4014 2750 4118 quaa‘.1
2762 4048 2817 4102 A

528 4134 715 4202 quoad
743 4133 929 4190 A²mv
1032 4141 1096 4189 12
1126 4135 1486 4204 uergiliarum
1530 4138 1642 4192 VB
1670 4135 2021 4204 uirgiliarum
2039 4136 2158 4191 Am
2260 4144 2325 4191 13
2355 4138 2682 4192 anssumnale
2700 4138 2816 4192 AB

527 4225 863 4278 auctfinnale
896 4225 952 4277 P
984 4225 1319 4280 auotunnale
1346 4242 1379 4279 v
1490 4232 1557 4280 14
1594 4242 1775 4279 messe
1803 4226 1858 4278 A
1964 4225 2198 4281 interest
2227 4226 2363 4281 utile
2399 4226 2577 4282 VAB
2602 4227 2814 4298 inigere

526 4311 665 4366 utile
712 4312 945 4368 Ursinus
1090 4320 1156 4367 16
1194 4329 1361 4367 anum
1399 4314 1456 4369 A
1599 4313 1831 4369 hiberno
1864 4315 1919 4367 B
1955 4315 2149 4371 iberno
2178 4315 2234 4371 A
2272 4315 2519 4384 hyberno
2558 4316 2611 4370 V
2750 4323 2814 4371 17

527 4399 750 4456 exalata.
785 4403 967 4456 ABm
1002 4400 1266 4456 exhalata
1309 4400 1362 4454 V

670 4495 738 4542 20
794 4489 1114 4558 apastiones
1169 4490 1223 4543 A
1281 4506 1418 4545 corr.
1476 4491 1547 4545 ad
1594 4492 1880 4560 pastiones
1927 4490 2009 4547 A²
2152 4492 2223 4547 ad
2259 4493 2535 4548 foeturam
2590 4500 2816 4566 atroque

527 4579 639 4635 loeo
689 4578 741 4632 V
772 4579 1046 4633 afeturam
1073 4581 1263 4650 priore
1299 4581 1412 4636 loeo
1449 4583 1502 4636 A

344 4890 591 5073 χ
