3178 5185
794 416 1054 472 RERVM
1091 416 1565 472 RVSTICARVM
1605 416 1738 472 LIB.
1777 416 1803 468 I
1849 415 2090 474 15—16
2456 416 2578 479 151

269 583 345 643 ibi
392 592 749 644 nascuntur
796 583 899 645 ubi
944 585 1228 665 vendant,
1275 592 1337 645 et
1382 583 1544 645 illinc
1593 586 1858 645 invectos
1905 591 2275 664 opportunos
2323 602 2473 663 quae
2519 586 2582 644 iu

267 690 449 751 fundo
507 710 672 771 opus
730 699 898 771 sunt,
954 699 1202 770 propter
1256 709 1325 751 ea
1379 692 1704 752 fructuosa.
1796 692 1968 752 multi
2024 693 2181 751 enim
2238 690 2459 751 habent
2518 693 2581 750 in

266 798 560 878 praediis,
622 796 845 877 quibus
903 798 1266 859 frumentum
1321 806 1424 858 aut
1479 800 1681 858 vinum
1747 798 1977 859 aliudve
2045 799 2185 878 quid
2249 798 2432 877 desit,
2488 800 2576 857 in-

266 904 666 985 portandum3
724 913 932 965 contra
986 925 1107 966 non
1162 908 1363 986 pauci,
1419 904 1639 985 quibus
1694 905 1933 985 aliquod
1989 908 2067 965 sit
2127 905 2577 984 exportandum.

217 1023 242 1063 ⁵
265 1014 467 1091 itaque
519 1012 639 1072 sub
688 1011 840 1073 urbe
886 1013 1082 1073 colere
1120 1014 1325 1074 hortos
1364 1013 1480 1073 late
1518 1013 1774 1093 expedit,
1823 1015 1907 1074 sic
1947 1013 2184 1074 violaria
2223 1030 2290 1073 ac
2329 1013 2569 1092 rosaria,
2593 1016 2629 1071 3

267 1121 406 1181 item
464 1120 660 1180 multa
711 1139 860 1199 quae
909 1139 1054 1199 urps
1102 1122 1344 1201 recipit,
1400 1139 1536 1181 cum
1583 1119 1789 1179 eadem
1836 1122 1898 1179 in
1946 1119 2267 1198 longinquo
2315 1118 2578 1199 praedio,

270 1225 369 1286 ubi
444 1244 576 1286 non
654 1229 734 1286 sit
806 1245 923 1305 quo
988 1227 1212 1287 deferri
1276 1228 1466 1305 possit
1530 1225 1761 1305 venale,
1839 1244 1956 1286 non
2024 1225 2298 1305 expediat
2365 1225 2577 1287 colere.

272 1332 555 1409 [tertium
614 1332 733 1411 est]
792 1336 934 1394 item
991 1337 1045 1394 si
1100 1352 1168 1393 ea
1227 1333 1441 1412 oppida
1497 1340 1599 1394 aut
1655 1334 1904 1394 viciniae
1958 1341 2059 1394 aut
2106 1336 2281 1394 etiam
2329 1333 2579 1393 divitum

269 1443 505 1519 copiosi
563 1442 695 1520 agri
749 1459 817 1500 ac
876 1440 1076 1522 villae,
1130 1441 1286 1502 unde
1345 1459 1464 1501 non
1521 1459 1657 1502 care
1714 1459 1913 1501 emere
1969 1444 2162 1520 possis
2221 1460 2371 1520 quae
2429 1459 2579 1520 opus

198 1561 244 1599 1⁰
270 1556 411 1608 sunt
461 1550 529 1609 in
578 1548 850 1627 fundum,
899 1547 1116 1627 quibus
1163 1566 1313 1627 quae
1352 1550 1658 1627 supersint
1695 1550 1898 1608 venire
1936 1551 2184 1629 possint,
2229 1557 2297 1608 ut
2335 1549 2577 1627 quibus-

269 1653 401 1713 dam
452 1654 817 1733 pedamenta
862 1662 964 1715 aut
1011 1656 1271 1733 perticae
1320 1662 1423 1714 aut
1468 1655 1769 1736 harundo,
1819 1656 2180 1717 fructuosior
2227 1656 2293 1715 tit
2340 1656 2578 1737 funduS,
2608 1678 2626 1691 -

270 1779 452 1839 quam
511 1763 566 1820 si
621 1760 795 1839 longe
854 1763 975 1821 sint
1028 1761 1408 1842 inportanda,
1476 1780 1596 1822 non
1652 1781 1975 1842 numquam
2034 1765 2239 1843 etiam,
2295 1781 2469 1841 quam
2527 1764 2580 1823 si

271 1867 527 1927 colendo
593 1869 657 1926 in
721 1875 826 1927 tuo
882 1887 950 1928 ea
1005 1886 1215 1947 parare
1272 1869 1483 1947 possis.
1584 1871 1785 1948 itaque
1842 1871 1905 1929 in
1961 1870 2075 1929 hoc
2131 1887 2318 1948 genus
2375 1869 2630 1930 coloni4

273 1977 476 2052 potius
536 1977 975 2036 anniversarios
1034 1975 1255 2036 habent
1310 1978 1562 2057 vicium,
1631 1976 1850 2056 quibus
1912 1980 2233 2058 imperent,
2299 1978 2579 2059 medicoS‚

204 2093 251 2133 15
277 2083 567 2165 fulloneS,
614 2083 840 2164 fabros,
900 2102 1077 2162 quam
1126 2086 1186 2143 in
1235 2083 1369 2144 villa
1416 2102 1557 2144 suos
1603 2084 1887 2146 habeant:
1945 2103 2200 2163 quorum
2247 2103 2363 2145 non
2413 2104 2580 2145 num-

277 2209 456 2269 quam
523 2193 707 2253 unius
771 2192 1017 2251 artificis
1072 2208 1236 2250 mors
1290 2190 1445 2251 tollit
1501 2191 1671 2251 fundi
1727 2193 2005 2252 fructum.
2110 2209 2289 2269 quam
2346 2201 2578 2270 partem

276 2296 379 2357 lati
436 2297 611 2358 fundi
668 2297 880 2358 divites
935 2297 1294 2358 domesticae
1352 2299 1555 2377 copiae
1615 2299 1893 2359 mandare
1939 2297 2151 2358 solent.
2243 2301 2294 2357 si
2340 2300 2499 2358 enim
2547 2318 2578 2358 a

225 2450 228 2454 n
280 2405 463 2465 fundo
512 2405 751 2483 longius
796 2404 1014 2464 absunt
1051 2403 1267 2483 oppida
1305 2411 1407 2464 aut
1442 2406 1574 2486 vici,
1623 2405 1821 2466 fabros
1860 2413 2087 2486 parant,
2135 2423 2285 2484 quos
2324 2404 2581 2467 habeant

279 2513 339 2571 in
386 2511 550 2595 villa,
598 2513 686 2573 sic
734 2520 967 2573 ceteros
1014 2513 1383 2571 necessarios
1431 2512 1717 2595 artificeS,
1764 2531 1840 2572 ne
1887 2513 1960 2573 de
2007 2512 2194 2573 fundo
2241 2512 2459 2573 familia
2507 2512 2580 2573 ab

209 2629 460 2698 2⁰opere
518 2620 788 2680 discedat
841 2638 908 2680 ac
964 2621 1245 2700 profestis
1292 2620 1504 2681 diebus
1551 2620 1813 2682 ambulet
1861 2622 2070 2681 feriata
2118 2622 2317 2698 potius
2331 2669 2349 2702 ,
2405 2639 2579 2699 quam

285 2745 461 2805 opere
501 2728 773 2788 faciendo
812 2745 1017 2806 agrum
1056 2728 1517 2788 fructuosiorem
1553 2728 1781 2789 reddat.
1871 2730 2071 2806 itaque
2110 2727 2243 2788 ideo
2283 2728 2630 2790 Sasernae5

284 2833 433 2894 liber
479 2836 794 2914 praecipit,
839 2836 1052 2913 nequis
1098 2834 1172 2894 de
1212 2835 1396 2896 fundo
1442 2819 1624 2895 exeat
1651 2842 1888 2913 praeter
1925 2834 2164 2895 vilicum
2206 2843 2265 2894 et
2304 2852 2578 2912 promum
2687 2850 2695 2859 ·

291 2949 349 3000 et
399 2959 614 3021 unum,
671 2958 846 3019 quem
903 2940 1112 3002 vilicus
1168 2941 1349 3022 legat3
1416 2943 1606 3020 siquis
1662 2949 1869 3001 contra
1928 2943 2167 3021 exierit,
2224 2960 2299 3000 ne
2356 2943 2580 3020 inpune

292 3046 481 3129 abeat3
527 3049 582 3107 si
629 3045 871 3128 abierit,
928 3054 995 3107 ut
1040 3048 1103 3106 in
1152 3047 1390 3109 vilicum
1436 3049 1958 3109 animadvertatur.
2012 3048 2207 3127 'quod
2255 3050 2454 3126 potius
2500 3049 2580 3107 ita

431 3286 497 3335 13
534 3280 730 3349 itaque
768 3278 827 3334 in
864 3279 972 3336 hoc
1008 3298 1185 3351 genus
1220 3298 1443 3351 qeopon.
1480 3281 1563 3335 II
1596 3286 1668 3336 49

430 3509 459 3557 1
498 3502 658 3558 illinc
699 3503 993 3559 Iucunda-3
1027 3502 1148 3559 illic
1193 3504 1374 3560 VAB
1516 3510 1860 3575 opportunos
1901 3503 2012 3558 VA
2049 3505 2353 3572 oportunos
2383 3505 2438 3559 B

296 3599 325 3645 3
350 3591 746 3662 inportandum
773 3591 828 3645 A
855 3592 1267 3663 importandum
1299 3593 1413 3649 VB
1516 3600 1551 3647 4
1579 3593 1809 3663 aliquod
1831 3595 1886 3647 B
1925 3593 2201 3649 Victorius
2228 3594 2445 3662 aliquoi,
2464 3595 2580 3650 PA

298 3680 501 3750 aliquid
535 3698 569 3735 v
716 3686 748 3735 5
796 3680 876 3736 sic
917 3681 1155 3737 uiolaria
1194 3682 1305 3737 PA
1344 3682 1483 3737 sicui
1521 3681 1699 3738 olaria
1736 3684 1791 3737 B
1829 3680 1974 3737 sieut
2008 3682 2247 3738 uiolaria
2282 3700 2343 3751 v,
2389 3684 2489 3738 ubi
2530 3685 2585 3737 P

297 3772 354 3824 ut
385 3771 674 3826 delendum
694 3823 697 3826 Α
716 3771 1051 3840 siqnificavit
1096 3777 1145 3826 et
1191 3771 1250 3826 bi
1293 3774 1704 3841 superscripsit,
1750 3772 1843 3827 sed
1878 3778 2071 3841 postea
2115 3772 2174 3826 bi
2210 3773 2402 3828 delevit
2546 3780 2577 3827 6

297 3877 417 3929 urps
465 3859 581 3914 PA
628 3858 763 3913 urbs
799 3858 897 3914 Bv
1044 3867 1075 3916 7
1131 3860 1278 3929 quod
1327 3859 1532 3916 deferri
1567 3860 1623 3915 A
1769 3866 1801 3915 8
1848 3860 2082 3916 tercium
2130 3864 2217 3916 est
2252 3861 2336 3929 A,
2391 3863 2583 3917 delevit

296 3949 583 4003 Iucundus
729 3954 761 4002 9
809 3947 1022 4019 copiosi
1055 3966 1088 4004 v
1135 3947 1360 4022 copiose
1398 3949 1515 4004 PB
1561 3947 1788 4019 copiose
1825 3949 1880 4004 A
2026 3967 2208 4005 emere
2245 3949 2423 4020 possis
2470 3949 2582 4005 VB

294 4054 468 4092 emere
505 4037 687 4107 possit
723 4053 861 4093 corr.
894 4070 959 4077 --
989 4036 1038 4092 is
1069 4039 1120 4092 A
1159 4055 1341 4093 emere
1368 4038 1589 4109 possint
1615 4055 1670 4093 m
1815 4045 1880 4093 12
1917 4038 2253 4110 inportanda,
2282 4040 2335 4092 A
2373 4036 2578 4106 impor-

298 4128 464 4181 tanda
510 4126 625 4181 VB
771 4141 1166 4195 nonnunquam
1211 4126 1266 4181 V
1294 4144 1656 4196 nonunquam
1689 4129 1745 4182 B
1890 4134 1953 4183 15
1992 4127 2050 4182 in
2087 4128 2228 4183 uilla
2264 4144 2392 4183 suos
2438 4127 2575 4183 Vin

295 4216 454 4270 uillas
499 4233 604 4271 uos
641 4217 699 4271 B
744 4214 805 4268 in
841 4214 1037 4270 uillam
1077 4225 1236 4284 (corr.
1278 4249 1339 4256 —-
1382 4219 1465 4286 as)
1502 4233 1605 4272 uos
1643 4217 1700 4272 A
1841 4233 2240 4285 nonnunquam
2286 4216 2340 4270 V
2366 4233 2580 4270 nonun-

299 4321 457 4372 quam
474 4305 551 4360 ’.Β
708 4310 774 4359 16
831 4322 980 4359 mors
1015 4321 1049 4360 v
1093 4322 1214 4361 mos
1250 4306 1432 4360 PAB
1588 4310 1652 4360 17
1698 4304 1963 4359 latifundi
1999 4304 2181 4359 PAB
2223 4305 2511 4360 latifundii
2545 4324 2580 4361 v

431 4392 776 4449 domesticae
830 4394 1026 4464 copiae
1080 4412 1114 4450 v
1163 4395 1471 4450 domestica
1527 4394 1719 4463 copiae
1774 4394 1893 4450 AB
1949 4393 2260 4450 domestica
2316 4396 2480 4465 copia
2529 4397 2584 4449 P

431 4488 496 4537 19
537 4484 789 4538 caeteros
823 4482 874 4537 V
1012 4490 1083 4538 20
1117 4484 1382 4553 profertis
1411 4483 1467 4538 A
1501 4500 1641 4539 corr.
1669 4483 1935 4552 profestis
1958 4481 2041 4535 Α2
2182 4489 2250 4538 23
2288 4485 2497 4554 inpune
2524 4483 2579 4538 A

300 4569 512 4639 impune
529 4571 642 4627 VB
716 4577 789 4627 24
806 4571 975 4627 abeat
995 4572 1040 4627 si
1061 4572 1266 4628 abierit
1282 4572 1555 4628 Vhabeat
1573 4571 1620 4624 si
1640 4570 1969 4627 abierith
1990 4572 2199 4627 habeat
2219 4571 2582 4628 sihabieritA
