3178 5185
588 365 715 429 164
1566 364 1942 420 VARRONIS

583 533 923 614 descendat,
968 533 1182 593 exinde
1234 540 1297 592 ut
1344 551 1477 593 vasa
1527 531 1746 593 olearia
1777 539 1939 611 -quot
1986 539 2047 592 et
2084 539 2301 610 quanta
2339 531 2612 613 habeant,
2661 531 2890 612 quibus

584 621 908 700 conficiunt
951 639 1098 701 illut.
1194 639 1349 719 quod
1390 638 1532 700 Cato
1581 642 1663 700 ait
1709 641 1937 700 circum
1983 639 2233 699 fundum
2278 637 2471 699 ulmos
2511 646 2571 699 et
2608 639 2890 720 populoS,

585 746 742 806 unde
790 747 913 807 fros
959 746 1169 808 ovibus
1216 753 1277 806 et
1321 746 1518 807 bubus
1558 749 1638 807 sit
1676 753 1736 807 et
1774 749 2069 827 materieS,
2117 747 2237 806 seri
2276 753 2553 827 oportere
2593 739 2730 829 (sed
2768 745 2888 806 hoc

585 872 778 932 neque
808 856 872 914 in
900 853 1176 914 omnibus
1206 853 1405 914 fundis
1436 872 1587 932 opus
1618 861 1725 935 est,
1756 872 1948 932 neque
1979 856 2037 913 in
2070 853 2288 932 quibus
2317 860 2409 914 est
2437 871 2605 935 opUS,
2633 860 2888 932 propter

585 960 857 1020 frondem
930 953 1242 1043 maxime),
1317 962 1445 1020 sine
1521 961 1878 1021 detrimento
1943 968 2248 1041 ponuntur
2312 980 2343 1022 a
2409 959 2889 1040 septemtrionali
2949 970 2979 1012 5

585 1074 782 1147 parte,
829 1068 984 1146 quod
1034 1087 1155 1128 non
1201 1067 1471 1128 officiunt
1517 1068 1643 1128 soli.

535 1177 577 1235 4
773 1174 876 1235 Ille
941 1176 1121 1236 adicit
1185 1174 1257 1236 ab
1324 1175 1531 1235 eodem
1593 1175 1910 1256 scriptore,
1976 1176 2028 1234 si
2082 1173 2250 1235 locus
2306 1182 2576 1235 umectus
2633 1176 2738 1255 sit,
2803 1173 2893 1234 ibi
2939 1238 2951 1249 ‚

588 1284 894 1342 cacumina
951 1282 1306 1361 populorum
1364 1281 1615 1343 serenda
1663 1289 1724 1342 et
1769 1281 2247 1342 harundinetum.
2339 1281 2398 1341 id
2447 1283 2616 1359 prius
2663 1278 2888 1359 bipalio

588 1390 757 1469 verti,
804 1387 888 1447 ibi
934 1388 1138 1450 oculos
1184 1390 1535 1451 harundinis
1581 1388 1766 1467 pedes
1812 1395 2017 1449 ternos
2064 1387 2247 1449 alium
2284 1387 2355 1448 ab
2396 1387 2510 1447 alio
2553 1389 2693 1468 seri,
2722 1404 2758 1444 *
2787 1406 2886 1465 ap-

590 1502 709 1555 tam
758 1512 889 1554 esse
934 1498 1174 1575 utrique
1212 1496 1460 1575 eandem
1498 1496 1624 1556 sere
1662 1495 1974 1556 culturam.
2067 1495 2306 1556 salicem
2344 1513 2617 1573 graecam
2654 1496 2888 1554 circum
2921 1505 2978 1544 10

590 1602 1053 1664 harundinetum
1129 1605 1251 1662 seri
1323 1611 1630 1683 oportere,
1704 1605 1793 1665 uti
1867 1605 1945 1662 sit
2018 1605 2120 1681 qui
2185 1604 2322 1662 vitis
2388 1601 2616 1680 alligari
2679 1603 2890 1680 possit.

407 1707 562 1769 XXV
601 1711 767 1768 vinea
835 1728 951 1788 quo
1017 1711 1080 1769 in
1145 1727 1286 1788 agro
1352 1711 1603 1772 serenda
1665 1712 1767 1790 sit,
1838 1712 1924 1770 sic
1989 1708 2439 1770 observandum.
2552 1710 2656 1787 qui
2719 1709 2890 1769 locus

593 1817 850 1894 optimus
925 1818 1059 1877 vino
1134 1819 1213 1877 sit
1285 1827 1345 1878 et
1405 1825 1679 1877 ostentus
1718 1816 1883 1897 soli,
1917 1892 1930 1897 ἱ
1958 1818 2296 1877 aminneum
2361 1815 2762 1877 minusculum
2830 1823 2892 1875 et

593 1924 894 2000 geminum
967 1941 1326 2006 eugeneum,
1399 1924 1658 1985 helvium
1730 1923 2130 1984 minusculum
2195 1925 2315 1983 seri
2379 1930 2673 2001 oportere.
2786 1924 2894 2000 qui

593 2029 760 2090 locus
808 2033 1064 2091 crassior
1103 2033 1181 2091 sit
1218 2038 1319 2092 aut
1356 2030 1699 2111 nebuloSUS,
1743 2030 1826 2091 ibi
1865 2032 2202 2091 aminneum
2242 2031 2433 2090 maius
2473 2037 2574 2091 aut
2611 2046 2889 2108 murgen·
2920 2033 2974 2076 1⁵

594 2137 813 2218 tinum,
861 2138 1145 2219 apicium,
1192 2138 1469 2198 lucanum
1517 2140 1655 2199 seri.
1747 2144 1976 2197 ceteras
2022 2139 2200 2217 viteS,
2247 2144 2307 2197 et
2354 2137 2427 2197 de
2473 2138 2548 2197 iis
2595 2134 2891 2196 miscellas

383 2243 566 2304 XXVI
603 2245 871 2324 maxime,
919 2245 981 2304 in
1028 2264 1200 2307 omne
1248 2263 1436 2324 genus
1484 2246 1611 2324 agri
1647 2246 1981 2305 convenire.
2073 2246 2134 2304 in
2173 2245 2336 2304 omni
2368 2245 2540 2304 vinea
2576 2243 2893 2322 diligenter

739 2457 771 2504 2
811 2450 962 2519 quod
991 2450 1131 2506 Cato
1170 2450 1254 2504 ait
1278 2450 1426 2505 Non.
1452 2467 1510 2518 p.
1539 2455 1666 2518 114,
1693 2456 1728 2507 3
1854 2452 2038 2506 ulmos
2076 2453 2135 2506 et
2161 2452 2401 2522 populos
2434 2449 2647 2506 Charis
2667 2468 2729 2520 p.
2749 2454 2891 2536 ,130,

595 2542 668 2596 33
824 2545 888 2594 12
945 2540 1043 2609 qui
1096 2538 1254 2594 locus
1314 2537 1560 2610 optimus
1608 2541 1793 2597 Diom.
1840 2557 1903 2611 p.
1951 2545 2090 2611 376,
2146 2544 2184 2596 8
2340 2546 2405 2596 13
2471 2541 2725 2597 ostentus
2784 2537 2892 2596 soli

599 2628 878 2685 Priscian.
917 2630 951 2685 l.
993 2629 1057 2682 X
1078 2646 1138 2699 p.
1179 2632 1311 2697 520,
1347 2635 1421 2686 21

744 2849 773 2897 1
821 2844 1124 2899 descendat
1171 2843 1370 2899 exinde
1417 2844 1531 2900 VB
1572 2844 1876 2899 descendat
1914 2811 2112 2899 &inde
2150 2843 2205 2899 A
2242 2844 2543 2900 descendat
2580 2846 2638 2899 et
2672 2844 2803 2899 inde
2840 2863 2894 2899 m

740 2984 876 3023 uasa
921 2968 1136 3024 olearia
1184 2968 1294 3023 Vm
1339 2986 1439 3024 uas
1489 2971 1646 3039 (corr.
1696 2986 1837 3023 uasa
1872 2968 1952 3023 A²
1997 2975 2060 3024 ut
2104 2970 2341 3039 videtur)
2392 2968 2601 3024 olearia
2645 2946 2893 3024 11838018-

597 3057 685 3112 ria
731 3058 788 3112 Β
967 3064 998 3111 2
1059 3057 1353 3112 confitiunt
1408 3057 1464 3112 A
1642 3057 1775 3111 illut
1822 3058 1879 3112 P
1921 3057 2066 3112 illud
2111 3057 2273 3113 ABv
2453 3065 2484 3111 3
2541 3058 2687 3111 unde
2743 3058 2893 3113 frons

599 3146 799 3202 ouibus
849 3148 908 3201 et
952 3147 1134 3201 bubus
1182 3147 1383 3216 (bobus
1432 3148 1506 3216 Β)
1556 3146 1631 3201 sit
1666 3146 1850 3202 PAR
1896 3148 2043 3201 unde
2090 3148 2313 3203 frondes
2364 3147 2562 3203 ouibus
2608 3149 2667 3202 et
2712 3148 2894 3202 bubus

602 3236 716 3290 sint
751 3253 783 3290 v
821 3236 969 3290 unde
1008 3238 1093 3290 est
1128 3235 1246 3289 fros
1286 3236 1572 3290 Charisius
1589 3252 1652 3305 p.
1691 3240 1818 3303 130,
1856 3239 1927 3291 34
2071 3241 2103 3290 5
2142 3253 2177 3291 a
2213 3235 2604 3306 septetrionali
2642 3237 2804 3306 parte
2850 3236 2904 3291 V

599 3343 635 3379 a
685 3322 1113 3394 septentrionali
1159 3324 1320 3392 parte
1357 3323 1413 3376 B
1461 3326 1530 3379 ab
1574 3325 2022 3395 septemtrionali
2057 3324 2229 3395 plaga
2266 3324 2322 3379 A
2359 3325 2431 3379 ab
2469 3325 2896 3395 septentrionali

599 3414 774 3484 plaga
809 3432 863 3468 m
1007 3421 1038 3468 6
1079 3412 1328 3467 offitiunt
1364 3412 1420 3467 A
1993 3423 2003 3432 “
2873 3440 2880 3448 ·

745 3509 774 3556 7
833 3501 1010 3557 adicit
1054 3503 1173 3572 PB
1228 3500 1440 3556 addicit
1476 3502 1530 3555 A
1577 3502 1775 3557 adiicit
1808 3520 1840 3557 v
2021 3503 2094 3557 ab
2143 3504 2341 3558 eodem
2390 3501 2659 3573 scriptore
2705 3506 2897 3559 delevit

599 3592 878 3660 Zahlfeldt
921 3596 1124 3661 quaest.
1173 3592 1290 3645 erit.
1328 3592 1394 3644 in
1437 3590 1596 3646 Varr.
1645 3609 1749 3647 rer.
1796 3598 1932 3648 rust.
1982 3594 2103 3648 libr.
2143 3610 2204 3662 p.
2243 3595 2322 3649 25
2492 3595 2744 3648 umectus
2781 3594 2898 3649 PA

602 3683 895 3736 humectus
933 3682 1032 3736 Bv
1204 3685 1238 3733 8
1287 3679 1722 3736 harundinetum
1761 3682 1883 3737 PB
1928 3682 2323 3735 arundinetum
2358 3681 2454 3736 Av
2606 3673 2830 3751 bipalio'
2864 3702 2897 3739 v

601 3769 819 3842 bipallo
870 3770 1055 3825 PAB
1198 3774 1230 3823 9
1287 3769 1614 3824 harundinis
1666 3770 1784 3825 PA
1838 3769 2177 3825 harundines
2228 3787 2365 3827 corr.
2414 3801 2483 3809 —
2529 3770 2578 3824 is
2623 3770 2680 3824 Β
2734 3789 2898 3827 arun·

604 3859 752 3914 dinis
771 3877 802 3914 v
912 3858 1086 3914 alium
1114 3857 1169 3912 V
1188 3858 1366 3913 altum
1384 3858 1505 3913 AB
1614 3860 1740 3927 seri,
1769 3860 1850 3914 ibi
1880 3875 2098 3929 quoque
2130 3859 2440 3927 corrudam,
2469 3859 2616 3914 unde
2637 3862 2899 3932 asparagi

604 3950 766 4017 fiant,
822 3949 1015 4017 aptam
1059 3947 1352 4002 Iucundus
1405 3964 1472 4003 esc
1521 3949 1726 4004 Catone
1898 3956 1963 4004 10
2019 3949 2157 4004 eade
2212 3949 2266 4004 V
2312 3949 2509 4004 eadem
2545 3949 2666 4004 AB
2833 3956 2896 4005 11

603 4072 1038 4130 harundinetum
1070 4071 1190 4127 PA
1216 4073 1638 4128 harundiretum
1665 4074 1721 4127 Β
1750 4074 2142 4129 arundinetum
2168 4091 2201 4128 v
2277 4078 2342 4127 12
2373 4074 2631 4146 serenda]
2662 4053 2825 4130 sessda
2843 4076 2897 4129 A

750 4170 816 4219 13
873 4162 1195 4218 aminneum
1232 4161 1412 4217 PAB
1470 4162 1813 4217 ammineum
1858 4181 1891 4217 v
2084 4168 2151 4216 14
2208 4178 2515 4233 eugeneum
2566 4163 2677 4216 VA
2735 4181 2899 4234 euge-

604 4270 773 4325 neum
809 4252 866 4306 Β
1008 4249 1258 4305 heluium
1296 4252 1526 4305 Plinius
1566 4251 1730 4305 XIV
1766 4256 1873 4307 146
1909 4253 2164 4307 heluium
2204 4251 2324 4306 AB
2361 4254 2420 4306 et
2454 4252 2711 4306 helutum
2754 4252 2811 4306 P
2844 4256 2901 4308 et

606 4341 927 4396 helueolum
973 4357 1004 4395 v
1059 4340 1346 4394 heluolum
1403 4340 1537 4395 Cato
1684 4345 1750 4394 15
1806 4341 2130 4396 nebulosior
2179 4340 2312 4396 Cato
2456 4338 2562 4411 ibi]
2620 4339 2715 4395 abi
2761 4359 2897 4398 corr.

605 4428 688 4483 ibi
724 4431 779 4483 B
949 4427 1271 4484 aminneum
1311 4429 1494 4483 PAB
1532 4428 1874 4485 ammineum
1908 4447 1940 4486 v
2116 4436 2180 4486 16
2218 4430 2467 4486 caeteras
2516 4430 2570 4485 V
2734 4432 2794 4486 et
2831 4432 2899 4486 de

608 4517 680 4572 iis
720 4519 841 4574 AB
878 4519 937 4571 et
974 4518 1041 4573 de
1080 4515 1168 4571 his
1218 4517 1281 4585 V,
1320 4533 1421 4572 om.
1463 4517 1598 4573 Cato
