3178 5185
602 401 735 465 256
1591 402 1964 457 VARRONIS

552 568 827 646 3reliqui
873 564 1098 647 parent.
1191 569 1270 627 ita
1317 575 1513 628 tamen
1561 577 1797 647 oportet
1844 577 2031 628 aetate
2074 576 2394 649 praestare,
2440 578 2508 628 ut
2545 587 2619 629 ne
2663 577 2925 648 propter

602 681 970 734 senectutem
1038 676 1235 734 minus
1302 677 1598 735 sustinere
1660 676 1848 753 possit
1904 674 2157 735 labores,
2261 693 2453 754 neque
2511 677 2678 735 enim
2742 693 2923 734 senes

600 800 793 860 neque
853 782 1027 859 pueri
1084 779 1317 841 callium
1377 781 1786 841 difficultatem
1843 800 1910 841 ac
1967 785 2257 843 montium
2315 783 2678 843 arduitatem
2737 790 2920 860 atque

599 889 979 966 asperitatem
1028 887 1197 947 facile
1246 888 1463 968 ferunt,
1513 889 1670 966 quod
1718 889 2065 966 patiendum
2113 889 2247 970 illis,
2297 892 2397 967 qui
2437 907 2652 966 greges
2698 907 2918 948 secun-

599 1005 723 1076 tur,
779 997 1133 1074 praesertim
1192 997 1571 1055 armenticios
1631 1014 1697 1055 ac
1746 997 2049 1076 caprinOS,
2109 996 2326 1076 quibus
2375 1014 2555 1074 rupes
2604 1014 2679 1055 ac
2733 994 2917 1054 silvae

598 1102 668 1162 ad
725 1102 1127 1181 pabulandum
1180 1102 1361 1161 cordi.
1454 1102 1678 1161 formae
1726 1101 2034 1162 hominum
2082 1102 2362 1181 legendae
2410 1110 2478 1162 ut
2527 1104 2648 1161 sint
2702 1102 2915 1161 firmae

597 1227 664 1269 ac
729 1209 989 1289 veloceS,
1056 1208 1330 1289 mobileS,
1396 1209 1689 1286 expeditis
1747 1209 2058 1289 membriS,
2125 1212 2229 1289 qui
2284 1229 2402 1270 non
2462 1210 2657 1270 solum
2724 1227 2916 1287 pecus

597 1317 769 1394 sequi
816 1317 1069 1396 possint,
1120 1316 1222 1376 sed
1272 1318 1448 1376 etiam
1497 1335 1526 1376 a
1577 1316 1785 1376 bestiis
1832 1334 1899 1375 ac
1948 1316 2347 1395 praedonibus
2395 1315 2757 1394 defendere,
2811 1317 2914 1394 qui

596 1439 775 1482 onera
832 1422 1114 1483 extollere
1170 1426 1231 1483 in
1288 1425 1549 1483 iumenta
1606 1425 1865 1503 possint,
1923 1425 2027 1502 qui
2077 1442 2426 1502 excurrere,
2484 1425 2585 1501 qui
2637 1422 2913 1482 iaculari.

542 1534 724 1589 4non
771 1532 961 1590 omnis
1009 1537 1141 1607 apta
1189 1532 1349 1590 natio
1398 1531 1468 1591 ad
1517 1532 1872 1611 pecuariam,
1921 1530 2076 1609 quod
2125 1548 2318 1609 neque
2366 1529 2657 1589 Basculus
2709 1547 2910 1608 neque
2939 1543 2985 1581 10

596 1636 899 1696 Turdulus
966 1636 1191 1717 idonei,
1257 1636 1405 1697 Galli
1468 1637 1919 1716 adpositissimi,
1985 1639 2237 1697 maxime
2305 1637 2375 1696 ad
2443 1638 2733 1698 iumenta.
2850 1639 2911 1695 in

595 1743 997 1821 emptionibus
1045 1744 1346 1804 dominum
1397 1744 1725 1823 legitimum
1776 1763 1879 1805 sex
1928 1745 2052 1804 fere
2100 1763 2199 1804 res
2248 1746 2608 1823 perficiunt:
2641 1748 2694 1804 si
2736 1744 2910 1804 here-

595 1851 840 1911 ditatem
894 1853 1109 1911 iustam
1168 1851 1338 1931 adiit3
1395 1853 1472 1930 si,
1532 1859 1598 1912 ut
1654 1851 1887 1931 debuit,
1943 1853 2240 1930 mancipio
2299 1851 2372 1912 ab
2434 1870 2503 1911 eo
2552 1853 2821 1930 accepit,
2877 1870 2906 1909 a

593 1976 712 2035 quo
767 1959 899 2018 iure
962 1957 1120 2018 civili
1178 1960 1399 2038 potuit3
1456 1968 1558 2018 aut
1615 1960 1665 2017 si
1720 1960 1782 2018 in
1830 1960 1962 2018 iure
2011 1961 2219 2038 cessit,
2269 1960 2373 2020 'cui
2420 1961 2621 2038 potius
2671 1959 2910 2038 cedere,

593 2073 653 2123 et
707 2064 767 2123 id
827 2064 928 2125 ubi
976 2067 1242 2143 oportuit
1291 2064 1479 2145 [ubi];
1537 2073 1640 2125 aut
1687 2068 1737 2124 si
1786 2083 1899 2125 usu
1946 2067 2132 2146 cepit3
2189 2074 2289 2126 aut
2337 2068 2389 2125 si
2435 2085 2466 2125 e
2514 2067 2742 2144 praeda
2792 2064 2903 2126 sub
2931 2071 2978 2111 1⁵

592 2189 810 2231 corona
857 2174 1031 2252 emit3
1077 2181 1275 2265 tumve
1325 2191 1460 2232 cum
1508 2173 1571 2231 in
1617 2171 1789 2231 bonis
1829 2173 2165 2256 sectioneve
2205 2175 2379 2239 cuius
2417 2173 2655 2252 publice
2698 2174 2901 2233 veniit.

541 2279 662 2337 5in
717 2278 930 2339 horum
988 2281 1285 2358 emptione
1342 2280 1491 2339 solet
1538 2278 1820 2338 accedere
1869 2279 2165 2357 peculium
2214 2287 2315 2339 aut
2361 2282 2554 2359 excipi
2600 2288 2660 2340 et
2710 2282 2899 2358 stipu-

591 2384 731 2444 latio
786 2386 1189 2466 intercedere,
1246 2404 1453 2446 sanum
1510 2404 1671 2465 esse,
1727 2386 1903 2445 furtis
1960 2388 2250 2464 noxisque
2309 2386 2598 2468 solutum3
2658 2395 2791 2465 aut,
2849 2388 2899 2445 si

590 2493 883 2570 mancipio
941 2511 1061 2552 non
1118 2493 1319 2572 datur,
1386 2493 1563 2571 dupla
1620 2495 1915 2574 promitti,
1980 2502 2106 2573 aut,
2173 2495 2224 2551 si
2281 2495 2360 2552 ita
2416 2496 2600 2573 pacti,
2660 2492 2892 2573 simpla.

2969 1008 2992 1046 Οἱ

767 2760 798 2807 2
839 2754 1150 2809 substinere
1178 2754 1235 2807 Β
1405 2771 1564 2809 senes
1616 2755 1731 2809 VB
1779 2771 1944 2809 senex
1981 2754 2099 2808 Am
2269 2761 2300 2807 3
2340 2753 2684 2809 arduitatem
2723 2758 2894 2822 atque

588 2842 951 2913 asperitatem
980 2845 1076 2899 Bv
1116 2843 1454 2899 arduitatem
1492 2844 1674 2912 adque
1715 2845 2056 2913 aspertatem
2085 2844 2142 2897 P
2171 2843 2507 2898 arduitatem
2540 2848 2548 2913 1
2583 2846 2643 2898 et
2683 2841 2892 2914 asperi·

585 2933 792 2999 tatem,
827 2934 921 2987 sed
957 2936 1016 2987 et
1049 2934 1114 2987 in
1149 2935 1397 3003 maryine
1433 2934 1777 3001 adscriptum
1813 2933 1866 2985 A
2025 2938 2058 2985 4
2096 2949 2257 3001 reges
2294 2933 2349 2986 A
2387 2949 2528 2987 corr.
2568 2949 2772 3003 greges
2813 2932 2892 2987 A2

764 3024 1028 3076 secuntur
1073 3023 1195 3076 AB
1241 3024 1548 3089 sequuntur
1594 3021 1646 3075 V
1821 3027 1850 3075 7
1907 3019 2153 3076 menbris
2201 3021 2256 3074 A
2441 3028 2503 3075 11
2562 3021 2892 3092 adpositissi

586 3109 826 3165 maxime
855 3112 908 3164 A
938 3110 1212 3181 appositis
1242 3112 1289 3165 si
1315 3110 1556 3165 maxime
1585 3111 1702 3165 PB
1730 3112 1862 3164 sunt
1890 3110 2131 3164 maxime
2162 3109 2408 3180 appositi
2435 3127 2488 3164 m
2519 3112 2768 3180 appositi
2793 3109 2888 3165 sed

585 3199 826 3255 maxime
863 3218 911 3254 υ.
989 3199 1163 3253 ‘Galli
1210 3198 1635 3269 appositissimj‚
1684 3200 1927 3252 maxime
1975 3200 2048 3252 ad
2095 3198 2348 3253 iumenta
2377 3240 2391 3254 .
2421 3200 2522 3254 Ita
2567 3201 2847 3270 castiyaui
2872 3219 2889 3250 .-

585 3296 775 3356 antea,
824 3288 1110 3359 Appositi,
1158 3289 1257 3342 sed
1292 3287 1558 3357 maxime,
1611 3289 1716 3342 etc.
1757 3290 1916 3342 cuius
1958 3289 2202 3342 lectionis
2238 3290 2553 3359 lanquorcm
2589 3290 2783 3355 facile,
2828 3292 2889 3341 ut

585 3379 855 3445 arbitror,
904 3380 1197 3449 intelliyet,
1244 3380 1342 3448 qui
1378 3383 1577 3432 attente
1605 3378 1917 3446 perspiciet.
2003 3377 2256 3446 Antiqua
2294 3379 2448 3432 lectio
2484 3394 2685 3432 manca
2699 3419 2716 3444 ,
2753 3394 2889 3448 quae

583 3473 765 3520 tamen
820 3473 936 3521 tuto
982 3473 1167 3537 posset
1212 3469 1419 3537 corriyi
1448 3488 1461 3520 ε
1492 3464 1643 3520 Galli
1690 3465 2009 3535 appositissi
2056 3466 2325 3534 maxime,
2383 3468 2488 3520 etc.
2563 3465 2641 3521 In
2688 3470 2886 3537 optimo

583 3558 764 3612 codice
806 3561 968 3623 nota,
1016 3574 1154 3626 quae
1200 3558 1375 3611 locum
1419 3557 1732 3610 mendosum
1779 3571 1887 3610 esse
1934 3556 2234 3622 indicaret,
2283 3557 2537 3624 apposita
2573 3557 2713 3610 erat’
2770 3557 2886 3611 Vic-

582 3647 760 3700 torius
942 3652 1006 3699 12
1047 3645 1335 3701 dominum
1372 3646 1496 3700 AB
1536 3644 1844 3699 dominium
1890 3644 1944 3697 V
2114 3643 2458 3714 legittimum
2496 3646 2553 3698 B
2743 3645 2882 3715 sere]

583 3734 756 3789 fefere
804 3736 858 3788 A
1026 3741 1089 3788 13
1138 3735 1281 3789 adiit
1325 3753 1420 3789 mv
1467 3735 1589 3789 adit
1639 3735 1758 3789 PB
1804 3733 1966 3800 addit
2013 3734 2070 3787 A
2232 3739 2297 3786 14
2345 3733 2516 3788 cessit
2561 3733 2650 3788 cui
2698 3734 2884 3804 potius

583 3826 779 3879 cedere
819 3825 998 3879 PAB
1036 3824 1126 3879 cui
1163 3825 1330 3879 cessit
1365 3825 1553 3895 potuit
1581 3825 1777 3878 cedere
1814 3840 1848 3876 v
1888 3820 2053 3876 cessit
2093 3822 2182 3874 cui
2217 3822 2407 3891 potuit
2445 3823 2642 3877 cedere
2679 3823 2883 3877 Iucun-

582 3916 686 3968 dus
741 3914 911 3968 cessit
963 3913 1060 3981 qui
1103 3913 1291 3982 potuit
1336 3915 1533 3969 cedere
1581 3913 1867 3967 Gesnerus.
1957 3910 2080 3965 ‘Cui
2127 3910 2317 3980 potuit
2363 3912 2578 3967 cedere.
2663 3912 2885 3967 Vetusta

583 4003 737 4057 lectio
774 4004 1024 4069 diuersa,
1072 4008 1147 4069 et,
1193 4009 1257 4058 ut
1292 4004 1561 4069 arbitror,
1612 4007 1902 4081 corrupta,
1940 3999 2042 4054 Cui
2079 4000 2266 4070 potius
2307 4000 2518 4054 cedere.
2593 4001 2690 4055 Sic
2726 4003 2885 4057 etiam

581 4109 695 4146 non
748 4093 919 4146 multo
964 4097 1091 4160 post
1139 4094 1287 4147 locus
1331 4093 1494 4146 ualde
1540 4092 1827 4145 mendosus
1855 4111 1873 4142 .-
1899 4088 2076 4143 Vnius
2124 4089 2393 4157 cuiusque
2440 4090 2626 4157 gisnes
2670 4090 2877 4161 gregis’
2945 4098 2952 4101 “

590 4181 865 4236 Victorius
1021 4186 1084 4234 15
1134 4182 1231 4236 ubi
1280 4181 1530 4251 oportuit
1574 4180 1675 4234 ubi
1726 4182 1826 4233 aut
1863 4178 1911 4233 si
1949 4196 2053 4232 usu
2091 4178 2242 4248 cepit
2281 4178 2464 4232 PAB
2501 4178 2599 4231 ubi
2637 4178 2884 4247 oportuit

582 4271 663 4324 ibi
711 4274 810 4324 aut
845 4288 950 4324 usu
988 4271 1138 4339 cepit
1171 4289 1204 4325 v
1242 4271 1338 4325 ubi
1376 4271 1628 4339 oportuit
1663 4270 1762 4321 aut
1801 4267 1849 4321 si
1888 4266 2144 4336 usucepit
2180 4266 2473 4322 Iucundus
2620 4274 2685 4321 16
2736 4269 2882 4323 emat

582 4376 719 4413 corr.
769 4360 905 4414 emit
940 4360 994 4414 A
1156 4360 1335 4414 ueniit
1374 4359 1558 4413 PAB
1604 4357 1761 4412 uenit
1795 4375 1828 4411 v
2009 4364 2075 4412 17
2124 4359 2224 4410 aut
2270 4358 2512 4427 excipiet
2552 4346 2742 4410 PAB
2787 4357 2881 4410 aut

582 4446 632 4500 si
678 4447 919 4517 excipiet
961 4466 994 4502 v
1040 4451 1140 4503 aut
1187 4450 1235 4502 si
1282 4448 1464 4518 excipi
1510 4450 1569 4502 et
1613 4446 1905 4502 Iucwndus
2053 4452 2117 4501 18
2174 4463 2305 4501 sane
2351 4462 2480 4499 eum
2528 4463 2649 4500 esse
2699 4445 2877 4501 PAR

583 4554 781 4591 sanum
820 4553 946 4598 eum
985 4554 1103 4592 esse
1139 4554 1171 4590 v
