3178 5185
552 401 683 464 150
1533 400 1908 455 VARRONIS

549 571 805 629 tutiores
852 569 1019 648 fiunt,
1066 586 1141 627 ne
1189 567 1440 627 familiae
1489 570 1688 628 rixent
1734 587 1868 628 oum
1917 571 2128 628 vicinis
2165 588 2233 629 ao
2270 569 2490 629 limites
2529 587 2603 629 ex
2640 569 2846 633 litibus

549 676 806 737 iudicem
866 681 1170 754 quaerant.
1263 683 1473 735 serunt
1527 674 1627 735 alii
1686 678 1913 737 circum
1972 677 2172 755 pinos,
2226 684 2296 736 ut
2350 675 2529 737 habet
2582 695 2735 737 uxor
2782 680 2846 738 in

552 782 814 863 Sabinis3
871 782 971 842 alii
1016 799 1360 862 eupreSSOS‚
1419 788 1486 841 ut
1532 800 1641 859 ego
1690 781 1871 843 habui
1919 783 1981 842 in
2029 782 2309 865 Vesuvi03
2365 783 2465 843 alii
2511 783 2732 865 ulmoS‚
2779 795 2847 845 ut

550 890 723 951 multi
779 889 1001 950 habent
1055 891 1116 948 in
1175 886 1586 949 Crustumino:
1647 882 1856 971 [quod]
1918 887 2019 949 ubi
2067 888 2124 949 id
2172 896 2337 972 pote,
2394 900 2462 966 ut
2516 890 2628 972 ibi,
2686 893 2845 971 quod

551 1005 642 1058 est
688 1015 959 1077 eampuS‚
1016 994 1175 1055 nulla
1222 997 1420 1073 potior
1467 996 1745 1075 serenda,
1794 996 1953 1074 quod
2001 997 2255 1056 maxime
2301 997 2637 1078 fructuosa,
2687 1000 2844 1078 quod
2897 1012 2922 1051 5

551 1113 612 1165 et
662 1105 919 1164 sustinet
965 1120 1203 1180 saepem
1249 1120 1316 1162 ac
1364 1105 1524 1180 cogit
1571 1102 1798 1181 aliquot
1845 1101 2122 1164 corbulas
2168 1122 2418 1165 uvarum
2466 1113 2525 1164 et
2571 1105 2844 1165 frondem

552 1212 1043 1273 iucundissimam
1081 1211 1381 1269 ministrat
1409 1209 1620 1269 ovibus
1649 1228 1715 1270 ao
1746 1209 1942 1270 bubus
1971 1228 2038 1271 ao
2068 1212 2264 1289 virgas
2292 1211 2539 1289 praebet
2568 1212 2848 1291 saepibus

552 1326 612 1379 et
657 1319 790 1379 foco
837 1336 904 1377 ae
950 1317 1143 1377 furno.

732 1425 962 1504 Scrofa,
1026 1423 1216 1503 Igitur
1280 1426 1541 1503 primum
1597 1424 1769 1506 haee,
1837 1437 1987 1504 qua‘e
2044 1426 2193 1506 dixi,
2260 1433 2544 1504 quattuor
2595 1427 2847 1488 videnda

551 1531 868 1611 agricolae,
925 1531 997 1590 de
1055 1530 1220 1590 fundi
1278 1531 1492 1610 forma,
1541 1530 1613 1592 de
1668 1539 1862 1592 terrae
1924 1539 2159 1613 natura,
2216 1532 2289 1592 de
2338 1534 2511 1594 modo
2559 1536 2715 1615 agri,
2771 1535 2846 1595 de
2876 1548 2924 1601 ιο

394 1638 521 1698 XVI
560 1637 779 1698 finibus
827 1636 1082 1698 tuendis,
1177 1636 1543 1716 relinquitur
1584 1637 1769 1698 altera
1815 1657 1983 1720 pars,
2030 1657 2179 1718 quae
2227 1646 2319 1698 est
2365 1646 2531 1699 extra
2579 1639 2850 1722 fundum,

551 1747 726 1806 euius
793 1743 1151 1823 appendices
1207 1752 1267 1804 et
1323 1744 1706 1805 vehementer
1762 1748 2067 1824 pertinent
2123 1747 2195 1806 ad
2251 1746 2545 1807 culturam
2601 1756 2850 1826 propter

552 1852 974 1913 adfinitatem·
1030 1853 1160 1912 eius
1209 1853 1440 1930 speeies
1488 1850 1763 1911 totidem:
1820 1854 1869 1912 si
1917 1854 2108 1912 vicina
2155 1854 2321 1931 regio
2369 1861 2462 1913 est
2507 1854 2751 1934 infesta3
2799 1857 2851 1914 si

553 1955 668 2040 quo
726 1978 919 2039 neque
978 1960 1208 2020 fructus
1264 1967 1501 2018 nostros
1561 1964 1873 2036 exportare
1931 1958 2205 2037 expediat
2259 1977 2455 2038 neque
2510 1960 2649 2020 inde
2698 1979 2848 2039 quae

553 2086 704 2147 opus
752 2041 893 2127 su’nt
930 2067 1274 2146 adportare3
1322 2067 1585 2146 tertium,
1634 2067 1685 2124 si
1724 2067 1849 2125 viae
1890 2073 1992 2126 aut
2027 2066 2208 2146 fluvii,
2257 2085 2370 2145 qua
2408 2075 2697 2149 portetur,
2747 2077 2849 2130 aut
2879 2078 2927 2118 15

552 2194 671 2235 non
729 2181 870 2235 sunt
924 2182 1026 2234 aut
1081 2175 1280 2234 idonei
1337 2192 1454 2232 non
1515 2180 1682 2253 sunt3
1740 2179 2045 2254 quartum,
2105 2174 2302 2253 siquid
2359 2176 2440 2234 ita
2482 2181 2574 2234 est
2609 2177 2670 2234 in
2710 2195 2850 2236 eon-

503 2285 539 2341 2
562 2281 780 2342 finibus
818 2282 1036 2356 fundiS,
1078 2290 1146 2341 ut
1182 2283 1406 2340 nostris
1443 2282 1603 2357 agris
1639 2282 1831 2358 prosit
1868 2288 1970 2340 aut
2006 2290 2231 2342 noceat.
2325 2302 2357 2341 e
2396 2283 2530 2361 quis
2569 2289 2853 2360 quattuor

556 2388 713 2468 quod
770 2394 862 2447 est
916 2388 1201 2467 primum,
1257 2387 1442 2446 refert
1506 2386 1720 2446 infesta
1777 2388 1942 2464 regio
1999 2389 2078 2447 sit
2124 2406 2330 2449 neone.
2424 2389 2643 2450 multos
2691 2393 2849 2451 enim

555 2513 729 2574 agros
787 2495 1059 2572 egregios
1114 2493 1311 2554 colere
1369 2511 1487 2552 non
1545 2471 1787 2571 expedit
1841 2502 2087 2573 propter
2143 2494 2452 2555 latrocinia
2500 2498 2851 2582 vicinorum,

555 2612 622 2665 ut
675 2606 738 2664 in
786 2601 1055 2662 Sardinia
1113 2601 1427 2681 quosdam,
1485 2604 1587 2680 qui
1636 2609 1775 2662 sunt
1821 2619 2006 2680 prope
2054 2601 2291 2683 oeliem,
2353 2610 2413 2663 et
2459 2606 2520 2664 in
2567 2605 2850 2686 Hispania
2879 2615 2930 2653 2⁰

554 2729 740 2790 prope
784 2709 1167 2770 Lusitaniam.
1262 2726 1412 2787 quae
1461 2709 1781 2768 vicinitatis
1819 2710 2086 2768 invectos
2123 2708 2346 2769 habent
2384 2710 2646 2793 idoneoS,
2697 2733 2849 2793 quae

698 2960 726 3007 1
774 2971 845 3008 ne
883 2951 1135 3008 familiae
1171 2951 1359 3006 rixent
1393 2951 1542 3006 Non.
1572 2968 1635 3020 p.
1674 2955 1809 3017 477,
1846 2955 1923 3006 24
2069 2957 2100 3004 6
2138 2952 2294 3022 cogit
2331 2952 2552 3021 aliquot
2588 2955 2847 3011 corbulae

557 3043 706 3097 Non.
742 3060 800 3111 p.
838 3047 966 3108 197,
1003 3047 1082 3100 24

699 3297 728 3345 1
765 3291 950 3345 rixent
985 3291 1209 3345 Nonius
1235 3306 1298 3360 p.
1328 3293 1457 3357 477&
1485 3292 1562 3344 24
1597 3289 1847 3343 rixentur
1882 3288 2063 3344 VAB
2098 3295 2148 3343 et
2185 3290 2392 3344 codices
2440 3290 2675 3346 Victorii
2817 3300 2850 3346 2

554 3380 799 3435 iudicem
861 3383 926 3435 in
987 3380 1235 3449 maryine
1287 3380 1551 3448 seriptum
1606 3379 1670 3433 in
1724 3379 1781 3431 B
1957 3384 1992 3431 4
2062 3376 2245 3441 ‘Quod
2301 3379 2398 3432 ubi
2451 3380 2511 3433 id
2564 3383 2723 3449 pote,
2790 3383 2856 3436 ut

554 3469 635 3523 ibi
665 3469 858 3538 :quod
904 3470 992 3523 est
1035 3485 1289 3538 eampm,
1344 3465 1502 3520 nulla
1546 3467 1735 3537 potior
1770 3511 1784 3523 .
1823 3463 1925 3522 Ita
1968 3468 2166 3522 habent
2209 3469 2431 3539 antiqui
2476 3469 2633 3536 libri,
2687 3488 2855 3539 quam

554 3576 744 3613 ueram
778 3575 887 3613 esse
924 3560 1198 3613 lectionem
1226 3563 1384 3627 puto,
1423 3558 1525 3610 etsi
1560 3558 1794 3626 diliyens
1830 3557 2098 3611 librarius
2133 3558 2440 3613 mendosam
2469 3560 2731 3627 putauit,
2779 3562 2856 3615 ad

555 3664 773 3718 eamque
807 3654 995 3703 notam
1031 3647 1311 3715 adposuit’
1401 3645 1675 3701 Victorius
1818 3652 1849 3699 6
1889 3644 2128 3699 sustinet
2167 3663 2392 3715 saepem
2427 3645 2543 3700 PA
2565 3641 2855 3702 'substinet

557 3752 783 3805 saepem
819 3736 878 3790 B
913 3735 1190 3790 sustineat
1224 3751 1451 3804 saepem
1488 3752 1520 3789 v
1666 3732 1823 3804 cogit
1856 3734 2080 3788 Nonius
2106 3751 2168 3805 p.
2207 3739 2342 3802 197,
2378 3740 2456 3791 25
2494 3735 2634 3791 colit
2675 3736 2855 3792 VAB

682 3823 912 3894 aliquod
954 3823 1131 3878 VAB
1255 3822 1512 3878 frundem
1548 3824 1605 3877 A
1724 3830 1753 3877 7
1792 3823 2249 3878 iucundissimam
2295 3823 2349 3877 V
2377 3822 2854 3880 lueumdissimam

555 3929 693 3969 corr.
729 3913 836 3968 loe.
875 3912 931 3967 A
965 3911 1420 3968 iocundissimam
1457 3912 1513 3966 B
2035 3901 2042 3907 ⁴

703 4007 768 4055 10
807 4001 874 4056 de
911 4003 1094 4058 terrae
1131 4002 1437 4058 Pontedera
1473 4002 1643 4071 antiq.
1674 4003 1767 4056 lat.
1793 4019 1850 4070 p.
1884 4006 1993 4056 106
2030 4002 2259 4057 Tterrae
2304 4002 2358 4057 V
2386 4005 2570 4057 terrae
2606 4002 2727 4057 AB

561 4096 623 4144 11
672 4089 1032 4162 relinquitur]
1071 4091 1153 4145 De
1192 4081 1437 4146 secunda
1472 4089 1772 4161 principali
1808 4092 1872 4144 in
1906 4077 2153 4160 maryine
2188 4092 2415 4147 rubrica
2450 4092 2507 4147 A
2652 4098 2718 4146 13
2757 4092 2854 4148 ad-

557 4179 835 4234 finitatem
885 4179 1004 4235 PA
1050 4179 1381 4235 affinitatem
1420 4180 1518 4233 Bv
1665 4184 1730 4233 15
1776 4178 2072 4258 adportare
2113 4179 2229 4235 PA
2276 4182 2577 4250 apportare
2613 4182 2710 4235 Bv

558 4267 796 4322 tercium
833 4267 889 4322 A
976 4255 979 4260 ’
1038 4274 1103 4322 17
1160 4268 1311 4338 agris
1357 4269 1786 4337 superscriptum
1830 4270 1895 4322 in
1928 4269 1985 4324 A
2131 4275 2196 4323 19
2250 4268 2551 4324 latrocinia
2594 4269 2648 4324 V
2685 4270 2854 4326 latro-

559 4360 647 4427 eia
676 4374 731 4427 B
769 4373 1060 4428 latrotinia
1089 4373 1146 4428 A
1287 4379 1357 4427 20
1395 4373 1489 4441 qui
1527 4375 1659 4428 sunt
1694 4391 1794 4431 om.
1824 4376 1942 4429 Am
2084 4392 2260 4446 prope
2299 4376 2442 4432 oelie
2471 4376 2650 4430 PAB
2677 4394 2854 4447 prope

560 4460 793 4528 eaeliem
830 4479 861 4515 v
1007 4468 1074 4516 21
1122 4478 1268 4530 quae
1313 4461 1396 4516 ibi
1440 4463 1745 4524 naseuntur
1789 4463 1887 4517 ubi
1936 4465 2182 4524 uendant
2218 4464 2337 4519 AB
2386 4465 2663 4521 Victorius
2709 4483 2852 4535 quae

560 4548 643 4603 ibi
679 4553 982 4606 naseuntur
1018 4549 1101 4605 ibi
1137 4551 1385 4605 uendant
1421 4550 1478 4605 P
1506 4568 1652 4620 quae
1689 4552 1786 4607 ubi
1805 4551 2128 4615 ‚nascuntur
2163 4551 2244 4607 ibi
2279 4554 2528 4610 uendant
2561 4571 2595 4612 v

812 4639 815 4642 ·
1531 4633 1579 4668 n
