3178 5185
817 415 1077 469 RERVM
1113 415 1589 473 RVSTICARVM
1627 420 1761 475 LIB.
1799 422 1824 474 Ι
1868 416 2108 474 11-12
2483 425 2610 489 145

294 593 452 653 quae
501 579 700 655 posita
755 588 847 640 est
894 582 965 641 ad
1012 591 1251 644 exortos
1289 587 1770 664 aequinoctialeS,
1818 591 2138 669 aptissima,
2187 591 2344 668 quod
2385 599 2606 652 aestate

205 747 213 755 ‚
290 681 482 744 habet
528 685 830 769 umbram,
876 688 1069 750 hieme
1117 691 1318 753 solem.
1412 695 1502 753 sin
1550 710 1764 772 cogare
1813 695 2141 757 secundum
2186 697 2409 758 flumen
2451 699 2605 759 aedi-

287 789 498 873 ficare,
549 797 888 857 curandum
937 816 1012 858 ne
1060 798 1362 860 adversam
1411 819 1540 861 eam
1586 819 1801 880 ponas:
1846 801 2042 863 hieme
2091 806 2248 864 enim
2295 806 2396 865 fiet
2432 806 2605 866 vehe-

287 908 533 962 menter
583 902 800 981 frigida
848 912 908 964 et
940 913 1164 967 aestate
1204 925 1322 967 non
1360 907 1633 969 salubris
1724 909 2381 993 advertendumetiam,
2428 915 2655 991 siqua2

236 1023 261 1063 5
289 1016 479 1069 erunt
521 1009 653 1070 loca
691 1011 997 1094 palustria,
1045 1021 1104 1074 et
1140 1023 1386 1094 propter
1424 1016 1660 1076 easdem
1698 1034 1924 1098 causae,
1972 1019 2226 1097 et-quod
2254 1017 2600 1096 [arescunt]

289 1124 585 1177 crescunt
632 1119 905 1180 animalia
955 1121 1240 1199 quaedam
1286 1125 1541 1204 minuta,
1599 1141 1749 1202 quae
1795 1142 1915 1183 non
1961 1132 2215 1203 possunt
2261 1124 2419 1184 oculi
2464 1143 2600 1186 con·

291 1225 500 1303 sequi,
559 1231 619 1284 et
676 1242 786 1303 per
843 1245 979 1286 aera
1034 1229 1196 1289 intus
1252 1231 1312 1289 in
1370 1248 1589 1308 corpus
1637 1248 1746 1309 per
1792 1250 1858 1292 os
1906 1251 1973 1292 ac
2021 1249 2196 1291 nares
2243 1234 2600 1309 perveniunt

292 1338 477 1410 atque
527 1333 798 1394 efficiunt
845 1334 1103 1396 difficilis
1147 1334 1405 1397 morbos,
1498 1336 1864 1418 FundaniuS,
1911 1338 2064 1408 Quid
2113 1345 2339 1419 potero,
2387 1340 2599 1419 inquit,

291 1437 524 1521 facere,
573 1442 627 1500 si
674 1443 849 1501 istius
896 1442 1055 1502 modi
1104 1445 1185 1503 mi
1234 1442 1454 1504 fundus
1500 1444 1821 1505 hereditati
1867 1444 2191 1525 obvenerit,
2238 1464 2356 1524 quo
2404 1448 2599 1506 minus

213 1559 263 1598 ιο
292 1546 640 1622 pestilentia
716 1547 971 1610 noceat?
1077 1550 1238 1612 istuc
1305 1549 1394 1610 vel
1461 1568 1570 1628 ego
1637 1570 1881 1630 possum
1947 1551 2337 1633 respondere,
2411 1554 2608 1631 inquit

292 1654 543 1732 Agrius:
609 1656 857 1736 vendaS,
922 1665 1067 1734 quot
1123 1656 1354 1717 assibus
1409 1660 1630 1738 possiS,
1681 1666 1789 1719 aut
1835 1661 1885 1718 si
1933 1676 2221 1740 nequeas,
2275 1659 2596 1738 relinquas

293 1760 373 1820 At
431 1761 667 1843 Scrofa,
731 1762 1075 1844 Vitandum,
1139 1766 1359 1846 inquit,
1425 1783 1499 1825 ne
1562 1767 1626 1825 in
1682 1785 1810 1827 eam
1866 1773 2096 1844 partem
2152 1774 2383 1845 spectet
2438 1766 2587 1848 villa,
2609 1787 2647 1845 3

293 1886 327 1926 e
376 1868 598 1948 quibus
645 1877 859 1931 ventus
906 1873 1141 1949 gravior
1180 1890 1269 1931 ex
1324 1870 1397 1932 iis
1453 1871 1724 1951 partibus
1780 1872 1998 1933 adflare
2055 1873 2266 1955 soleat,
2327 1892 2475 1935 neve
2534 1875 2597 1934 in

297 1976 550 2037 convalli
606 1996 743 2038 cava
802 1985 862 2037 et
914 1986 984 2038 ut
1038 1981 1237 2057 potius
1293 1981 1354 2038 in
1412 1978 1655 2039 sublimi
1709 1979 1840 2039 loco
1908 1979 2210 2054 aedificeS,
2276 1983 2380 2059 qui
2436 1980 2595 2060 quod
2635 1990 2676 2004 ²

220 2100 270 2141 15
297 2083 615 2160 perflatur‚·
654 2085 867 2165 siquod
916 2093 1009 2145 est
1055 2086 1211 2164 quod
1260 2086 1665 2146 adversarium
1713 2086 2023 2167 inferatur,
2070 2086 2301 2147 facilius
2350 2088 2592 2148 discuti·

297 2197 411 2250 tur.
502 2201 814 2269 praeterea
878 2192 1035 2270 quod
1093 2192 1165 2252 ab
1215 2193 1337 2253 sole
1385 2202 1510 2257 toto
1557 2193 1653 2253 die
1701 2193 2080 2269 inlustratur,
2138 2193 2434 2253 salubrior
2480 2202 2591 2273 est,

298 2299 452 2374 quod
520 2306 581 2358 et
647 2296 957 2378 bestiolae,
1023 2301 1227 2377 siquae
1291 2318 1478 2378 prope
1544 2308 1873 2360 nascuntur
1939 2308 1998 2360 et
2062 2301 2430 2381 inferuntur,
2488 2307 2593 2360 aut

301 2403 571 2466 el'ssantur
623 2412 731 2465 aut
785 2405 1081 2465 aritudine
1129 2408 1247 2467 cito
1293 2415 1567 2484 pereunt.
1660 2406 1846 2466 nimbi
1892 2409 2190 2486 repentini
2235 2426 2303 2468 ac
2350 2411 2643 2467 tomen-4

299 2518 386 2570 tes
429 2511 596 2572 fluvii
644 2512 970 2590 periculosi
1014 2512 1147 2592 illis,
1195 2515 1299 2592 qui
1344 2515 1406 2573 in
1452 2512 1780 2574 humilibus
1827 2532 1893 2574 ac
1942 2515 2102 2574 cavis
2138 2513 2286 2574 locis
2323 2514 2590 2575 aedificia

225 2634 276 2673 20
302 2617 540 2700 hahent,
593 2628 655 2680 et
702 2622 1047 2700 repentinae
1095 2599 1462 2699 praedonum
1508 2640 1721 2682 manus
1768 2621 1925 2700 quod
1974 2624 2309 2701 inprovisos
2356 2623 2588 2684 facilius

182 2781 191 2792 .
274 2728 633 2806 opprimere
678 2735 958 2809 possunt,
1005 2727 1078 2788 ab
1126 2727 1236 2788 hac
1282 2736 1535 2807 utraque
1584 2731 1893 2807 superiora
1940 2729 2069 2790 loca
2117 2731 2353 2790 tutiora.

400 2995 427 3041 1
464 2988 657 3060 posita.
694 2991 782 3043 est
808 2989 929 3042 AB
963 2988 1237 3044 Victorius
1271 2987 1459 3057 posita
1493 2988 1568 3042 sit
1608 2988 1660 3042 V
1763 2991 1985 3044 exortos
2017 2988 2199 3043 PAB
2237 2993 2460 3045 exortus
2488 3008 2584 3046 mv

397 3085 427 3132 2
463 3079 639 3135 habet
668 3078 784 3133 PB
819 3077 1094 3133 Victorius
1128 3077 1303 3132 habes
1332 3079 1385 3131 A
1422 3077 1633 3132 habeat
1658 3093 1691 3132 v
1799 3079 1997 3133 umbra
2022 3078 2079 3132 A
2106 3095 2245 3134 corr.
2272 3079 2474 3134 umbra
2501 3080 2585 3134 A2

428 3168 630 3239 hyeme
680 3167 735 3222 V
828 3167 1005 3221 solem
1049 3168 1477 3237 superscriptum
1521 3168 1586 3236 in
1632 3168 1686 3221 A
1795 3166 1883 3220 ein
1919 3185 1958 3235 g
1996 3184 2213 3237 cogare,
2250 3170 2343 3223 sed
2377 3187 2418 3238 g
2453 3175 2583 3238 post

297 3255 377 3310 sin
403 3258 634 3313 deletum
660 3258 715 3311 A
824 3263 857 3309 3
896 3257 1193 3311 aduersum
1224 3274 1352 3311 eum
1389 3256 1572 3310 PAB
1602 3255 1897 3310 aduersum
1936 3273 2130 3310 eurum
2155 3274 2189 3312 v
2296 3256 2494 3327 hyeme
2534 3259 2586 3313 V

428 3351 462 3400 4
501 3345 910 3401 aduertendum
947 3346 1104 3400 Bmv
1142 3346 1508 3401 auertendum
1546 3345 1656 3399 PA
1802 3350 1836 3399 5
1873 3347 2134 3422 arescunt
2176 3347 2366 3402 delevit
2414 3349 2579 3402 Zahl-

294 3435 419 3500 seldt
463 3441 668 3505 quaest.
717 3436 840 3490 crit.
877 3437 941 3489 in
988 3435 1150 3490 Varr.
1187 3451 1290 3490 rer.
1328 3440 1458 3490 rust.
1502 3435 1625 3489 libr.
1657 3451 1718 3503 p.
1756 3441 1831 3490 18
1975 3441 2007 3488 6
2045 3435 2288 3503 quedam
2321 3440 2329 3505 Ι
2361 3434 2581 3491 minuta

292 3524 525 3594 quedam
563 3523 801 3592 minuta,
839 3525 931 3578 sed
966 3522 1186 3578 minuta
1212 3525 1514 3594 posteriore
1550 3526 1664 3579 loco
1701 3525 1929 3578 deletum
1965 3522 2022 3576 A
2167 3531 2199 3579 8
2238 3524 2486 3580 effitiunt
2521 3528 2579 3579 A

442 3611 695 3667 difficilis
733 3613 917 3667 PAR
952 3611 1211 3667 difficiles
1246 3631 1279 3667 v
1421 3613 1648 3667 morbus
1684 3628 1823 3667 corr.
1861 3642 1929 3651 —
1968 3628 2030 3665 os
2058 3612 2113 3666 A
2256 3611 2441 3681 inquit
2475 3613 2578 3668 VB

291 3698 481 3769 inquid
518 3701 573 3755 A
686 3707 717 3755 9
757 3701 836 3756 mi
873 3702 990 3756 PB
1027 3702 1303 3758 Victorius
1336 3702 1398 3755 in
1433 3718 1570 3758 corr.
1609 3700 1689 3755 mi
1715 3702 1769 3754 A
1807 3699 1949 3754 mihi
1985 3718 2018 3755 v
2126 3700 2431 3777 hereditati
2457 3702 2577 3756 AB

287 3823 622 3881 haereditati
654 3825 712 3879 P
744 3826 1092 3881 haereditate
1120 3844 1152 3881 v
1281 3832 1348 3880 10
1385 3828 1627 3881 noceant
1653 3827 1709 3881 A
1825 3800 2036 3895 possim
2073 3827 2129 3881 A
2243 3826 2430 3895 inquit
2465 3825 2577 3880 VB

287 3913 475 3983 inquid
512 3914 569 3969 A
718 3921 782 3969 11
833 3918 971 3984 quot
1015 3915 1233 3970 assibus
1283 3916 1393 3969 VB
1438 3917 1591 3984 quod
1636 3914 1849 3970 assibus
1886 3918 1941 3970 A
2085 3932 2297 3983 nequas
2333 3917 2390 3969 A
2435 3930 2571 3969 corr.

285 4020 525 4072 nequeas
571 4003 655 4057 ΑΞ
805 4010 867 4058 12
914 4005 1099 4074 inquit
1146 4004 1258 4058 VB
1302 4003 1503 4073 inquid
1548 4004 1606 4058 A
1747 4019 1819 4057 ne
1873 4003 1933 4057 in
1982 4020 2076 4058 eas
2122 4005 2310 4073 partes
2356 4003 2577 4073 spectet

284 4092 440 4162 uilla,
494 4109 564 4147 ex
610 4092 816 4161 quibus
861 4095 1063 4148 uentus
1111 4093 1338 4163 grauior
1384 4093 1575 4148 afflare
1624 4092 1804 4147 soleat
1850 4094 2145 4148 Iucundus
2285 4091 2481 4145 uillam
2518 4090 2575 4145 A

424 4188 489 4237 13
528 4181 739 4236 adflare
769 4180 824 4235 A
861 4182 1050 4237 afflare
1086 4181 1200 4236 VB
1317 4187 1382 4235 15
1419 4184 1651 4249 fortasse
1688 4180 1736 4235 si
1774 4182 1862 4236 est
1898 4182 2047 4249 quod
2166 4186 2232 4234 16
2272 4181 2342 4234 ab
2373 4179 2491 4234 sole
2526 4179 2580 4233 V

281 4288 323 4350 a·
347 4273 464 4326 sole
500 4271 628 4344 AB
772 4269 1102 4326 inlustratur
1135 4273 1187 4325 A
1226 4269 1541 4325 illustratur
1579 4270 1694 4325 VB
1839 4270 2114 4325 salubrior
2151 4272 2239 4323 est
2276 4268 2386 4323 VB
2426 4267 2572 4323 salu-

280 4359 456 4416 briore
503 4360 560 4414 A
711 4365 778 4413 18
824 4361 1074 4414 toi-entes
1111 4363 1166 4415 A
1313 4366 1382 4414 20
1416 4360 1735 4431 inprouisos
1771 4360 1827 4414 A
1863 4356 2197 4428 improuisos
2247 4357 2357 4411 VB
2502 4364 2569 4412 21

278 4449 347 4505 ab
388 4450 497 4505 hac
544 4449 785 4517 utraque
822 4449 959 4511 PB,
986 4449 1057 4502 ab
1103 4466 1171 4503 ac
1215 4451 1450 4517 utraque
1487 4449 1543 4503 A
1589 4449 1663 4505 ab
1710 4450 1947 4517 utroque
1984 4465 2016 4503 v
2047 4487 2059 4501 .
2087 4448 2318 4515 fortasse
2353 4447 2425 4500 ab
2463 4448 2574 4501 hac

279 4542 507 4608 utraque
544 4553 607 4591 re
2015 4580 2021 4586 q

2039 4631 2104 4679 10
2114 4626 2145 4660 ³¹⁸
