3178 5185
816 428 1074 482 RERVM
1110 427 1581 482 RVSTICARVM
1619 427 1753 481 LIB.
1794 426 1873 479 III
1912 429 1948 481 2
2409 428 2539 491 269

299 595 357 651 in
406 592 521 652 cella
570 611 759 672 neque
808 597 869 654 in
918 597 1189 673 granario
1239 596 1496 654 messim.
1591 612 1725 652 nam
1774 593 1930 671 qnod
1980 599 2143 651 extra
2193 592 2402 652 urbem
2451 602 2542 653 est

296 699 598 779 aedificium,
643 701 828 761 nihilo
875 704 1063 780 magis
1109 701 1243 761 ideo
1292 710 1385 761 est
1431 700 1586 776 villa,
1636 718 1810 779 quam
1859 718 2063 759 eorum
2104 698 2388 778 aedificia,
2437 700 2540 778 qui

297 806 522 866 habitant
563 815 723 867 extra
770 816 1001 887 portam
1049 808 1467 868 flumentanam
1519 815 1622 867 aut
1667 808 1728 866 in
1775 806 2138 867 Aemilianis,

444 914 646 992 Appius
694 914 1030 995 subridenS‚
1077 914 1365 984 Quoniam
1406 933 1514 993 ego
1554 916 1782 993 ignom,
1821 916 2031 993 inquit,
2082 914 2221 993 quid
2266 914 2343 972 sit
2381 910 2530 988 villa,
2599 917 2633 973 7

249 1017 444 1077 5velim
491 1039 575 1080 me
627 1022 868 1100 doceaS‚
928 1040 999 1081 ne
1059 1020 1222 1106 labar
1278 1020 1686 1101 inprudentia,
1744 1021 1900 1098 quod
1959 1020 2090 1080 volo
2138 1038 2335 1079 emere
2382 1039 2415 1078 a
2464 1017 2536 1076 M.

293 1124 414 1184 Seio
461 1129 514 1186 in
565 1127 824 1188 Ostiensi
889 1128 1098 1189 villam.
1203 1129 1359 1208 quod
1427 1132 1475 1188 si
1533 1147 1601 1189 ea
1658 1128 1922 1188 aedificia
1979 1128 2148 1188 villae
2205 1147 2322 1187 non
2383 1135 2538 1205 sunt,

292 1250 425 1308 quae
486 1236 701 1295 asinum
778 1245 974 1314 tunm,
1051 1254 1225 1314 quem
1302 1235 1449 1295 mihi
1506 1235 1901 1315 quadraginta
1968 1235 2208 1295 milibus
2274 1241 2536 1312 emptum

291 1340 598 1401 ostendebas
643 1355 789 1421 aput
835 1351 912 1423 te,
958 1362 1077 1402 non
1125 1342 1361 1422 hahent,
1410 1350 1610 1403 metuo
1650 1362 1724 1402 ne
1764 1361 1873 1420 pro
1912 1342 2044 1401 villa
2086 1360 2275 1401 emam
2317 1338 2534 1417 [Ostia]

289 1446 343 1503 in
393 1446 540 1508 litore
584 1450 825 1510 Seianas
880 1450 1074 1509 aedes·
1167 1450 1323 1528 quod
1372 1450 1706 1509 aedificium
1754 1450 1850 1508 hio
1899 1467 1991 1508 me
2039 1448 2260 1509 Lucius
2306 1447 2529 1507 Merula
2596 1452 2634 1507 8

228 1568 268 1604 10
290 1553 479 1629 inpulit
511 1565 570 1615 ut
604 1575 886 1636 cuperem
926 1555 1164 1636 hahere,
1213 1574 1348 1615 cnm
1388 1557 1616 1616 diceret
1651 1556 1871 1616 nullam
1902 1575 1963 1615 se
1994 1558 2294 1634 accepisse
2326 1554 2537 1634 villam,

286 1678 388 1737 qua
439 1664 598 1741 magis
655 1664 985 1724 delectatus
1043 1671 1230 1741 esset,
1285 1681 1421 1723 cum
1469 1663 1625 1740 apud
1676 1681 1813 1723 eum
1861 1663 1989 1722 dies
2037 1662 2261 1741 aliquot
2309 1662 2536 1721 fuisset.

284 1784 382 1825 neo
425 1775 595 1829 tamen
642 1770 724 1831 ihi
775 1790 837 1830 se
886 1771 1104 1830 vidisse
1151 1769 1409 1829 tabulam
1460 1771 1679 1847 pictam
1727 1788 1921 1848 neque
1972 1771 2207 1848 signum
2245 1770 2535 1829 aheneum

283 1882 371 1933 aut
424 1894 795 1937 marmoreum
852 1877 1066 1957 ullum,
1126 1876 1312 1936 nihilo
1369 1879 1557 1955 magis
1614 1875 1839 1936 torcula
1900 1896 2031 1936 vasa
2090 1854 2537 1937 vindemiatoria

282 1990 369 2041 aut
413 1986 575 2044 serias
623 1984 872 2044 olearias
920 1993 1021 2045 aut
1067 1992 1344 2063 trapetas.
1427 1985 1611 2043 Axius
1659 1986 1871 2062 aspicit
1916 1984 2199 2045 Merulam
2248 1991 2326 2063 et,
2372 1982 2525 2052 Quid
2596 1988 2630 2042 9

220 2097 260 2134 15
285 2086 470 2165 [gus]?
506 2093 709 2172 inquit,
749 2099 841 2151 est
888 2093 999 2151 ista
1037 2091 1187 2171 villa,
1237 2093 1287 2150 si
1326 2109 1436 2150 neo
1475 2091 1699 2151 urbana
1740 2090 1917 2150 hahet
1955 2098 2298 2151 ornamenta
2340 2107 2532 2169 neqne

285 2197 479 2254 rustica
520 2195 819 2258 membra?
886 2199 1038 2268 Quoi
1086 2198 1200 2277 ille,
1239 2197 1393 2258 Num
1431 2199 1630 2257 minus
1677 2197 1809 2257 villa
1849 2205 1948 2258 tua
1989 2201 2104 2258 erit
2141 2198 2212 2257 ad
2252 2196 2533 2274 angulum

285 2297 472 2381 Velini,
523 2323 688 2382 quam
736 2323 931 2382 neque
978 2305 1174 2382 pictor
1220 2322 1415 2383 neque
1464 2311 1660 2363 tector
1705 2304 1853 2364 vidit
1899 2323 2207 2386 umquam,
2256 2323 2431 2384 quam
2472 2306 2532 2364 in

285 2403 459 2487 Rosia,
509 2429 647 2488 quae
703 2419 796 2471 est
851 2411 1032 2489 polita
1089 2429 1267 2489 opere
1327 2413 1576 2496 tectorio
1636 2410 1964 2491 eleganter,
2022 2430 2196 2490 quam
2255 2412 2533 2472 dominus

284 2509 440 2573 hahes
505 2537 869 2578 communem
934 2537 1068 2579 cum
1133 2515 1343 2578 asino?
1453 2518 1599 2577 Cum
1666 2520 2057 2596 significasset
2121 2525 2274 2578 nutu
2339 2518 2523 2578 nihilo
2549 2523 2631 2578 10

405 2766 432 2812 7
466 2762 669 2816 asinum
707 2765 868 2817 tuum
906 2763 1059 2816 Ptin.
1098 2767 1156 2829 8,
1192 2766 1304 2817 167

404 2999 429 3046 1
464 3012 563 3050 nan
600 2996 752 3065 quod
789 2995 845 3049 A
989 3000 1021 3047 2
1059 2994 1267 3048 nichilo
1295 2994 1350 3047 A
1991 3067 2001 3078 ·

399 3124 431 3171 4
464 3121 742 3175 subridens
787 3120 903 3175 VA
940 3118 1220 3172 surridens
1253 3120 1310 3172 Β
1453 3136 1559 3188 ego
1598 3067 2076 3187 igndoinquidmsiit
2100 3120 2156 3174 A
2299 3125 2331 3173 5
2370 3119 2532 3173 labar

282 3201 618 3273 imprudentia
684 3211 962 3265 Victorius
1014 3208 1176 3262 labar
1230 3207 1287 3260 in
1343 3208 1780 3277 imprudentiam
1847 3209 1959 3262 VB
2014 3209 2173 3263 labar
2225 3207 2284 3261 in
2323 3249 2336 3264 .
2373 3217 2529 3278 ipru—

283 3292 495 3352 dentiam
533 3317 649 3355 una
694 3300 879 3354 littera
907 3304 1035 3367 post
1070 3298 1129 3351 in
1165 3299 1338 3352 deleta
1373 3297 1429 3352 A
1577 3303 1607 3350 7
1648 3297 2071 3368 quadringentis
2108 3297 2334 3352 milibus
2372 3316 2528 3351 num·

281 3397 409 3437 mum
453 3388 665 3444 Plinius
721 3388 897 3442 VIII
953 3392 1061 3442 167
1241 3393 1272 3441 8
1330 3386 1665 3441 ostendebat
1710 3387 1766 3442 A
1945 3390 2084 3456 aput
2126 3389 2183 3441 te
2221 3387 2335 3442 PA
2381 3386 2530 3456 apud

283 3469 329 3521 te
366 3474 452 3528 Bv
581 3477 730 3532 ostia
772 3478 888 3531 PB
941 3474 1130 3530 hostia
1173 3475 1291 3530 Am
1347 3476 1526 3531 ostiae
1570 3494 1603 3531 v
1748 3483 1780 3530 9
1836 3477 2026 3531 littore
2085 3476 2197 3530 VA
2340 3476 2564 3530 seiana'

283 3558 413 3615 sedes
436 3565 485 3617 B
619 3567 896 3622 edifitium
923 3566 979 3621 A
1104 3566 1198 3618 hic
1233 3582 1323 3619 me
1351 3565 1474 3620 AB
1511 3566 1643 3620 hino
1678 3583 1769 3620 me
1806 3566 1859 3619 V
1981 3572 2048 3619 10
2086 3563 2313 3635 impulit
2354 3564 2532 3619 VAB

306 3658 313 3667 ’
399 3653 587 3711 diceret
623 3656 740 3710 VA
778 3655 931 3710 dicet
957 3656 1013 3709 B
1160 3661 1222 3708 11
1265 3654 1484 3723 aliquot
1523 3655 1635 3708 VB
1673 3654 1902 3723 aliquod
1932 3655 1987 3708 A
2135 3661 2200 3708 13
2237 3654 2446 3708 nichilo
2475 3654 2531 3708 A

401 3749 459 3796 14
491 3746 655 3801 serias
705 3745 758 3798 V
800 3759 960 3798 senas
997 3743 1120 3798 AB
1300 3746 1398 3798 aut
1440 3745 1692 3813 trapetas
1726 3744 1845 3799 Am
1881 3762 1949 3798 ae
1985 3745 2237 3813 trapetas
2284 3743 2394 3796 VB
2431 3746 2531 3796 aut

283 3825 466 3897 trapeta
497 3835 789 3892 Iueundus
931 3833 1088 3887 axius
1137 3833 1310 3887 VAm
1347 3832 1543 3887 auxius
1581 3835 1639 3887 Β
1783 3835 1842 3888 et
1886 3833 2019 3901 quid
2056 3850 2159 3903 gus
2195 3831 2380 3901 inquit
2410 3832 2528 3884 ΡΒ

284 3916 330 3965 et
381 3920 497 3986 quid
553 3942 657 3994 gns
722 3921 921 3991 inquid
975 3910 1047 3974 A¹
1089 3925 1147 3976 et
1201 3923 1335 3990 quid
1389 3922 1573 3990 inquit
1631 3925 1834 3978 lacuna
1883 3928 2008 3992 post
2063 3922 2199 3991 quid
2252 3922 2444 3975 relicta
2496 3937 2529 3974 v

285 4002 330 4053 0ss
365 4008 481 4073 quid
518 4011 693 4082 igitur
738 4011 926 4080 inquit
972 4013 1279 4067 Iucundus.
1369 4012 1646 4081 ‘Antiqua
1695 4013 1848 4067 lectio
1894 4014 2202 4081 deprauata
2230 4032 2243 4064 ε
2272 4011 2351 4064 sic
2386 4010 2529 4063 enim

284 4087 445 4150 habent
489 4103 728 4156 meliores
781 4103 1015 4168 codices,
1069 4101 1145 4155 Et
1189 4102 1326 4169 quid
1371 4118 1475 4169 gns
1522 4101 1729 4170 inquit,
1787 4103 1915 4158 ete.²
2005 4101 2281 4155 Victorius
2462 4105 2527 4152 16

286 4192 371 4243 (1¹¹0
409 4185 494 4242 ille
519 4190 696 4245 PAB
744 4191 836 4244 oui
879 4189 978 4244 ille
1013 4207 1045 4244 v
1225 4191 1505 4245 nummius
1542 4190 1683 4245 uilla
1719 4192 1820 4245 tua
1857 4192 1937 4245 eit
1969 4190 2157 4244 PAB
2191 4205 2306 4241 non
2343 4188 2527 4242 minus

287 4265 396 4325 uilla
439 4277 525 4334 tua
579 4279 695 4334 erit
734 4297 768 4333 v
820 4297 955 4332 num
1011 4279 1196 4333 minus
1251 4278 1392 4333 uilla
1444 4282 1545 4333 tua
1592 4281 1679 4333 est
1724 4280 2002 4345 Zahlfeldt
2046 4283 2247 4347 quaest.
2296 4279 2421 4337 crit.
2465 4278 2529 4331 in

296 4351 422 4414 Varr.
454 4383 548 4421 rer.
586 4372 723 4422 rust.
764 4368 886 4422 libr.
919 4385 978 4437 p.
1008 4372 1082 4424 32
1195 4375 1257 4422 17
1296 4368 1469 4423 uelini
1507 4385 1679 4436 quam
1718 4367 1771 4420 V
1801 4366 1893 4421 uel
1925 4370 1933 4436 Ι
1965 4366 2044 4419 im
2073 4384 2241 4435 quam
2270 4366 2325 4419 A
2355 4364 2529 4421 uelini

290 4458 421 4509 quam
452 4456 788 4525 ueliniquam
824 4458 881 4510 Β
1026 4475 1272 4525 unquam
1316 4457 1492 4511 VAB
1643 4462 1707 4510 18
1750 4456 1899 4511 rosia
1935 4456 2116 4510 PAB
2151 4471 2316 4510 rosea
2352 4472 2384 4509 v

291 4539 338 4586 ¹9
368 4541 550 4602 nichilo
587 4547 640 4599 A
