3178 5185
852 390 1112 444 RERVM
1157 389 1638 446 RVSTICARVM
1684 392 1819 446 LIB.
1858 393 1942 446 III
1983 389 2020 446 5
2458 383 2590 447 239

302 547 438 605 nino
487 563 717 620 yenere
772 549 1018 607 canales
1076 548 1261 607 dixit:
1326 554 1532 606 contra
1595 549 2032 621 canaliculum,
2094 564 2209 606 non
2270 549 2586 607 canalicu-

303 654 413 711 lam
459 650 541 710 ΙΙΙ
583 647 644 732 5,
689 648 790 712 14.

469 756 555 817 Et
602 776 680 817 ex
731 759 841 818 eis
900 756 1164 818 caduca
1223 775 1402 836 quae
1461 757 1773 817 abundat
1828 775 1954 836 per
2004 757 2329 818 fistulam
2388 760 2583 818 exire

299 882 374 923 ne
421 863 576 925 luto
624 882 788 924 aves
836 863 1202 942 laborent]
1255 865 1334 924 Et
1378 883 1458 925 ex
1512 867 1600 925 eis
1658 867 1926 940 caduca,
1984 882 2143 939 quae
2200 867 2480 925 abundat
2523 873 2583 925 et

297 974 417 1030 exit
454 989 573 1046 per
611 975 907 1052 fistulam,
958 969 1120 1046 facit
1176 977 1244 1030 ut
1287 974 1410 1030 luto
1458 989 1601 1031 aves
1656 973 1934 1032 laborent
1980 969 2298 1031 Iucundus.
2380 970 2593 1030 arche··

297 1079 410 1155 typi
449 1076 762 1137 lectionem
804 1076 1101 1137 Victorius
1141 1079 1420 1137 restituit.
1486 1095 1646 1152 quae
1684 1080 1966 1138 abundat
2001 1084 2297 1156 tamquam
2328 1077 2580 1155 glossam

298 1186 450 1244 vocis
500 1187 744 1245 caduca
795 1183 1044 1244 Ursinus
1096 1192 1155 1243 et
1202 1183 1486 1244 Schottus
1532 1183 1764 1246 observ.
1803 1183 2010 1244 histor.
2049 1182 2109 1264 3,
2139 1181 2178 1246 8
2218 1183 2587 1263 deleverunt,

296 1290 528 1350 inclusit
578 1290 897 1352 GesneruS.
983 1293 1285 1352 caducam
1331 1290 1490 1350 idem
1530 1290 1832 1351 Gesnerus
1880 1290 2260 1351 scribendum
2306 1292 2577 1351 coniecit.

294 1395 360 1456 de
407 1397 628 1457 caduca
687 1416 838 1476 aqua
895 1397 1216 1458 Frontinus
1273 1397 1345 1457 de
1404 1399 1574 1476 aquis
1622 1397 1676 1456 Π
1714 1395 1800 1458 94
1856 1396 2032 1458 habet
2087 1397 2257 1478 haec,
2318 1417 2396 1458 ne
2450 1400 2584 1472 quis

285 1506 561 1578 privatus
608 1507 792 1564 aliam
840 1522 1062 1579 aquam
1110 1506 1315 1578 ducat,
1361 1522 1543 1579 quam
1580 1521 1739 1579 quae
1776 1523 1856 1565 ex
1891 1509 2032 1565 lacu
2070 1507 2313 1564 humum
2353 1507 2586 1564 accidit

293 1611 469 1681 (haec
517 1613 677 1683 enim
722 1618 864 1671 sunt
908 1613 1095 1671 verba
1142 1613 1347 1686 lepis),
1405 1614 1472 1671 id
1526 1618 1617 1671 est
1660 1629 1818 1685 quae
1881 1630 1961 1671 ex
2015 1615 2157 1671 lacu
2215 1613 2579 1671 abundavit:

294 1734 417 1776 eam
462 1733 573 1777 nos
621 1718 923 1777 caducam
971 1734 1255 1778 vocamus
1264 1738 1289 1788 ;
1344 1716 1421 1776 ib.
1466 1713 1595 1777 110
1658 1720 2063 1794 impetrantur
2110 1724 2310 1779 autem
2366 1723 2425 1777 et
2470 1734 2581 1776 eae

293 1840 486 1897 aquae
533 1841 694 1898 quae
739 1826 1018 1884 caducae
1064 1830 1381 1897 vocantur,
1430 1826 1497 1884 id
1540 1830 1631 1884 est
1675 1841 1833 1897 quae
1880 1830 1987 1883 aut
2033 1842 2112 1883 ex
2159 1825 2424 1884 castellis
2471 1829 2580 1882 aut

296 1947 369 1989 ex
402 1931 854 1991 manationibus
892 1934 1242 2004 fistularum
1281 1932 1614 1990 abundant.
1658 2004 1659 2007 Ἴ
1691 1948 1763 1988 ex
1802 1927 2019 2008 quibus
2060 1928 2213 2009 apud
2254 1927 2576 1988 Varronem

296 2033 541 2095 dilucida
604 2038 668 2096 tit
721 2035 1038 2097 verborum
1097 2038 1466 2111 coniunctio,
1522 2039 1583 2096 in
1641 2053 1755 2114 qua
1815 2037 2174 2114 interpretes
2230 2035 2579 2095 haeserunt:

294 2159 515 2222 aquam,
574 2161 724 2220 quae
774 2143 993 2203 caduca
1041 2161 1110 2202 ex
1161 2142 1461 2203 canalibus
1509 2141 1786 2223 abundat,
1842 2141 1898 2201 h.
1937 2160 1987 2202 e.
2035 2160 2184 2220 quae
2232 2141 2450 2201 caduca
2500 2141 2580 2219 fit,

297 2247 428 2308 dum
486 2248 750 2309 abundat
807 2268 876 2309 ex
936 2249 1266 2330 canalibuS,
1322 2268 1429 2329 per
1485 2248 1740 2309 fistulam
1800 2250 1961 2308 exire
2019 2256 2270 2327 oportet.
2363 2246 2577 2307 deinde

300 2358 550 2416 cocliam
598 2354 818 2415 habent
867 2355 999 2416 libri
1051 2375 1228 2421 manu
1277 2357 1500 2435 scripti,
1556 2357 1855 2416 cochliam
1899 2356 1967 2414 in·
2009 2355 2277 2433 principe
2326 2353 2582 2412 editione

295 2459 616 2522 Politianus
664 2479 783 2521 non
831 2463 1107 2522 correxit.

458 2564 499 2630 3
566 2566 663 2629 Ne
721 2585 855 2648 qua
910 2569 1192 2629 intrare
1249 2565 1440 2645 mus]
1498 2569 1588 2629 Ne
1646 2585 1810 2643 aqua
1867 2567 2046 2629 editio
2096 2565 2340 2627 Victorii
2397 2568 2577 2627 mani-

291 2673 430 2735 festo
480 2693 707 2756 errore,
755 2676 859 2753 qui
904 2681 1099 2735 tamen
1140 2674 1212 2734 ab
1253 2673 1600 2756 editoribus„
1648 2677 1751 2753 qui
1789 2674 1947 2736 illam
1987 2682 2429 2754 expresserunt,
2480 2692 2571 2734 re—

294 2783 509 2858 petitus
559 2792 667 2842 est.

456 2885 500 2948 4
567 2887 829 2950 Multos
869 2907 1026 2949 esse
1065 2888 1265 2967 palos
1306 2888 1424 2949 ubi
1464 2907 1634 2949 aues
1672 2888 2009 2948 adsidere
2055 2890 2340 2965 possint
2376 2906 2582 2966 prae-

289 2999 483 3055 terea
535 3014 569 3055 e
627 2997 941 3073 perticis
998 2993 1388 3055 inclinatis
1445 3014 1524 3054 ex
1582 2996 1789 3056 humo
1848 2995 1924 3054 ad
1985 2996 2335 3072 parietem
2392 3002 2459 3054 et
2513 2997 2583 3055 in

289 3101 387 3159 eis
434 3100 1201 3179 trauersisgradatim
1260 3101 1558 3162 modicis
1616 3079 2046 3162 interuallis
2105 3103 2409 3180 perticis
2466 3102 2581 3161 ad-

297 3208 490 3266 nexis
550 3207 631 3267 ad
690 3209 1001 3287 speciem
1063 3207 1551 3268 cancellorum
1620 3211 2068 3269 scenicorum
2136 3226 2211 3267 ac
2279 3205 2581 3284 theatri]

297 3312 630 3374 Praeterea
677 3321 736 3373 et
772 3317 1047 3391 perticas
1094 3318 1422 3376 inclinatas
1469 3335 1547 3377 ex
1595 3319 1773 3377 humo
1823 3319 1909 3376 ad
1944 3318 2244 3392 parietem
2292 3321 2350 3374 et
2396 3318 2458 3374 in
2497 3316 2583 3374 eis

296 3424 678 3481 transversas
725 3424 881 3481 alias
928 3424 1244 3496 yradatim
1281 3425 1533 3483 modicis
1572 3425 1907 3483 intervallis
1952 3440 2236 3483 annexas
2273 3419 2575 3481 Iucundus

299 3526 600 3605 archetypi
667 3525 979 3586 lectionem
1047 3526 1343 3587 Victorius
1411 3530 1699 3610 restituit,
1768 3528 1871 3588 ubi
1932 3528 2232 3588 Gesnerus
2299 3530 2386 3587 ad
2447 3536 2580 3586 ante

300 3634 555 3709 speciem
604 3632 862 3713 inclusit,
913 3641 978 3694 ut
1024 3633 1472 3712 intellegeretur
1520 3630 1788 3713 ‘oportet
1837 3653 1967 3694 esse
2015 3629 2326 3713 speciem'.
2400 3652 2581 3710 prae-

300 3743 462 3800 terea
510 3747 571 3800 et
600 3743 876 3815 perticas
913 3743 1241 3801 inclinatas
1279 3759 1358 3800 ex
1395 3744 1572 3802 humo
1613 3745 1699 3802 ad
1724 3745 2027 3819 parietem
2066 3748 2123 3801 et
2161 3744 2222 3800 in
2262 3744 2348 3801 eis
2386 3747 2582 3801 trans-

293 3862 494 3906 versas
526 3849 845 3923 gradatim
883 3850 1143 3908 modicis
1173 3850 1511 3907 intervallis
1542 3852 1817 3924 perticas
1855 3866 2132 3908 annexas
2163 3846 2581 3906 SchneideruS.

296 3968 368 4011 ac
425 3956 657 4014 theatri
712 3953 867 4013 idem
925 3953 1168 4014 inclusit
1225 3972 1298 4014 ex
1346 3956 1686 4014 coniectura
1739 3953 1952 4016 Ursini.
2037 3934 2579 4032 deleta-praeposi-

295 4059 447 4119 tione
513 4079 547 4120 e
614 4060 825 4138 scripsi
877 4067 1211 4136 praeterea
1269 4064 1528 4137 perticis
1592 4064 1902 4122 inclinatis
1950 4078 2076 4139 sqq.
2138 4078 2272 4120 nam
2329 4059 2582 4139 ablativi,

295 4163 503 4241 quibus
571 4174 886 4244 apparatus
954 4165 1311 4227 describitur
1377 4170 1764 4247 perticarum,
1830 4184 1980 4245 quae
2046 4169 2106 4226 in
2173 4165 2438 4226 aedificio
2494 4169 2578 4225 iu—

296 4271 574 4331 struendo
624 4271 694 4331 ad
742 4271 906 4350 palos
954 4272 1271 4354 adduntur,
1311 4278 1568 4351 perticis
1616 4277 1921 4335 inclinatis
1965 4282 2023 4346 et
2062 4253 2274 4333 deiude
2315 4276 2572 4348 perticis

298 4378 568 4453 adnexis,
617 4378 1002 4438 offensionem
1051 4378 1271 4440 habere
1310 4399 1428 4440 non
1467 4380 1779 4441 debebant.
1855 4388 2092 4458 praeter
2130 4378 2309 4462 paloS,
2348 4380 2406 4438 in
2450 4381 2576 4457 qui-

292 4478 399 4543 bus
434 4503 571 4544 aves
610 4484 881 4545 adsidere
918 4488 1166 4567 possint,
1202 4489 1461 4564 perticae
1493 4506 1563 4546 ex
1600 4487 1779 4548 humo
1817 4487 1878 4546 in
1919 4489 2175 4565 parietes
2203 4486 2582 4547 inclinantur.
