3178 5185
629 377 754 440 100
1317 383 1697 439 ΟΟΜΜΕΝΤ,
1737 384 1816 437 IN
1853 382 2228 438 VARRONIS

622 557 947 619 pronomen
1014 540 1455 618 praepositione
1521 539 1744 599 dictum
1812 546 1903 599 est
1967 558 2074 617 pro
2140 533 2242 598 ‘ex
2321 558 2435 618 qua
2502 539 2710 599 arbore
2774 539 2889 599 vult

622 642 890 707 habere'.
965 646 1176 707 deinde
1215 665 1395 722 quam
1434 650 1709 708 inserere
1737 641 1861 707 vult
1889 646 1962 707 de
1992 646 2203 706 arbore
2243 664 2392 726 quae
2424 665 2639 707 novum
2676 665 2890 708 ramum

623 756 838 835 accipit
883 754 1106 815 dictum
1147 764 1255 830 est,
1296 757 1452 815 sicut
1488 754 1641 833 apud
1684 753 2066 814 Columellam
2106 754 2150 811 V
2191 752 2292 837 11,
2324 751 2363 815 3
2403 756 2685 815 arborem
2722 772 2891 829 quam

548 875 551 880 ·
623 864 896 923 inserere
933 866 1106 937 voles,
1144 861 1222 921 ib.
1256 860 1290 919 7
1331 866 1388 922 si
1415 865 1700 939 pusillam
1740 864 2023 923 arborem
2063 865 2336 922 inserere
2372 866 2533 922 voles
2573 870 2634 922 et
2670 864 2891 940 saepius

623 975 682 1028 et
729 968 884 1047 apud
932 967 1308 1029 Columellam
1359 977 1418 1029 et
1464 967 1618 1047 apud
1666 968 1940 1029 Plinium.
2016 972 2077 1028 in
2126 986 2259 1029 eam
2307 972 2368 1029 in
2412 986 2595 1044 quam
2634 972 2893 1056 inserere

620 1080 749 1136 vult
793 1077 1046 1136 coniecit
1094 1074 1157 1135 C.
1203 1074 1268 1134 F.
1317 1073 1404 1133 W.
1450 1073 1773 1135 Muellerus
1822 1074 2051 1154 ephem.
2099 1093 2359 1154 gymnas
2407 1074 2599 1137 Berol.
2644 1094 2690 1138 a.
2731 1073 2891 1137 1866

621 1200 676 1260 p.
716 1179 866 1243 487.
942 1181 1121 1242 verba
1168 1189 1365 1242 autem
1412 1186 1539 1242 vult
1584 1185 1862 1243 traducit
1907 1186 2161 1259 inplicat
2214 1184 2273 1242 in
2331 1184 2663 1263 praeceptis
2713 1185 2893 1263 posita

622 1298 762 1349 sunt
827 1291 955 1349 sine
1022 1291 1392 1369 pronomine,
1458 1288 1614 1368 quod
1683 1290 1942 1350 editores
2000 1288 2361 1350 addiderant.
2434 1289 2692 1370 denique
2747 1293 2900 1366 quod

623 1401 783 1457 intro
849 1403 938 1457 est
1002 1406 1060 1457 et
1123 1399 1288 1471 quod
1348 1401 1583 1457 caelum
1648 1399 1920 1457 visurum
1976 1404 2065 1458 est
2119 1397 2381 1480 diversas
2437 1406 2637 1477 partes
2696 1397 2894 1457 ramuli

621 1504 930 1582 significat.
1747 1515 1748 1518 ’

800 1609 964 1671 Cum
1032 1610 1488 1689 comprendit
1556 1610 1738 1670 unde
1805 1619 2271 1690 propagatum
2349 1620 2455 1673 est
2523 1611 2604 1671 ab
2683 1611 2895 1671 altera

622 1716 880 1778 arbore
928 1714 1325 1796 praecidit]
1385 1719 1474 1777 Ab
1523 1721 1724 1778 altera
1781 1718 2007 1778 arbore
2052 1717 2267 1778 Ursino
2317 1727 2558 1779 auctore
2608 1718 2898 1779 Gesnerus

602 1825 880 1886 inclusit.
958 1841 1095 1885 cum
1134 1826 1677 1901 comprehenderit,
1726 1827 1793 1885 id
1826 1827 1991 1899 quod
2018 1833 2427 1902 propaqatum
2465 1834 2554 1886 est
2591 1828 2670 1886 ab
2712 1830 2897 1887 altera

622 1933 847 1992 arbore
886 1933 1200 2008 praecidit
1246 1929 1649 1992 Schneiderus
1698 1933 1968 1993 coniecit.
2045 1932 2309 1993 ramulus
2365 1943 2518 2012 tum,
2576 1952 2716 1993 cum
2771 1951 2895 1993 con·

621 2038 885 2117 prendit,
944 2037 996 2098 h.
1045 2057 1094 2099 e.
1144 2039 1446 2099 concrevit
1502 2056 1638 2098 cum
1697 2056 1767 2098 eo
1814 2057 1998 2120 ram0,
2049 2040 2111 2098 in
2159 2057 2335 2117 quem
2392 2049 2754 2118 propagatus
2796 2047 2899 2120 est,

623 2144 693 2205 ab
743 2144 927 2205 altera
973 2143 1204 2226 arbore,
1252 2145 1410 2205 unde
1457 2147 1802 2224 propagatio
1851 2145 1999 2205 facta
2049 2152 2193 2225 erat,
2241 2145 2619 2224 praeciditur.

796 2256 920 2311 XLI
961 2248 994 2311 1
1064 2250 1212 2321 Quo
1259 2262 1583 2330 tempore
1634 2270 1914 2331 quaque
1963 2252 2369 2312 transferas
2424 2252 2596 2312 haec
2645 2255 2716 2313 in
2765 2255 2894 2331 pri-

625 2360 752 2418 mis
801 2358 1107 2424 uidenda
1148 2359 1476 2437 quodque
1517 2360 1725 2437 prius
1766 2377 1985 2419 uerno
2027 2369 2348 2439 tempore
2391 2358 2896 2419 inserebantur

623 2484 808 2526 nunc
867 2468 1078 2526 etiam
1136 2463 1555 2542 solstitiali]
1636 2467 1920 2541 Quaeque
1974 2466 2319 2542 transferas
2384 2464 2636 2547 Merula,
2695 2466 2894 2526 deinde

621 2575 785 2649 quod
838 2590 996 2648 quae
1044 2575 1222 2649 prius
1267 2571 1610 2633 Beroaldus.
1686 2590 1717 2633 e
1768 2571 1983 2653 quibus
2031 2592 2305 2649 quaeque
2351 2572 2700 2649 transferas
2753 2572 2894 2634 haud

622 2680 799 2740 dubie
858 2698 1064 2741 verum
1121 2688 1227 2740 est.
1313 2680 1414 2740 sed
1474 2683 1639 2755 quod
1690 2699 1848 2756 quae
1894 2684 2100 2758 prius,
2158 2681 2312 2759 quod
2376 2690 2511 2760 post
2555 2681 2893 2742 Beroaldum

622 2805 828 2847 omnes
867 2794 1244 2867 receperunt,
1281 2804 1475 2866 neque
1514 2806 1649 2847 cum
1691 2786 1886 2847 verbis
1925 2806 2119 2866 neque
2158 2807 2294 2849 cum
2334 2787 2534 2867 rebus,
2573 2788 2645 2848 de
2690 2787 2893 2868 quibus

622 2896 833 2973 agitur,
881 2895 1172 2954 convenit.
1248 2911 1380 2953 nam
1429 2911 1547 2952 non
1596 2893 1668 2953 de
1718 2896 1877 2954 omni
1931 2913 2148 2974 genere
2198 2896 2545 2955 insitionum
2595 2893 2740 2955 haec
2785 2895 2892 2954 dici

623 3009 884 3082 apparet,
932 3000 1033 3060 sed
1085 3000 1157 3060 de
1205 3001 1278 3060 iis
1335 3018 1483 3079 quae
1542 2999 1683 3060 olim
1741 3018 1922 3062 verno
1972 3010 2265 3082 tempore,
2320 3011 2524 3080 postea
2572 3005 2744 3062 etiam
2793 3000 2893 3061 sol-

619 3109 824 3170 stitiali
891 3109 1021 3168 fieri
1088 3106 1380 3189 solebant,
1445 3109 1502 3179 in
1565 3107 1784 3186 quibus
1840 3118 1978 3168 sunt
2035 3110 2131 3168 fici
2168 3105 2272 3190 39,
2310 3105 2369 3168 2.
2461 3110 2659 3189 itaque
2710 3108 2892 3169 deleto

620 3218 786 3291 quod
847 3216 1060 3294 scripsi
1127 3233 1243 3290 quo
1310 3222 1576 3290 tempore
1640 3233 1916 3290 quaeque
1980 3214 2354 3291 transferas,
2418 3218 2572 3278 haec
2632 3219 2894 3294 inprimis

622 3325 900 3397 videnda,
956 3340 1115 3397 quae
1161 3325 1340 3398 prius
1387 3340 1513 3401 sqq.
1577 3307 1649 3382 vin
1699 3320 2065 3381 observando
2101 3331 2413 3404 tempore,
2470 3342 2587 3402 quo
2635 3342 2891 3404 quaeque

623 3430 1090 3502 transferuntur,
1138 3429 1198 3488 in
1247 3430 1454 3506 primis
1503 3446 1568 3488 ea
1616 3428 1865 3488 videnda
1915 3436 2072 3510 sunt,
2121 3447 2299 3509 quae,
2354 3448 2488 3490 cum
2538 3430 2674 3491 olim
2723 3449 2891 3491 verno

625 3545 890 3615 tempore
937 3538 1366 3614 insererentur,
1411 3537 1527 3594 iam
1574 3537 1749 3595 etiam
1798 3535 2091 3595 solstitiali
2137 3538 2323 3596 inseri
2369 3535 2579 3598 solent.

799 3639 841 3702 2
887 3641 1136 3721 Itaque
1186 3643 1310 3720 qui
1359 3642 1445 3702 fit
1492 3641 1879 3703 caniculae·
1915 3644 2118 3722 signo
2167 3645 2731 3705 commodissime
2786 3662 2890 3705 ex-

622 3751 988 3810 istimatur
1046 3766 1120 3808 ea
1177 3747 1442 3826 inseri]
1504 3750 1722 3824 Itaque
1776 3752 1941 3824 quod
1989 3753 2284 3811 inseritur
2339 3754 2663 3812 caniculae
2712 3755 2888 3827 sian,

622 3858 1094 3918 commodissime
1157 3859 1514 3917 aestimatur
1579 3859 1773 3917 inseri
1833 3855 2152 3918 IucunduS.
2245 3861 2449 3933 itaque
2502 3862 2559 3919 si
2613 3863 2688 3932 fit
2738 3856 2885 3917 Zahl-

622 3962 862 4023 feldtius
911 3970 1136 4042 quaest.
1176 3965 1307 4024 crit.
1346 3965 1408 4023 in
1446 3961 1609 4023 Varr.
1649 3981 1765 4024 rer.
1806 3972 1953 4025 rust.
1992 3962 2123 4026 libr.
2162 3984 2217 4044 p.
2258 3961 2361 4024 29.
2437 3964 2627 4026 delevi
2674 3969 2778 4041 qui
2805 3967 2887 4038 fit,

623 4070 779 4150 quod
828 4088 900 4130 ex
947 4069 1356 4148 superioribus
1393 4069 1626 4130 videtur
1675 4072 1991 4149 repetitum
2042 4088 2201 4130 esse:
2250 4070 2364 4129 nisi
2401 4073 2603 4148 potius
2641 4070 2885 4131 scriben-

621 4178 760 4239 dum
809 4186 938 4238 erat
983 4182 1188 4252 itaque
1233 4196 1391 4253 quae
1429 4181 1591 4251 fiunt
1637 4180 1959 4238 caniculae
2017 4181 2219 4253 siqno,
2279 4180 2748 4238 commodissime
2794 4195 2882 4237 ex-

622 4288 970 4345 istimantur
1016 4303 1091 4345 ea
1128 4287 1334 4345 inseri.
1411 4283 1513 4344 sed
1555 4283 1737 4343 Varro
1772 4284 1853 4344 ad
1896 4286 2072 4344 ficum
2113 4282 2435 4345 contulisse
2478 4284 2707 4346 videtur
2744 4281 2882 4362 quod

623 4392 695 4451 de
744 4393 903 4452 omni
951 4410 1169 4471 genere
1217 4390 1664 4470 Theophrastus
1711 4394 2014 4471 praecepit
2060 4391 2132 4451 de
2182 4409 2340 4452 cauS.
2378 4391 2560 4470 plant.
2600 4390 2621 4450 1
2661 4388 2716 4472 6,
2745 4388 2782 4451 6
2814 4381 2881 4449 τὸ

624 4489 685 4557 δ’
738 4490 925 4579 ὕδωρ
971 4496 1061 4581 τῷ
1119 4489 1240 4576 μὲν
1303 4494 1830 4583 ἐνοφθαλμισμῷ
1879 4492 2214 4578 πολέμιον.
2291 4493 2558 4578 ἐκσήπει
2612 4493 2733 4578 γὰρ
2784 4488 2881 4557 καὶ
