3178 5185
584 401 714 467 238
984 452 988 455 -
1282 410 1666 465 COMMENT.
1704 412 1777 465 IN
1821 412 2197 467 VARRONIS

583 574 906 626 sumuntur
962 585 1031 626 ex
1082 584 1135 625 m
1201 565 1465 626 ediderat
1514 565 1833 628 ineundus.
1920 576 2177 628 veterem
2237 567 2554 627 lectionem
2615 569 2869 627 restituit

584 681 644 733 et
674 673 983 752 explicavit
1011 673 1327 752 VictoriuS‚
1367 668 1636 734 ‘iocatur
1665 675 1725 734 in
1756 674 1937 734 verbo
1972 681 2311 749 sumuntur,
2352 673 2510 753 qnod
2550 673 2869 754 simplicem

586 779 954 840 intellectum
1003 798 1120 839 non
1161 779 1353 840 habet.
1432 798 1565 839 nam
1603 799 1843 841 sumere
1881 789 1939 840 et
1980 799 2152 840 manu
2195 799 2406 859 capere
2453 789 2514 841 et
2552 799 2658 840 ore
2699 782 2866 859 signi-

587 887 739 967 ficat,
786 886 845 946 id
895 894 987 947 est
1034 886 1346 947 comedere
1396 905 1463 947 ac
1511 886 1814 947 devorare.
1890 886 2152 947 ostendit
2198 888 2380 966 igitur
2419 906 2482 947 se
2528 886 2694 966 loqui
2732 886 2868 947 velle

588 992 661 1052 de
709 993 1045 1074 ornithone,
1094 1012 1125 1053 e
1176 1012 1291 1072 quo
1342 1000 1700 1072 promuntur
1748 994 1927 1076 turdi,
1975 1012 2091 1053 non
2132 995 2193 1053 in
2241 1011 2359 1072 quo
2407 1003 2691 1074 apparato
2739 1013 2868 1054 con-

586 1100 737 1158 vivio
788 1096 1099 1161 eduntur'.

760 1205 1084 1268 Testudo
1133 1216 1208 1268 ut
1254 1207 1683 1287 peristylum
1731 1216 2000 1268 tectum
2054 1206 2356 1286 tegulis]
2417 1209 2490 1268 Ut
2518 1210 2870 1293 peristylum

590 1313 770 1373 editio
818 1315 1099 1393 princeps
1147 1332 1176 1373 a
1226 1313 1514 1374 Politiano
1565 1332 1635 1373 ex
1684 1314 2004 1394 archetypo
2058 1333 2176 1375 non
2227 1322 2494 1376 correcta
2553 1321 2614 1374 et
2661 1316 2868 1392 optima

588 1420 1065 1502 apograplia„ut
1105 1425 1466 1498 perystilum
1512 1419 1697 1480 codex
1750 1419 2156 1502 FlorentinuS,
2207 1430 2275 1482 ut
2320 1424 2693 1498 eperistilum
2739 1420 2869 1481 Cae·

586 1544 784 1604 senaS,
832 1533 900 1586 ut
937 1531 1320 1604 peristylium
1358 1526 1700 1587 Beroaldus.
1779 1535 1905 1604 aut,
1954 1528 2109 1607 quod
2151 1547 2222 1587 ex
2261 1528 2445 1588 altero
2486 1527 2691 1588 codice
2730 1527 2868 1588 Poli-

592 1633 736 1692 tiani
781 1650 890 1712 pro
949 1639 1017 1693 ut
1062 1633 1363 1694 Gesnerus
1412 1633 1754 1713 adscripsit,
1810 1635 2008 1712 potius
2069 1636 2448 1694 coniecturae
2497 1634 2873 1695 tribuendum

590 1747 706 1800 est:
754 1739 867 1800 hoc
919 1739 1318 1801 Schneiderus
1365 1741 1608 1818 rece-pit..
1686 1739 1922 1800 testudo
1970 1742 2029 1800 in
2070 1741 2308 1801 modum
2348 1741 2618 1820 peristyli
2667 1741 2874 1820 tegulis

592 1854 692 1905 aut
741 1852 869 1923 rete
918 1848 1062 1907 tecti
1109 1846 1365 1926 paranda
1414 1855 1520 1907 est.
1957 1833 1960 1836 ⁴

764 1953 837 2012 ln
896 1971 1029 2032 qua
1086 1951 1279 2013 milia
1345 1952 1636 2032 aliquod
1708 1953 2085 2014 turdorum
2144 1971 2220 2012 ac
2275 1953 2710 2014 merularum
2777 1957 2875 2014 in-

579 2058 883 2119 cludere
931 2061 1215 2138 possint
1261 2059 1540 2138 quidam
1592 2078 1744 2120 cum
1794 2079 1872 2121 eo
1920 2051 2666 2140 adiciant⁸praeterea
2714 2080 2878 2121 aues

591 2165 767 2226 alias
824 2164 1146 2244 quoque]
1208 2167 1548 2228 Praeterea
1607 2166 1790 2227 codex
1851 2167 2229 2227 Florentinus
2287 2175 2346 2226 et
2407 2186 2477 2227 ex
2542 2167 2878 2248 archetypo,

597 2280 664 2334 ut
712 2271 963 2361 videtur,
1009 2270 1324 2333 Victorius,
1393 2280 1651 2349 praeter
1697 2292 1771 2334 ea
1819 2272 2142 2333 Politianus
2196 2275 2258 2333 in
2304 2276 2573 2353 principe
2622 2275 2877 2334 editione

590 2397 708 2438 non
766 2381 1043 2440 correxit.
1122 2386 1379 2456 praeter
1435 2398 1541 2440 eas
1593 2382 1668 2461 A,
1716 2387 2078 2457 praetereat
2121 2379 2166 2439 B
2224 2389 2283 2440 et
2339 2381 2524 2441 codex
2574 2380 2877 2441 CaesenaS.

586 2488 835 2560 quidam
883 2503 1020 2546 cum
1068 2503 1137 2546 eo
1185 2488 1486 2547 adiiciant
1524 2494 1780 2563 praeter
1827 2505 1900 2547 ea
1948 2491 2105 2547 alias
2160 2505 2397 2562 quoque
2442 2487 2698 2567 Merula,
2754 2490 2876 2562 qui-

588 2596 728 2653 dam
775 2611 911 2653 cum
959 2611 1028 2654 eo
1087 2596 1389 2655 adiiciunt
1426 2601 1685 2671 praeter
1732 2614 1837 2656 eas
1884 2613 2025 2655 aves
2073 2598 2230 2655 alias
2275 2612 2513 2670 quoque
2557 2594 2876 2675 IucunduS,

589 2699 688 2759 ubi
730 2706 985 2775 praeter
1033 2718 1137 2760 eas
1185 2719 1326 2761 aves
1372 2700 1558 2761 deleri
1607 2699 1793 2761 voluit
1837 2699 2109 2781 Ursinus,
2148 2708 2481 2777 praeterea
2528 2720 2674 2762 aves
2721 2701 2877 2761 dedit

587 2805 901 2867 Victorius,
983 2809 1259 2868 restituto
1317 2809 1701 2867 coniunctivo
1760 2809 2061 2881 adiciant,
2120 2825 2228 2886 pro
2287 2826 2402 2886 quo
2459 2810 2769 2869 adiiciunt
2811 2826 2875 2867 ex

590 2913 796 2973 Aldina
844 2914 1104 2974 editione
1152 2916 1210 2974 in
1262 2913 1520 2994 reliquas
1568 2914 1860 2974 editiones
1899 2920 2286 2993 propagatum
2328 2923 2470 2995 erat,
2520 2912 2699 2974 verba
2745 2914 2875 2974 olim

587 3039 764 3099 prava
813 3020 1193 3081 distinctione
1242 3020 1522 3081 distracta
1571 3023 1632 3080 in
1683 3039 1856 3081 unam
1900 3023 2253 3081 sententiam
2294 3019 2516 3101 redegi,
2566 3024 2878 3082 includere

577 3131 837 3204 possint,
894 3131 1141 3203 quidam
1197 3147 1335 3189 cum
1392 3148 1460 3191 eo
1516 3131 1795 3189 adiciant
1842 3135 2174 3203 praeterea
2228 3099 2375 3188 *aves
2432 3130 2589 3189 alias
2628 3145 2877 3202 quoque.

586 3252 717 3293 nam
785 3237 983 3313 inepte
1053 3236 1310 3296 editores
1379 3254 1407 3295 a
1477 3236 1830 3313 pronomine
1898 3238 2144 3309 quidam
2212 3253 2393 3295 novae
2455 3236 2876 3295 enuntiationis

586 3343 819 3400 initium
873 3342 1150 3403 fecerant.
1244 3346 1399 3403 alias
1447 3350 1643 3401 autem
1693 3351 1826 3420 post
1877 3360 2091 3401 nomen
2141 3343 2397 3420 positum
2448 3349 2540 3401 est
2580 3341 2874 3419 frequenti

584 3448 737 3526 apud
787 3446 1109 3509 Varronem
1160 3469 1298 3529 usu,
1346 3448 1371 3508 Ι
1410 3446 1468 3529 2,
1510 3446 1589 3509 21
1641 3467 1742 3509 res
1789 3451 1952 3508 aliae
1991 3450 2287 3528 diversae,
2334 3445 2396 3528 9,
2433 3443 2476 3508 5
2515 3451 2873 3509 discrimina

583 3556 905 3614 subtiliora
954 3559 1097 3637 alia,
1145 3555 1196 3615 ΙΙ
1235 3554 1293 3636 2,
1324 3552 1363 3617 8
1412 3559 1680 3631 viryulta
1729 3558 1880 3635 alia,
1927 3554 2007 3613 lll
2052 3552 2152 3635 10,
2182 3552 2224 3617 5
2268 3554 2646 3630 frumentum
2694 3557 2876 3627 aliud,

584 3658 664 3718 111
706 3657 804 3740 12,
841 3659 873 3721 1
926 3664 987 3721 in
1034 3665 1183 3723 locis
1230 3665 1383 3722 aliis.

764 3764 804 3827 2
879 3769 1233 3829 Colarnices
1297 3770 1355 3827 in
1404 3770 1675 3848 principe
1735 3769 1993 3834 editione
2042 3767 2366 3828 Politianus
2424 3786 2541 3827 non
2603 3769 2874 3844 correxit,

584 3876 974 3934 conturnices
1033 3893 1116 3953 m,
1183 3877 1523 3936 cotornices
1578 3875 1792 3953 reliqui
1852 3873 1985 3934 libri
2044 3892 2276 3954 omneS,
2341 3882 2400 3934 et
2456 3873 2570 3934 hoc
2627 3877 2688 3934 in
2752 3877 2873 3952 ipso

589 3979 907 4059 archetypo
956 3979 1094 4039 olim
1144 3981 1452 4062 scriptum,
1502 3987 1708 4059 postea
1755 3989 2090 4040 correctum
2142 3979 2322 4039 fuisse
2372 3979 2623 4040 videtur.

764 4085 1061 4146 Canales
1092 4084 1476 4165 angustas]
1508 4087 1780 4161 Angusto
1811 4105 1885 4166 m,
1917 4092 2211 4161 angustas
2239 4085 2454 4163 reliqui
2483 4084 2620 4144 libri
2651 4103 2865 4145 omnes.

592 4192 872 4252 feminino
920 4211 1139 4271 genere
1187 4183 1442 4254 canali?
1472 4192 1653 4253 Varro
1701 4195 1761 4252 in
1808 4192 1901 4253 his
1958 4192 2125 4253 libris
2182 4200 2418 4271 praeter
2475 4191 2636 4252 hunc
2683 4192 2867 4252 locum

585 4298 677 4359 bis
744 4298 907 4377 dixit,
972 4296 1148 4379 1117,
1188 4296 1227 4361 8
1294 4307 1354 4359 et
1426 4296 1522 4379 ll,
1560 4297 1630 4381 2,
1695 4298 2020 4359 masculino
2090 4316 2440 4378 numquam3
2516 4300 2658 4359 item
2725 4296 2868 4376 apud

584 4404 853 4464 Servium
919 4408 979 4465 in
1047 4404 1218 4484 Verg.
1276 4424 1474 4485 georg.
1531 4405 1604 4465 lv
1661 4402 1793 4468 265
1873 4406 2069 4467 Varro
2145 4407 2493 4466 divinarum
2567 4406 2725 4466 libro
2791 4404 2873 4462 VI

585 4506 866 4571 ‘canales
920 4530 1025 4572 eas
1090 4516 1345 4588 despicit
1389 4508 1700 4589 templum’
1768 4514 2094 4588 (despescit
2139 4514 2357 4588 templa
2405 4510 2647 4585 codex),
2706 4511 2868 4587 femi·
