3178 5185
579 393 711 459 242
1263 401 1644 471 ΟΟΜΜΕΝΤ.
1683 403 1764 458 IN
1802 403 2177 460 VARRONIS

759 557 1418 638 Ornithotrophion
1455 559 1529 621 M.
1568 559 1717 620 leni
1756 558 2162 637 strabonis]
2201 558 2347 621 Plin.
2377 559 2429 619 X
2464 556 2587 621 141
2631 562 2886 621 aviaria

575 668 815 742 primus
871 668 1170 727 instituit=
1200 664 1450 728 inclusis
1513 670 1776 729 omnium
1834 685 2133 743 qenerum
2197 665 2410 728 avibus
2465 667 2550 727 M.
2608 667 2888 728 Laenius

579 772 804 833 Strabo
850 773 1151 835 Brundisi
1194 776 1490 849 equestris
1536 776 1788 835 ordinis.

761 878 894 938 Sed
944 881 1154 940 etiam
1203 882 1273 940 in
1321 880 1708 941 tusculano
1744 899 1993 960 magno
2034 881 2374 942 aedificio
2412 879 2713 958 luculli]
2756 883 2889 942 Sed

580 988 761 1046 etiam
826 985 1273 1048 Thusculanum
1329 1004 1616 1063 maenum
1674 989 2025 1061 aedificium
2070 989 2317 1049 Luculli
2358 986 2681 1049 IucunduS.
2760 987 2883 1048 lec·

585 1093 805 1152 tionem
855 1092 1161 1173 archetypi
1207 1092 1506 1154 Victorius
1552 1095 1834 1175 restituit,
1882 1113 2058 1173 quem
2106 1095 2318 1156 deinde
2357 1093 2572 1174 reliqui
2618 1095 2882 1156 editores

569 1201 773 1259 secuti
821 1208 979 1260 sunt.
1053 1201 1267 1279 scripsi
1315 1203 1375 1261 in
1430 1201 1772 1262 Tusculano
1818 1218 2044 1277 maqna
2092 1204 2396 1275 aedificia.
2484 1219 2619 1261 nam
2664 1220 2881 1282 magna

579 1304 845 1366 aedificia
892 1305 1144 1387 Luculli,
1191 1325 1343 1386 quae
1392 1315 1533 1367 sunt
1579 1307 1643 1367 in
1691 1325 1832 1386 agro
1872 1305 2230 1390 Tusculano,
2275 1307 2558 1368 Varronis
2596 1309 2883 1369 ornithon

579 1413 792 1473 vicisse
839 1412 1075 1473 dicitur.

759 1515 800 1580 9
858 1518 1241 1581 Derectum
1291 1519 1372 1580 ab
1419 1520 1665 1582 insula
1714 1521 1793 1581 ad
1840 1539 2202 1583 musaeum
2251 1540 2429 1601 quae
2486 1529 2596 1582 est
2644 1524 2880 1584 animo

576 1624 818 1686 fluuio
865 1625 989 1687 ubi
1036 1626 1364 1688 confluet
1411 1626 1640 1688 altera
1678 1630 1908 1711 amnis
1947 1629 2026 1689 ad
2066 1620 2409 1691 summum
2449 1628 2719 1690 flumen
2761 1629 2881 1690 ubi

579 1741 694 1794 est
732 1751 1092 1795 musaeum
1134 1736 1404 1795 circum
1443 1733 1664 1795 huius
1702 1736 1898 1814 ripas
1938 1735 2326 1797 ambulatio
2357 1734 2485 1796 sub
2514 1735 2629 1797 dio
2659 1737 2878 1817 pedes

578 1839 723 1901 lata
770 1840 991 1901 denos
1039 1839 1120 1901 ab
1167 1838 1296 1901 hac
1343 1840 1740 1902 ambulatio
1788 1848 1897 1902 est
1947 1843 2017 1903 in
2073 1860 2315 1921 agrum
2371 1861 2634 1906 uersus
2682 1847 2877 1906 orni-

579 1946 827 2008 thonis
866 1945 1096 2026 locus]
1143 1949 1318 2009 Alter
1355 1951 1550 2010 amnis
1587 1967 1664 2009 m.
1738 1966 1779 2009 a
1821 1949 1993 2010 Vinio
2014 1951 2221 2025 fluvio,
2267 1951 2377 2010 ubi
2419 1954 2674 2027 confluit
2718 1955 2880 2013 alter

579 2057 777 2115 amnis
831 2054 1152 2115 Iucundus.
1226 2057 1305 2116 ab
1343 2054 1489 2116 'hac
1544 2057 1958 2117 ambulatione
2014 2059 2078 2117 in
2134 2070 2356 2132 aarum
2420 2057 2577 2118 edita
2643 2058 2783 2119 inde
2845 2077 2877 2119 a

579 2162 850 2241 principe
889 2161 1148 2221 editione
1189 2161 1562 2241 exemplaria.
1639 2163 1717 2222 ab
1756 2164 1872 2223 imo
1903 2165 2093 2237 fluvio
2131 2160 2447 2224 Turnebus
2493 2172 2553 2225 et
2592 2164 2875 2245 Scaliger.

580 2269 668 2328 ad
709 2285 979 2329 museum
1030 2268 1247 2329 delevit
1291 2267 1562 2330 Ursinus,
1647 2271 1710 2330 in
1767 2271 1884 2329 imo
1922 2271 2113 2344 fluvio
2170 2267 2412 2350 scripsi,
2468 2273 2558 2331 ad
2607 2289 2876 2334 museum

579 2382 639 2435 et
686 2375 898 2436 deinde
945 2377 1279 2455 posteriore
1325 2375 1455 2436 loco
1495 2377 1844 2450 ambulatio,
1893 2394 2044 2455 quae
2081 2375 2221 2437 olim
2260 2378 2339 2436 in*
2370 2378 2637 2456 margine
2675 2378 2875 2439 viden·

566 2480 690 2542 'tur‘
725 2481 1023 2560 adscripta
1070 2483 1273 2565 fuisse,
1320 2482 1529 2564 delevi,
1576 2481 1891 2544 derectum
1928 2484 2007 2543 ab
2056 2485 2276 2558 insula,
2323 2502 2483 2558 quae
2519 2491 2612 2545 est
2657 2487 2718 2546 in
2758 2488 2874 2547 imo

570 2591 785 2665 fluvio,
841 2590 950 2650 ubi
1001 2591 1254 2665 confluit
1297 2592 1498 2650 altera
1544 2592 1758 2671 amnis,
1799 2623 1881 2632 -
1923 2591 2000 2650 ab
2056 2591 2177 2651 hac
2234 2597 2324 2651 est
2370 2594 2431 2651 in
2482 2609 2707 2666 aarum
2744 2609 2870 2671 sqq.

579 2713 690 2774 per
736 2693 930 2756 villam
977 2695 1110 2755 fluit
1154 2695 1404 2777 flumen,
1456 2697 1537 2756 ita
1586 2702 1655 2756 ut
1701 2714 1772 2756 ex
1822 2695 2006 2757 altera
2061 2703 2231 2774 parte
2287 2696 2454 2757 villae
2511 2700 2574 2758 in
2631 2698 2869 2759 alteram

578 2801 866 2883 pontibus
913 2809 1268 2863 transeatur.
1358 2805 1421 2863 in
1467 2802 1647 2864 huius
1684 2805 1799 2863 ima
1837 2812 2004 2883 parte
2052 2810 2144 2863 est
2189 2802 2400 2885 insula,
2457 2803 2527 2864 ad
2576 2821 2868 2867 summum

579 2910 802 2971 flumen
848 2928 1149 2992 museum3
1196 2909 1503 2989 longitudo
1549 2909 1812 2970 fluminis
1861 2909 1933 2970 ab
1980 2909 2175 2971 insula
2221 2928 2414 2989 usque
2459 2910 2532 2972 ad
2572 2929 2867 2973 summum

578 3018 820 3099 flumen,
867 3017 971 3079 ubi
1016 3026 1109 3078 est
1158 3034 1447 3099 museum,
1500 3016 1721 3097 pedum
1778 3024 2215 3097 nongentorum
2271 3020 2709 3098 quinquaginta
2764 3027 2867 3080 est.

580 3124 664 3186 ibi
711 3127 940 3186 circum
989 3123 1148 3204 ripas
1195 3123 1459 3184 fluminis
1506 3123 1827 3185 ambulatio
1875 3133 1993 3206 est3
2038 3123 2111 3185 ab
2158 3124 2268 3185 hac
2314 3126 2377 3185 in
2415 3142 2627 3204 agrum
2666 3145 2868 3187 versus

578 3231 746 3293 locus
793 3230 1127 3292 ornithonis
1175 3232 1326 3292 situs
1364 3236 1472 3290 est.

765 3335 848 3399 10
911 3337 1110 3399 Inter
1174 3355 1356 3417 quos
1422 3337 1633 3400 locus
1700 3339 1821 3417 qui
1885 3346 1998 3399 est
2062 3338 2473 3401 ornithonis
2538 3347 2741 3418 patet
2801 3341 2864 3400 in

580 3444 1043 3506 latitudinem
1089 3444 1310 3523 pedes
1355 3443 1589 3504 XLVIII
1636 3444 2078 3507 deformatus
2126 3446 2206 3506 ad
2253 3445 2544 3507 tabulae
2587 3446 2867 3509 littera-

573 3536 728 3611 riae
770 3553 1081 3631 speciem
1120 3569 1274 3611 cum
1305 3551 1625 3631 capitulo
1655 3552 1880 3612 forma
1920 3571 2099 3632 quae
2137 3560 2249 3614 est
2289 3554 2635 3632 quadrata
2675 3561 2868 3634 patet

579 3660 649 3719 in
696 3657 1154 3718 latitudinem
1194 3657 1412 3736 pedes
1450 3657 1684 3718 XLVIII
1719 3661 1791 3719 in
1829 3658 2360 3739 longitudinem
2398 3659 2622 3740 pedes
2661 3659 2866 3721 LXXII

580 3783 715 3845 qua
762 3764 841 3825 ad
890 3764 1284 3844 capitulum
1333 3765 1722 3826 rutundum
1770 3774 1880 3827 est
1926 3765 2144 3847 pedes
2191 3765 2436 3844 XXVII]
2495 3768 2673 3828 Inter
2719 3785 2865 3843 quas

579 3871 821 3932 Merula.
896 3874 1057 3933 inter
1092 3890 1245 3948 quas
1281 3874 1362 3916 ‘-
1399 3872 1627 3949 forma,
1664 3892 1825 3950 quae
1860 3882 1950 3935 est
1984 3877 2316 3951 quadrata.
2381 3880 2556 3951 patet
2584 3877 2651 3936 in
2680 3877 2863 3950 lonqi-

580 3980 846 4041 tudinem
902 3981 1092 4055 pedes
1155 3980 1435 4059 LXXII,
1491 3999 1616 4055 qua
1679 3984 1768 4042 ad
1828 3984 2160 4059 capitulum
2215 3983 2514 4042 rotundus
2583 3989 2676 4043 est
2727 3983 2862 4060 ped.

580 4085 848 4145 XXVII
895 4084 1222 4167 lucunduS,
1288 4085 1390 4147 ubi
1447 4085 1655 4162 forma
1719 4106 1842 4163 qua
1908 4095 1999 4149 est
2053 4087 2355 4149 Gesnerus
2412 4087 2620 4150 edidit.
2710 4091 2862 4149 inter

580 4210 735 4266 quas
779 4195 965 4267 locus,
1012 4196 1122 4268 qui
1164 4200 1255 4255 est
1297 4197 1656 4270 ornithonis,
1705 4193 2080 4270 deformatus
2126 4197 2214 4255 ad
2247 4193 2494 4256 tabulae
2523 4197 2862 4257 litterariae

577 4302 838 4375 speciem
884 4317 1022 4361 cum
1068 4304 1351 4377 capitulo,
1399 4319 1522 4377 qua
1568 4309 1659 4363 est
1703 4305 2063 4378 quadratus,
2103 4308 2277 4379 patet
2325 4304 2388 4362 in
2429 4304 2859 4377 lonqitudinem

573 4425 636 4482 p.
665 4407 973 4481 LXXIII,
1012 4409 1075 4468 in
1105 4410 1483 4470 latitudinem
1513 4428 1576 4487 p.
1608 4410 1874 4485 XLVII,
1902 4407 2025 4486 qua
2053 4411 2352 4471 rotundus
2380 4415 2470 4470 est
2488 4428 2553 4486 p.
2575 4407 2866 4469 XXVIII

580 4511 866 4595 UrsinuS,
931 4516 1092 4574 inter
1155 4532 1309 4589 quas
1367 4519 1561 4592 locus,
1626 4520 1759 4592 quir
1796 4523 1886 4579 est
1939 4519 2293 4596 ornithonis,
2348 4514 2729 4593 deformatus
2782 4515 2862 4576 ad
