3178 5185
880 407 1139 462 RERVM
1176 405 1654 462 RVSTICARVM
1689 407 1824 463 LIB.
1864 410 1888 461 Ι
1928 406 1963 462 9
2481 402 2568 467 39

315 578 431 619 cum
475 562 593 620 sint
638 560 866 623 multae
905 580 971 623 ac
1010 562 1327 623 dissimiles
1364 569 1582 643 parteS,
1630 561 1701 621 ab
1739 562 1832 623 his
1870 562 2156 643 partibuS‚
2203 583 2338 625 cum
2378 565 2570 645 aliqua

308 685 364 727 re
399 685 463 728 ex
499 657 614 727 illis
654 668 982 747 generibus
1019 671 1199 730 mixta
1238 677 1345 752 est,
1382 670 1559 730 variis
1597 668 1937 730 nominibus
1975 669 2323 750 appellatur.
2387 675 2567 734 varie-

307 776 426 834 tatis
470 783 667 835 autem
711 776 946 853 ‚horum
994 777 1402 838 discriminum
1449 794 1667 855 genera
1731 778 1810 836 ita
1875 788 2208 857 comparata
2274 789 2438 861 sunt,
2505 790 2571 842 ut

305 881 596 943 subtiliora
645 885 828 944 etiam
874 884 1211 944 discrimina
1252 886 1373 944 sint
1419 892 1478 944 et
1524 886 1584 944 in
1626 901 1742 943 una
1781 902 2015 963 quaque
2052 884 2199 946 facie
2242 885 2331 946 vel
2370 889 2567 966 specie

304 992 590 1050 minimum
650 1000 823 1051 terna
869 1009 1087 1070 genera
1143 993 1533 1052 inveniantur.
1610 991 1789 1051 facies
1845 993 2002 1051 enim
2060 999 2152 1053 est
2207 994 2394 1054 forma
2441 997 2568 1074 agri

300 1104 351 1157 et
394 1100 620 1178 species
672 1106 941 1179 externa,
1000 1117 1147 1178 quae
1206 1100 1381 1158 variis
1429 1108 1624 1159 terrae
1671 1097 1938 1176 partibus
1996 1107 2055 1160 et
2109 1100 2567 1162 admixtionibus

299 1204 561 1266 efficitur:
601 1202 745 1287 114,
767 1202 808 1265 4
848 1208 989 1266 boni
1031 1208 1273 1267 seminis
1319 1223 1457 1266 sues
1495 1208 2067 1266 animadvertuntur
2104 1224 2143 1265 a
2175 1205 2361 1286 facie,
2399 1205 2458 1288 7,
2484 1205 2565 1268 12

298 1314 487 1373 videre
533 1330 746 1375 eorum
787 1311 1041 1387 faciem,
1089 1308 1146 1392 8,
1186 1308 1227 1372 3
1277 1311 1449 1387 facie
1494 1314 1713 1372 debent
1761 1330 1894 1375 esse
1932 1310 2214 1388 formosi,
2260 1310 2340 1370 111
2381 1309 2440 1394 9,
2483 1312 2560 1375 17

299 1425 528 1495 aspectu
578 1438 657 1481 ac
697 1419 868 1495 facie
916 1422 1444 1480 incontaminatae.

461 1524 501 1588 5
569 1529 674 1590 Sic
720 1545 946 1602 mayna
993 1529 1116 1587 tria
1172 1529 1530 1588 discrimina
1586 1533 1820 1602 terrae,
1878 1529 2043 1601 quod
2083 1526 2303 1603 refert,
2359 1535 2565 1589 utrum

301 1636 370 1692 sit
403 1652 633 1710 macra,
682 1654 764 1696 an
803 1637 1072 1711 pinquis,
1120 1652 1201 1695 an
1246 1636 1588 1709 mediocris,
1637 1636 1802 1709 quoa
1837 1637 1924 1695 ad
1972 1639 2276 1696 culturam
2317 1640 2568 1712 pinquis

294 1739 646 1814 foecundior
684 1745 771 1803 ad
804 1746 1008 1816 multa,
1046 1759 1262 1802 macra
1301 1748 1536 1802 contra.
1614 1742 1693 1801 ita
1730 1732 1881 1801 haec
1912 1743 2173 1820 primum
2210 1741 2283 1801 ab
2320 1742 2564 1822 Angelio

298 1846 353 1905 in
395 1845 622 1909 Iuntina
673 1849 931 1910 editione
980 1847 1133 1909 edita
1182 1856 1347 1928 sunt,
1401 1848 1459 1910 h.
1498 1867 1550 1909 e.
1595 1867 1803 1928 magna
1861 1855 2001 1909 sunt
2056 1851 2168 1909 tria
2224 1848 2565 1911 discrimina

299 1961 499 2036 terrae,
536 1956 690 2035 quod
729 1957 933 2037 refert,
972 1957 1145 2016 cuius
1182 1957 1419 2033 generis
1449 1965 1609 2015 terra
1639 1957 1731 2036 sit,
1778 1965 2091 2035 propterea
2133 1956 2289 2035 quod
2329 1959 2564 2036 pinguis

302 2061 364 2121 ad
408 2063 722 2124 multarum
770 2082 974 2124 rerum
1023 2062 1314 2124 culturam
1368 2062 1678 2123 fecundior
1735 2072 1851 2151 est,
1910 2082 2085 2142 quam
2143 2081 2353 2124 macra.
2429 2084 2564 2125 nam

300 2168 426 2229 olim
472 2173 530 2231 in
567 2171 713 2232 duas
752 2173 1192 2232 enuntiationes
1233 2170 1380 2231 male
1420 2169 1605 2231 divisa
1644 2180 1815 2231 erant
1852 2169 2048 2251 verba,
2093 2174 2184 2231 sic
2224 2189 2449 2247 maana
2484 2205 2557 2215 —

300 2280 604 2340 mediocris
649 2288 710 2339 et
755 2282 920 2354 quod
963 2281 1049 2338 ad
1085 2281 1390 2339 culturam
1435 2310 1507 2319 —
1553 2283 1790 2352 contra,
1839 2276 1940 2338 ubi
1981 2296 2098 2353 quo
2138 2281 2225 2338 ad
2259 2282 2563 2339 culturam

302 2401 365 2442 ex
408 2384 602 2445 Aldina
654 2385 912 2446 editione
951 2383 1248 2445 Victorius
1295 2385 1554 2445 dederat.
1629 2403 1823 2463 neque
1864 2387 2049 2463 magis
2091 2384 2330 2464 probari
2366 2393 2564 2466 potest

302 2489 446 2568 quod
491 2493 546 2551 C.
585 2491 648 2553 F.
688 2491 777 2554 W.
816 2490 1137 2574 Muellerus
1185 2493 1247 2551 in
1293 2491 1775 2571 ephemeridibus
1817 2490 2183 2552 scholasticis
2221 2491 2560 2553 Berolinen-

304 2596 453 2659 sibus
494 2619 541 2660 a.
584 2596 754 2662 1865
800 2619 856 2679 p.
897 2596 1028 2661 800
1073 2601 1412 2679 proposuit,
1469 2603 1634 2675 quod
1690 2602 1777 2659 ad
1829 2603 2133 2660 culturam
2182 2618 2313 2660 esse
2369 2596 2561 2680 ‘quod

305 2704 368 2764 ad
403 2707 684 2768 culturam
721 2703 1035 2787 pertinet'.
1109 2708 1437 2785 geminatae
1475 2708 1932 2785 praepositionis
1972 2707 2235 2786 exempla
2272 2706 2562 2787 adscripsi

305 2810 350 2871 ll
389 2815 557 2893 praes.
595 2811 655 2877 5.
2433 2792 2438 2798 ⁸

458 2922 705 3002 Itaque
762 2940 895 2982 nus
950 2931 1027 2982 ut
1080 2906 1175 2982 in¹
1211 2923 1509 3001 pupinia
1575 2930 1833 3000 neque‘
1872 2920 2172 2982 arbores
2236 2922 2560 3000 prolixae

309 3045 509 3108 neque
554 3032 745 3090 uites
793 3026 1111 3106 feraces]
1169 3048 1283 3090 nus
1340 3046 1476 3088 cum
1533 3035 1734 3089 vetere
1793 3027 2200 3089 emendatione
2259 3032 2321 3089 in
2370 3033 2444 3090 iis
2498 3032 2560 3090 in

309 3135 599 3216 archetypo
648 3139 937 3217 scriptum
984 3135 1113 3197 fuit.
1188 3138 1249 3197 in
1298 3138 1371 3196 iis
1417 3134 1672 3214 plurima
1727 3134 2059 3214 apographa
2115 3143 2174 3195 et
2213 3135 2375 3195 ‘edita
2421 3135 2559 3197 inde

309 3257 333 3298 a
372 3241 616 3305 Victorio
672 3244 1055 3324 exemplaria,
1113 3246 1175 3304 in
1232 3261 1307 3304 ea
1354 3241 1634 3322 UrsinuS,
1691 3245 1754 3304 in
1810 3245 1960 3302 exili
2004 3241 2421 3303 SchneideruS.
2497 3246 2561 3304 in

305 3354 453 3410 tenui
501 3354 741 3431 scripsi,
808 3360 924 3431 quo
981 3350 1265 3412 vocabulo
1325 3348 1509 3412 Varro
1576 3367 1722 3409 usus
1786 3357 1878 3409 est
1931 3346 2107 3428 123,
2146 3346 2188 3409 2
2243 3367 2436 3424 neque
2497 3354 2560 3411 in

298 3459 493 3532 pinqui
526 3466 700 3521 terra
745 3461 946 3519 omnia
981 3464 1273 3523 seruntur
1310 3464 1478 3518 recte
1514 3474 1709 3531 neque
1748 3459 1807 3516 in
1846 3473 2060 3517 macra
2097 3458 2278 3517 nihil:
2332 3460 2563 3518 rectius

301 3566 437 3624 enim
482 3569 542 3626 in
589 3569 869 3626 tenuiore
914 3572 1088 3627 terra
1120 3558 1205 3625 'ea
1244 3583 1402 3640 quae
1449 3582 1567 3624 non
1608 3568 1791 3624 multo
1830 3566 2106 3638 indigent
2142 3582 2305 3625 suco,
2380 3563 2556 3642 Pupi-

301 3671 436 3730 niam
482 3671 702 3733 tribum
758 3672 1067 3733 sterilitate
1124 3689 1402 3751 agrorum
1459 3670 1777 3731 notabilem
1835 3671 2018 3731 fuisse
2075 3670 2339 3731 indicant
2385 3669 2556 3731 Colu-

298 3775 448 3836 mella
493 3777 519 3837 I
554 3775 625 3859 4,
663 3776 704 3840 3
763 3780 1066 3855 Pupiniae
1115 3782 1450 3856 pestilentis
1504 3781 1687 3840 simul
1728 3784 1787 3840 et
1842 3781 2020 3839 exilis
2077 3780 2223 3853 aqri
2265 3781 2557 3839 cultorem

294 3880 465 3955 fuisse
513 3904 648 3948 eum
705 3889 1037 3961 loquuntur
1091 3888 1384 3947 historiae
1440 3892 1499 3945 et
1547 3883 1755 3946 Cicero
1814 3883 1887 3945 de
1934 3884 2044 3964 leg.
2084 3902 2203 3963 agr.
2242 3881 2295 3944 11
2332 3879 2439 3963 35,
2471 3881 2556 3946 96

300 4007 464 4064 apros
499 4011 639 4055 vero
691 3993 1050 4053 Vaticanum
1090 3999 1148 4054 et
1184 3994 1511 4070 Pupiniam
1551 4009 1689 4054 cum
1725 3995 1852 4054 suis
1889 3994 2099 4069 opimis
2138 3997 2320 4067 atque
2355 3993 2555 4053 uberi-

304 4096 397 4158 bus
439 4104 663 4177 campis
710 4098 1113 4174 conferendos
1149 4102 1383 4161 scilicet
1426 4118 1545 4160 non
1587 4101 1908 4176 putabunt.

457 4203 495 4267 6
539 4207 613 4268 In
655 4206 1006 4266 mediocri
1034 4213 1266 4266 autem
1299 4214 1487 4266 terra
1520 4215 1594 4267 ut
1622 4208 1692 4267 in
1722 4205 1990 4267 tiburti
2030 4205 2213 4285 quod
2257 4206 2555 4285 propius

305 4313 554 4375 accedit
598 4322 674 4375 ut
723 4332 858 4373 non
897 4314 993 4372 sit
1033 4330 1266 4373 macra
1306 4331 1509 4391 quam
1548 4321 1624 4374 ut
1662 4314 1756 4373 sit
1793 4314 2031 4372 ieiuna
2075 4330 2152 4371 eo
2193 4312 2272 4372 ad
2313 4330 2555 4372 omnes

307 4432 402 4477 res
437 4421 863 4482 commodior
903 4438 1107 4498 quam
1137 4422 1196 4480 si
1231 4419 1624 4481 inclinauit
1653 4419 1733 4480 ad
1763 4417 1939 4479 illud
1971 4418 2156 4496 quod
2187 4418 2552 4496 deterius]

316 4523 424 4593 Quo
450 4532 697 4606 propius
753 4546 825 4587 ex
884 4528 1225 4588 coniectura
1274 4526 1472 4588 Ursini
1520 4528 1758 4605 scripsi:
1815 4543 1950 4585 nam
1997 4523 2070 4585 de
2129 4527 2289 4585 omni
2336 4543 2553 4604 genere
