3178 5185
827 414 1088 471 RERVM
1123 413 1603 471 RVSTIOARVM
1648 414 1783 471 LIB.
1823 410 2109 470 111.7—8
2482 403 2610 469 257

327 571 706 635 condiscas
761 571 875 634 hic
932 574 1000 634 in
1056 569 1232 634 urbe
1290 570 1559 634 cotidie
1617 571 1898 634 lucrum
1956 587 2184 632 assem
2242 571 2613 631 semissem

326 681 637 742 condere
685 683 756 741 in
803 680 1114 758 loculos]
1162 683 1464 755 Aedifices
1508 679 1749 741 Merula.
1824 699 1904 741 ex
1949 698 2084 740 asse
2126 681 2427 739 semissem
2474 696 2614 739 con-

327 792 473 850 dere
519 788 841 850 Iucundus.
934 796 992 850 et
1038 796 1362 865 antequam
1410 791 1698 862 aedifices
1752 807 1903 849 rure
1947 804 2249 862 maqnum,
2297 788 2617 847 condiscas

325 900 424 958 hic
474 900 536 958 in
583 899 737 958 urbe
782 899 1049 972 quotidie
1088 915 1253 957 asses
1289 898 1555 957 condere
1593 899 1654 956 in
1703 900 1928 957 loculos
1966 894 2238 956 Ursinus,
2315 887 2615 971 ‘antiquo-

324 1024 457 1065 rum
506 1003 793 1066 librorum
841 1000 1191 1065 lectionem'
1240 1003 1536 1065 Victorius
1583 1005 1866 1064 restituit.
1950 1009 2273 1078 antequam
2321 1003 2617 1073 aedificas

324 1132 477 1173 rure
536 1131 847 1190 maqnum,
905 1115 1227 1174 condiscas
1288 1110 1705 1172 Schneiderus.
1800 1109 2179 1172 scribendum
2235 1110 2434 1189 potius
2490 1116 2619 1168 erat

325 1226 652 1296 antequam
707 1223 994 1293 aedifices
1050 1237 1228 1294 rure,
1288 1236 1573 1294 maqnum
1631 1221 1952 1280 condiscas
2013 1235 2140 1296 sqq.
2234 1235 2366 1277 nam
2425 1215 2618 1294 lepido

327 1344 602 1387 sermone
649 1345 796 1387 usus
841 1326 980 1388 Pica
1026 1326 1171 1387 Axio
1221 1326 1430 1387 suadet
1489 1325 1582 1407 ut,
1632 1334 1947 1405 antequam
2005 1327 2131 1385 ruri
2187 1325 2622 1404 peristeronem

328 1434 622 1516 aedificet,
676 1435 738 1494 in
795 1433 943 1494 urbe
1001 1433 1305 1495 condiscat
1360 1452 1551 1494 assem
1619 1436 1927 1494 semissem
1982 1440 2280 1512 tamquam
2344 1449 2619 1510 magnum

327 1538 560 1619 lucrum
608 1541 669 1601 in
717 1539 944 1602 loculos
980 1540 1256 1602 condere.
1333 1544 1621 1614 aedifices
1658 1549 1857 1602 autem
1897 1548 2058 1602 recte
2098 1539 2342 1601 dederat
2379 1539 2621 1600 Merula.

328 1666 463 1709 cum
520 1648 836 1710 indicativo
893 1651 1050 1709 enim
1118 1655 1442 1723 antequam
1507 1667 1625 1709 non
1682 1650 1925 1729 ponitur
1990 1649 2103 1708 nisi
2160 1649 2221 1708 in
2278 1648 2619 1708 definitione

328 1758 640 1839 temporis,
696 1774 832 1817 cum
888 1757 1264 1817 coniunctivo
1322 1774 1497 1835 saepe
1556 1758 1619 1816 in
1673 1757 2009 1836 praeceptis
2066 1755 2158 1815 vel
2215 1774 2350 1817 cum
2413 1754 2622 1816 eodem

330 1860 501 1923 modo
550 1864 613 1923 in
659 1865 938 1943 primaria
985 1864 1281 1923 sententia
1331 1864 1735 1923 coniunctum.

508 1970 677 2032 Tum
726 1971 1002 2032 merula
1041 1973 1143 2031 sic
1181 1988 1397 2050 perge
1435 1969 1781 2050 deinceps
1828 1969 1952 2031 ille
1991 1970 2406 2032 turturibus
2454 1973 2620 2032 item
2695 1970 2699 1975 ’

327 2081 571 2158 inquit
626 2077 856 2140 locum
915 2078 1542 2151 constituendum]
1591 2077 1658 2138 In
1705 2080 1974 2158 principe
2023 2079 2281 2139 editione
2330 2081 2415 2140 sic
2461 2081 2620 2140 inter

331 2184 640 2266 loquentes
697 2185 1012 2247 distributa
1069 2195 1238 2247 erant
1298 2185 1502 2267 verba,
1557 2186 1701 2246 Tum
1753 2186 1995 2247 Merula
2040 2189 2158 2261 sic,
2208 2188 2407 2262 Perqe
2455 2190 2621 2250 dein-

331 2312 486 2371 ceps.
555 2296 682 2374 Ille,
718 2294 1084 2355 Turturibus
1122 2297 1316 2370 inquit
1352 2298 1546 2354 locum
1586 2296 2085 2369 constituendum,
2125 2313 2274 2374 quae
2314 2297 2375 2356 in
2414 2296 2623 2358 Aldina

333 2401 592 2463 editione
640 2403 702 2461 in
749 2399 909 2462 hunc
955 2402 1196 2461 modum
1237 2410 1457 2462 mutata
1497 2411 1656 2482 sunt,
1695 2404 1908 2479 Axius,
1948 2410 2012 2463 tu
2051 2403 2296 2464 Merula
2338 2406 2622 2482 deinceps

322 2528 533 2586 perqe.
626 2510 761 2587 Ille,
818 2510 1182 2571 Turturibus
1231 2512 1425 2585 inquit
1483 2513 1678 2571 locum
1727 2513 2229 2572 constituendum.
2321 2511 2624 2592 archetypi

334 2617 648 2678 lectionem
687 2617 984 2680 Victorius
1034 2619 1313 2700 restituit,
1363 2618 1464 2678 sed
1512 2622 1604 2679 sic
1649 2627 1784 2698 post
1834 2637 2048 2680 nomen
2096 2618 2354 2680 Merulae
2404 2623 2619 2681 omisit.

332 2725 744 2805 perturbatum
804 2745 933 2787 esse
993 2726 1261 2786 ordinem
1321 2745 1741 2808 personarum,
1797 2727 2012 2806 quibus
2068 2726 2252 2787 Varro
2311 2746 2618 2789 sermones

335 2830 744 2914 distribuerat,
792 2832 1095 2894 Iucundus
1142 2832 1531 2894 intellexerat.
1589 2852 1756 2904 *nam
1805 2854 1940 2896 cum
1989 2837 2181 2896 omnis
2228 2835 2372 2895 haec
2422 2836 2624 2914 dispu-

336 2942 476 3000 tatio
526 2940 598 3000 de
648 2939 917 3001 villaticis
963 2940 1333 3020 pastionibus
1380 2939 1641 3001 Merulae
1700 2941 1920 3002 tributa
1978 2945 2080 3024 sit,
2127 2942 2266 3003 huic
2324 2944 2497 3004 etiam
2556 2961 2624 3002 ea

333 3065 469 3127 pars
517 3066 667 3127 quae
716 3055 809 3108 est
854 3048 926 3108 de
985 3047 1320 3110 turturibus
1385 3047 1637 3110 debetur
1695 3068 1885 3128 neque
1943 3051 2069 3110 sine
2130 3058 2290 3111 certa
2341 3068 2515 3111 causa
2562 3050 2623 3110 in

332 3154 510 3216 alium
578 3156 887 3216 transferri
952 3158 1162 3236 potuit.
1256 3174 1437 3234 quare
1515 3158 1731 3235 scripsi
1790 3158 1881 3232 tu,
1948 3157 2218 3233 Merula,
2283 3160 2373 3218 sic
2431 3175 2624 3234 perqe

334 3264 635 3339 deinceps.
710 3265 837 3342 Ille,
882 3264 1245 3324 Turturibus
1291 3268 1447 3345 item,
1487 3267 1698 3341 inquit,
1736 3269 1929 3326 locum
1977 3267 2481 3339 constituendum,
2522 3263 2622 3323 ubi

336 3372 623 3447 deinceps
668 3372 1007 3433 institutum
1065 3372 1482 3452 disputationis
1538 3373 1809 3433 ordinem
1867 3374 2172 3452 significat.
2268 3372 2400 3432 Pica
2450 3374 2625 3452 enim,

335 3479 435 3557 qui
479 3484 618 3558 post
662 3478 875 3539 Axium
921 3496 1256 3539 sermonem
1303 3477 1559 3538 Merulae
1620 3477 2125 3561 interpellaverat,
2172 3481 2286 3540 iam
2349 3479 2626 3539 admonet

332 3584 499 3645 illum
537 3593 604 3646 ut
643 3585 715 3645 de
753 3585 1140 3668 pastionibuS,
1178 3587 1335 3647 sicut
1381 3587 1738 3666 instituerat,
1781 3587 2083 3666 disputare
2122 3595 2343 3667 pergat.
2402 3585 2625 3647 similes

334 3692 764 3753 admonitiones
822 3702 961 3754 sunt
1006 3689 1184 3775 1115,
1224 3692 1261 3755 8
1312 3701 1375 3754 tu
1424 3697 1541 3770 dic,
1591 3690 1651 3776 9,
1693 3692 1726 3755 1
1779 3698 1879 3756 dic
1924 3698 2124 3770 sodeS,
2178 3693 2278 3770 10,
2320 3692 2354 3755 1
2407 3697 2621 3755 transi.

508 3806 643 3860 VIII
690 3798 731 3861 2
804 3802 1197 3862 Cannabinae
1242 3801 1346 3861 AB
1412 3810 1471 3862 et
1535 3801 1690 3862 edita
1745 3802 1883 3862 inde
1949 3802 2020 3862 ab
2078 3802 2305 3864 Iuntina
2365 3801 2625 3862 editione

335 3906 708 3989 exemplaria,
747 3910 1092 3970 canabinae
1138 3909 1317 3970 editio
1363 3911 1645 3990 princeps
1692 3928 1724 3970 a
1762 3909 2051 3970 Politiano
2100 3929 2217 3972 non
2255 3918 2525 3971 correcta
2566 3917 2624 3969 et

339 4017 576 4078 codices
623 4035 682 4076 m
729 4015 1109 4078 Florentinus
1156 4016 1464 4078 CaesenaS.

511 4124 838 4186 Infimum
887 4126 1207 4187 ordinem
1255 4135 1543 4205 oportet
1591 4125 1842 4188 abesse
1892 4146 1923 4187 a
1961 4135 2156 4187 terra
2205 4144 2338 4187 non
2389 4126 2623 4185 minus

338 4235 750 4314 tres'pedes
797 4234 988 4293 inter
1033 4231 1357 4311 reliquos
1416 4233 1808 4295 dodrantes
1856 4252 1887 4294 a
1935 4251 2196 4294 summo
2256 4232 2336 4292 ad
2400 4250 2622 4293 cama-

337 4359 476 4403 ram
542 4342 623 4402 ad
691 4339 1126 4419 semipedem
1191 4358 1413 4418 aeque
1471 4341 1690 4403 latum
1748 4361 1824 4402 ac
1882 4341 2204 4402 mutulus
2260 4359 2290 4399 a
2347 4341 2624 4420 pariete

339 4463 579 4514 extare
622 4459 866 4532 potest
904 4453 972 4511 in
1014 4449 1273 4529 quibus
1313 4450 1466 4510 dies
1507 4460 1902 4530 noctesque
1950 4445 2380 4529 pascuntur]
2423 4449 2628 4522 Aeque

339 4565 457 4623 alte
511 4563 708 4623 mutili
760 4580 798 4621 a
848 4563 1090 4638 pariete
1144 4566 1364 4622 extare
1416 4567 1670 4637 possunt
1724 4558 2039 4620 lucuudus,
2135 4556 2307 4636 plura
2355 4553 2626 4634 Ursinus,

444 4674 597 4717 VARR.
627 4682 733 4715 nnn.
765 4683 897 4714 Rvs‘r.
956 4673 1019 4715 ΙΙ.
2142 4666 2199 4713 17
