3178 5185
582 403 713 468 200
755 394 758 397 “
1264 410 1644 466 COMMENT.
1682 411 1761 465 IN
1797 410 2172 466 VARRONIS

584 570 790 651 oratio,
838 569 889 628 si
937 567 1128 628 deleto
1175 571 1365 628 mulos
1411 565 1778 627 scriberetur
1834 584 1971 627 cum
2015 569 2206 626 seiam
2253 569 2551 626 mulorum
2594 584 2862 647 qreqem,

583 695 719 739 eum
758 683 1126 753 pasceretur
1159 708 1256 750 —,
1295 679 1456 736 ultro
1494 677 1998 749 circumfluxisse.
2076 673 2178 733 sed
2216 676 2481 752 ineptum
2524 681 2616 733 est
2655 682 2865 734 tauros

582 789 778 847 solere
820 786 1102 864 *diversos
1157 785 1480 855 adsistere,
1537 783 1641 861 qui
1702 780 1977 842 clunibus
2033 782 2360 840 continuati
2417 788 2592 840 stant.
2666 783 2864 860 itaque

584 896 872 953 adversos
920 890 1152 968 scripsi.
1226 906 1361 948 nam
1408 887 1553 948 muli
1592 889 2041 947 circumsistunt
2078 885 2302 965 lupum,
2348 895 2414 946 ut
2452 886 2693 965 ungulis
2741 906 2864 947 cae-

587 999 745 1080 dant,
792 999 949 1058 tauri
996 996 1294 1057 adsistunt
1340 993 1571 1055 adversi
1628 1003 1688 1055 et
1740 995 2065 1054 continuati
2111 992 2413 1075 clunibuS,
2469 1001 2538 1054 ut
2584 993 2865 1055 cornibus

583 1125 720 1167 eum
766 1103 1132 1184 propulsent.

765 1211 995 1283 Quare
1045 1210 1124 1272 de
1173 1209 1475 1271 canibus
1522 1210 1853 1289 quoniam
1901 1226 2164 1287 genera
2213 1208 2347 1268 duo
2388 1227 2600 1270 unum
2649 1229 2862 1271 uena-

585 1323 804 1383 ticum
834 1329 902 1380 et
931 1320 1255 1398 pertinet
1293 1316 1372 1377 ad
1411 1317 1602 1377 feras
1641 1314 1970 1377 bestibus
2010 1315 2577 1377 assiluestribus
2609 1317 2863 1377 assilu-

586 1437 820 1489 estres
841 1426 1142 1486 alterum
1165 1423 1346 1503 quod
1370 1422 1745 1484 custodiae
1777 1441 1986 1484 causa
2018 1431 2315 1502 paratur
2344 1430 2412 1483 et
2442 1424 2862 1502 pertinetad

588 1546 945 1614 pastorem
972 1533 1198 1593 dicam
1229 1531 1309 1592 de
1339 1550 1416 1591 eo
1448 1530 1528 1591 ad
1556 1532 1846 1591 formam
1877 1533 2058 1591 artis
2089 1533 2482 1609 expositam
2514 1532 2583 1590 in
2616 1550 2867 1592 nouem

585 1639 856 1723 partes]
879 1642 972 1702 De
991 1643 1247 1701 canibus
1269 1657 1524 1714 quorum
1547 1648 1783 1714 qenera
1816 1641 1934 1700 duo
1955 1637 2332 1698 Marklandus
2365 1638 2535 1715 epist.
2558 1640 2690 1699 crit.
2711 1658 2767 1718 p.
2790 1637 2870 1701 13

591 1768 708 1810 non
746 1747 1042 1809 intellecta
1086 1749 1146 1805 ‚vi
1194 1756 1253 1806 et
1302 1764 1412 1806 usu
1454 1747 1909 1825 praepositionis
1948 1748 2040 1820 de,
2096 1763 2209 1824 qua
2266 1747 2609 1806 universum
2666 1765 2873 1825 geum,

588 1857 656 1917 ad
719 1855 875 1936 quod
935 1853 1273 1914 distributio
1332 1855 1620 1932 pertinet,
1677 1848 1992 1913 indicatur.
2044 1885 2119 1895 —
2161 1843 2259 1912 ⁴ad
2295 1851 2469 1927 feras
2524 1855 2748 1914 bestias
2795 1871 2870 1914 ac

587 1967 895 2025 siluestres
943 1962 1097 2022 edita
1145 1960 1282 2021 inde
1329 1960 1401 2020 ab
1448 1959 1656 2020 Aldina
1705 1959 1962 2020 editione
2013 1960 2395 2041 exemplaria,
2453 1958 2554 2020 ubi
2611 1979 2688 2021 ae
2735 1979 2868 2020 con-

591 2072 981 2149 iunctionem,
1028 2088 1178 2148 quae
1227 2059 1505 2146 corrupta
1555 2068 1863 2147 archetypi
1910 2070 2204 2146 scriptura
2252 2086 2367 2127 non
2410 2067 2871 2142 commendatur,

593 2177 794 2239 delevi.
842 2211 930 2220 --
982 2179 1068 2238 ad
1114 2175 1378 2251 formam
1438 2178 1593 2234 artis
1655 2178 2004 2251 dispositam
2061 2174 2284 2235 Merula
2342 2184 2399 2235 et
2457 2174 2870 2235 SchneideruS.

590 2286 778 2345 forma
808 2286 951 2344 artis
979 2285 1041 2342 in
1072 2300 1281 2342 novem
1311 2290 1510 2361 partes
1541 2283 1805 2360 exposita
1836 2282 2056 2341 dicitur
2086 2301 2237 2361 quae
2268 2300 2445 2361 snpra
2474 2280 2526 2340 11
2560 2280 2615 2364 1,
2646 2280 2726 2343 12
2747 2300 2870 2361 sqq.

592 2393 856 2470 exposita
905 2398 964 2450 et
1010 2392 1068 2450 in
1118 2408 1327 2449 novem
1377 2396 1574 2467 partes
1624 2387 1938 2450 distributa
1987 2400 2130 2450 erat.

771 2493 812 2557 3
877 2495 1370 2574 Magnitudine
1419 2497 1644 2576 ampla
1693 2496 1926 2556 oculis
1972 2496 2442 2575 nigrantibus
2489 2503 2607 2556 aut
2654 2496 2868 2573 rabis]

596 2606 1025 2680 Maqnitudine
1065 2609 1252 2682 ampli
1287 2606 1541 2665 coniecit
1571 2603 1991 2664 SchneideruS.
2066 2608 2257 2665 oeulis
2294 2607 2743 2680 niqrieantibus
2771 2611 2876 2664 aut

599 2716 766 2773 ravis
805 2712 967 2771 dedit
1003 2710 1296 2790 Hauptius
1334 2729 1535 2790 opusc.
1576 2730 1626 2771 v.
1666 2710 1745 2770 111
1793 2730 1848 2790 p.
1878 2707 2004 2771 347
2047 2710 2119 2771 de
2157 2730 2294 2771 ravo
2335 2710 2532 2770 colore
2571 2711 2874 2790 disputans

597 2829 658 2879 et
695 2818 969 2879 similiter
1010 2819 1161 2897 apud
1203 2817 1584 2879 Columellam
1615 2816 1740 2877 v111
1771 2815 1830 2898 2,
1861 2814 1896 2877 7
1930 2821 2138 2879 ravidi
2163 2823 2259 2879 vel
2282 2821 2662 2893 niqrieantes
2682 2820 2872 2897 ,oe-uli,

598 2926 700 2987 ubi
746 2930 1062 3002 niqrantes
1111 2935 1201 2986 est
1247 2927 1305 2985 in
1358 2925 1541 2987 libris,
1615 2925 1687 2985 de
1735 2925 1981 2986 canibus
2020 2924 2230 2985 similia
2279 2927 2498 3004 scripta
2539 2931 2678 2984 sunt
2724 2924 2873 3003 apud

599 3032 978 3094 Columellam
1020 3031 1119 3092 Vll
1163 3030 1248 3093 12
1297 3040 1357 3092 et
1401 3035 1463 3093 in
1510 3034 1852 3111 geoponicis
1890 3031 2025 3091 XIX
2063 3029 2122 3093 2.
2214 3051 2285 3092 ex
2342 3032 2558 3112 quibus
2615 3051 2681 3092 ea
2730 3049 2875 3111 quae

600 3141 668 3201 ad
718 3140 868 3200 hanc
908 3148 1134 3219 partem
1175 3142 1476 3219 pertinent
1513 3159 1584 3199 ex
1623 3142 1966 3219 geoponicis
2006 3140 2351 3213 adscribam,
2406 3139 2434 3199 1
2478 3136 2613 3200 τῶν
2655 3135 2876 3200 κυνῶν

605 3244 982 3327 ἐγκρίνουσι
1029 3244 1164 3307 τῶν
1212 3239 1334 3325 μὲν
1374 3238 1681 3327 ἀρρένων
1727 3237 1882 3319 τοὺς
1930 3248 2374 3326 μεγαλοφυεῖς
2417 3255 2556 3320 τοῖς
2603 3239 2728 3308 ὠσὶ
2772 3239 2877 3307 καὶ

601 3361 742 3427 τοῖς
796 3345 1051 3433 ὄγκοις,
1112 3345 1747 3435 μελανοφθάλμους,
1812 3351 2111 3434 μυκτῆρα
2179 3344 2520 3434 ὁμόχρουν
2591 3352 2875 3433 ἔχοντας,

601 3461 784 3542 χείλη
831 3457 1249 3540 μελανοῦντα
1295 3448 1337 3539 ἢ
1382 3450 1744 3541 ὑπέρυθρα
1797 3454 1908 3521 καὶ
1956 3452 2239 3533 ὀδόντας
2285 3452 2480 3540 ὀξεῖς,
2535 3461 2876 3540 μεγαλοκε-

603 3560 861 3647 φάλους
906 3563 1444 3648 πλατυστέρνους
1489 3559 1978 3647 μακροκώλους,
2024 3566 2386 3647 βραχίονας
2433 3559 2738 3648 στερεοὺς
2774 3559 2876 3628 καὶ

602 3683 830 3757 παχεῖς
878 3674 1165 3755 ἔχοντας,
1213 3668 1408 3752 σκέλη
1459 3664 1660 3755 ὀρθά,
1706 3673 1768 3735 εί
1812 3667 1886 3735 δὲ
1931 3666 2045 3753 μή,
2094 3666 2509 3754 σκαμβότερα
2547 3663 2877 3753 μᾶλλονῆ

603 3778 866 3862 βλαισά,
913 3775 1124 3853 πόδας
1170 3776 1513 3861 μεγάλους,
1559 3776 1635 3841 ἐν
1681 3774 1756 3842 δὲ
1792 3778 1881 3866 τῷ
1923 3776 2290 3859 ἐπιβαίνειν
2327 3777 2878 3861 πλατυνομένους,

607 3881 975 3960 δακτύλους
1023 3883 1594 3968 διηρθρωμένους,
1642 3879 1886 3968 ὄνυχας
1929 3883 2491 3970 κεκυρτωμένους,
2538 3883 2738 3969 ῥάχιν
2785 3877 2879 3949 εὐ-

605 4002 807 4058 θεῖαν
855 3992 975 4068 ἕως
1022 3992 1135 4074 τῆς
1181 3985 1422 4076 οὐρᾶς,
1473 3987 1598 4074 τὴν
1646 3988 1720 4056 δὲ
1767 3986 1979 4074 οὐρὰν
2026 4002 2303 4075 παχεῖαν
2352 3985 2480 4056 ἀπὸ
2528 3992 2647 4073 τῆς
2693 3986 2879 4074 ἐκφύ-

607 4122 774 4176 σεως
818 4100 1328 4183 μειουρίζουσαν
1377 4091 1571 4181 ὅλην,
1628 4092 1891 4180 ὕλαγμα
1951 4100 2221 4182 ἔχοντας
2265 4094 2676 4181 βαρύτατον,
2729 4095 2880 4183 χρώ·

607 4222 765 4291 μασι
803 4202 1081 4281 λευκοὺς
1116 4201 1226 4269 καὶ
1259 4200 1540 4287 μάλιστα
1578 4201 1737 4280 τοὺς
1775 4200 2322 4280 ἀκολουθοῦντας
2366 4215 2506 4279 τοῖς
2552 4209 2881 4289 ποιμνίοις

606 4307 942 4398 χαροπούς
986 4323 1126 4387 τοῖς
1172 4306 1419 4395 ὄμμασι
1464 4309 1575 4377 καὶ
1621 4313 2075 4395 λεοντοειδεῖς,
2124 4307 2209 4377 ἄν
2255 4335 2323 4376 τε
2370 4312 2598 4389 δασεῖς
2650 4309 2879 4397 τυγχά-

610 4438 821 4486 νωσιν
871 4416 1078 4501 ὄντες,
1126 4413 1212 4483 ἄν
1257 4442 1326 4484 τε
1374 4422 1573 4496 ψιλοί.
1667 4418 2048 4503 ἐγκρίνουσι
2104 4416 2180 4485 δὲ
2242 4416 2351 4483 καὶ
2397 4414 2554 4497 τοὺς
2600 4417 2765 4503 μέγα
2809 4442 2877 4483 το

607 4523 831 4612 χάσμα
879 4529 1170 4609 ἔχοντας,
1229 4520 1475 4609 ὁμοίως
1522 4523 1597 4591 δὲ
1651 4523 1761 4590 καὶ
1806 4521 1966 4602 τοὺς
2018 4523 2476 4610 πολυαύχενας
2532 4524 2643 4591 καὶ.
2688 4549 2880 4612 παχυῂ
