3178 5185
570 367 696 430 174
1548 346 1921 435 VAiiRoNJs

518 616 521 619 Ι
562 536 758 613 inquit
786 536 1084 620 AgrasiuS,
1114 559 1233 601 non
1264 541 1451 603 solum
1482 546 1542 604 in
1574 545 1785 606 ovibus
1823 546 2155 626 tondendiS,
2196 546 2298 605 sed
2330 547 2389 605 in
2420 564 2550 605 meo
2580 545 2792 625 capillo
2823 567 2858 606 a

563 647 729 741 patre
786 654 1093 724 acceptum
1151 666 1348 731 servo,
1413 654 1476 711 ni
1531 651 1914 714 decrescente
1971 653 2110 714 luna
2158 654 2412 714 tondens
2458 652 2653 714 calvos
2699 654 2853 713 fiam.

563 746 805 830 AgriuS,
853 749 1039 820 Quem
1089 755 1160 815 ad
1209 758 1474 838 modum,
1523 761 1735 841 inquit,
1782 760 1920 821 luna
1969 757 2443 840 quadripertita?
2490 768 2550 821 et
2596 761 2736 840 quid
2786 780 2854 819 ea

512 854 783 916 3divisio
831 859 901 918 ad
950 878 1122 938 agros
1168 862 1394 941 pollet?
1484 866 1843 949 Tremelius,
1899 867 2231 949 Numquam
2279 885 2420 927 rure
2467 867 2709 941 audisti,
2765 869 2852 926 in-

566 963 718 1044 quit,
776 972 981 1027 octavo
1037 967 1233 1029 lanam
1291 971 1486 1032 lunam
1541 981 1602 1034 et
1649 983 2019 1036 crescentem
2066 981 2125 1035 et
2171 982 2377 1034 contra
2426 981 2853 1055 senescentem,
2918 994 2947 1034 5

564 1074 625 1126 et
671 1087 821 1147 quae
869 1083 1176 1136 crescente
1214 1077 1350 1139 luna
1391 1080 1521 1140 fieri
1559 1089 1880 1163 oporteret,
1928 1082 2042 1160 [et]
2085 1091 2276 1143 tamen
2317 1081 2604 1161 quaedam
2641 1081 2855 1142 melius

564 1174 696 1241 fieri
750 1188 887 1256 post
937 1192 1142 1244 octavo
1188 1184 1387 1249 Ianam
1435 1186 1634 1248 lunam
1682 1208 1856 1268 quam
1908 1186 2088 1250 ante?
2144 1197 2204 1249 et
2253 1192 2457 1268 siquae
2506 1195 2856 1249 senescente

565 1280 697 1342 fieri
745 1292 1114 1372 conveniret,
1171 1293 1410 1375 melius,
1469 1304 1689 1374 quanto
1737 1300 1935 1358 minus
1981 1297 2229 1358 haberet
2274 1299 2429 1377 ignis
2475 1297 2535 1356 id
2585 1291 2858 1357 astrum?

567 1388 687 1449 dixi
735 1392 807 1452 de
856 1397 1283 1477 quadripertita
1332 1401 1519 1463 forma
1567 1404 1800 1465 cultura
1848 1407 1991 1484 agri.

513 1495 555 1552 4
755 1500 935 1585 Stolo,
981 1504 1088 1566 Est
1126 1507 1325 1589 altera,
1373 1511 1583 1592 inquit,
1626 1519 1960 1591 temporum
1999 1512 2208 1573 divisio
2247 1515 2563 1573 coniuncta
2601 1508 2858 1589 quodam
2893 1531 2946 1569 ιο

568 1611 741 1671 modo
789 1630 923 1672 cum
973 1613 1096 1674 sole
1144 1623 1204 1676 et
1250 1615 1406 1698 luna,
1452 1621 1598 1697 quin
1646 1622 1985 1700 sexpertita,
2035 1619 2192 1698 quod
2232 1623 2424 1680 omnis
2463 1619 2586 1678 sere
2627 1617 2864 1677 fructus

567 1722 776 1798 quinto
841 1721 1098 1800 denique
1163 1724 1350 1801 gradu
1415 1728 1688 1803 pervenit
1752 1726 1824 1786 ad
1881 1727 2213 1807 perfectum
2269 1746 2336 1787 ac
2392 1727 2552 1787 videt
2607 1729 2666 1786 in
2722 1723 2865 1784 villa

567 1826 788 1888 dolium
854 1846 921 1888 ac
977 1826 1266 1911 modium,
1332 1833 1507 1892 unde
1546 1840 1712 1893 sexto
1769 1833 1967 1912 prodit
2022 1833 2091 1895 ad
2150 1853 2342 1895 usum.
2443 1836 2634 1912 primo
2691 1851 2863 1911 prae·

565 1935 919 2018 parandum,
977 1937 1240 1999 secundo
1289 1940 1637 2015 serendum,
1684 1932 2355 2022 tertio'nutrIcandum,
2404 1951 2617 2019 quarto
2662 1940 2863 2019 legen·

567 2040 733 2122 dum,
800 2044 1005 2121 quinto
1072 2046 1473 2127 condendum,
1540 2055 1708 2108 sexto
1766 2049 2176 2126 promendum.
2278 2047 2349 2107 ad
2406 2047 2514 2107 alia
2571 2050 2634 2107 in
2689 2065 2862 2125 prae·
2894 2063 2945 2108 15

566 2149 827 2227 parando
875 2150 1129 2212 faciendi
1176 2154 1420 2215 scrobes
1467 2162 1569 2215 aut
1615 2156 2101 2235 repastinandum
2149 2161 2250 2215 aut
2288 2154 2655 2236 sulcandum,
2699 2161 2770 2214 ut
2807 2156 2861 2214 si

567 2255 874 2318 arbustum
924 2267 1025 2320 aut
1071 2263 1402 2339 pomarium
1451 2262 1646 2322 facere
1695 2261 1865 2345 velis3
1911 2263 1982 2323 ad
2022 2261 2130 2322 alia
2170 2262 2454 2322 arandum
2493 2268 2595 2321 aut
2632 2259 2862 2320 fodien-

713 2525 740 2573 1
779 2520 964 2591 inquit
1011 2522 1123 2578 VB
1161 2522 1356 2591 inquid
1392 2527 1448 2579 A
1592 2524 1873 2596 agrassius
1909 2525 1966 2580 A
2108 2531 2140 2578 2
2183 2522 2279 2577 ‘Ni
2316 2521 2661 2578 decrescenti
2699 2522 2864 2577 Luna

565 2610 803 2666 tondens
859 2614 1051 2668 caluus
1098 2614 1246 2668 fiam.
1321 2615 1575 2685 Antiqua
1622 2617 1777 2670 lectio
1822 2616 2102 2669 restituta.-
2148 2616 2263 2669 nisi
2306 2615 2451 2683 quod
2495 2618 2670 2667 uetere
2713 2629 2863 2667 more

565 2701 841 2756 scribendi
875 2703 977 2756 illa
1022 2702 1243 2758 Tondes
1282 2705 1498 2775 camos,
1544 2706 1818 2761 habebat’·
1894 2705 2171 2759 Victorias
2310 2703 2372 2757 ni
2408 2703 2765 2759 decrescente
2807 2704 2866 2755 P

564 2789 624 2842 ni
678 2790 1032 2847 decrescente
1087 2809 1224 2848 corr.
1271 2825 1340 2833 —
1386 2793 1434 2849 ti
1480 2795 1534 2848 A
1587 2794 1649 2848 ni
1696 2794 2040 2849 decrescenti
2076 2794 2131 2847 B
2177 2809 2248 2864 ne
2296 2793 2649 2847 decrescente
2693 2809 2748 2846 m
2795 2793 2861 2845 ut

567 2877 922 2935 decrescente
963 2898 996 2936 v
1139 2883 1378 2939 tondens
1414 2901 1510 2939 mv
1555 2885 1757 2939 tondes
1799 2883 1982 2938 PAB
2126 2882 2317 2937 caluos
2365 2882 2495 2935 fiam
2535 2882 2646 2935 PB
2694 2879 2857 2935 caluo

565 2968 697 3024 fiam
752 2972 808 3025 A
871 2972 1163 3028 caluefiam
1217 2991 1269 3027 m
1325 2975 1622 3029 Iucundus
1679 2974 1869 3028 caluus
1925 2974 2056 3026 fiam
2113 2989 2145 3026 v
2326 2978 2357 3025 3
2415 2971 2601 3039 inquit
2635 2970 2730 3024 Bv
2776 2967 2860 3021 in-

566 3058 702 3128 quid
752 3060 869 3115 PA
1049 3068 1083 3116 4
1136 3079 1426 3130 nunquam
1482 3062 1536 3117 V
1708 3063 1893 3131 inquit
1952 3062 2062 3116 VB
2106 3060 2302 3129 inquid
2347 3060 2403 3113 A
2583 3063 2615 3112 5
2670 3058 2860 3111 ianam

565 3148 757 3202 lunam
793 3165 826 3203 v
864 3149 1051 3204 lanam
1089 3150 1281 3204 lunam
1315 3151 1498 3205 PAB
1644 3157 1676 3205 6
1716 3152 1774 3205 et
1812 3152 2000 3205 tamen
2038 3165 2180 3218 quae
2218 3147 2421 3203 melius
2460 3147 2530 3204 A.
2570 3149 2630 3201 et
2665 3147 2861 3203 delevit

575 3235 810 3293 Ursinus
918 3244 948 3292 ⁷
986 3240 1117 3308 post
1154 3240 1354 3295 octauo
1392 3241 1582 3294 lanam
1610 3241 1801 3294 lunam
1829 3241 1945 3294 PB
1972 3240 2101 3310 post
2129 3239 2330 3294 octauo
2360 3239 2554 3292 lunam
2582 3237 2773 3290 lunam
2802 3234 2858 3287 A

567 3328 769 3380 octauo
814 3328 944 3397 post
988 3328 1176 3383 ianam
1222 3330 1413 3383 lunam
1460 3346 1493 3384 v
1638 3336 1669 3384 9
1727 3329 1947 3385 cultura.
1986 3327 2164 3384 PAB
2211 3328 2461 3383 culturae
2506 3344 2555 3381 v.
2628 3327 2859 3393 fortasse

564 3414 625 3468 in
664 3417 884 3471 cultura.
2156 3430 2168 3442 ⁹

712 3511 777 3560 10
816 3508 899 3561 est
964 3507 1139 3561 altera
1189 3506 1372 3576 inquit
1417 3509 1473 3562 B
1530 3510 1617 3562 est
1672 3507 1851 3563 altera
1905 3506 2102 3576 inquid
2149 3507 2206 3563 A
2259 3509 2345 3562 est
2400 3505 2582 3560 altera
2634 3504 2857 3572 quidem

564 3593 751 3662 inquit
781 3594 835 3648 V
940 3601 1001 3649 11
1034 3595 1167 3664 quin
1199 3596 1503 3666 sexpertita
1534 3597 1654 3650 PB
1682 3596 1818 3666 quin
1847 3597 1960 3665 (sed
1985 3595 2007 3648 i
2034 3597 2099 3650 in
2125 3611 2328 3651 rasura
2354 3596 2617 3663 seriptum
2635 3591 2710 3658 A)
2741 3609 2857 3646 sex·

565 3719 834 3790 pertitam
855 3718 973 3775 Am
992 3720 1127 3790 quin
1156 3721 1463 3790 sexpartita.
1479 3738 1533 3776 v.
1547 3722 1778 3788 fortasse
1797 3737 1938 3789 quae
1967 3723 2055 3775 est·
2082 3720 2387 3789 sexpertita.
2461 3726 2525 3774 13
2557 3680 2778 3774 modlim
2804 3717 2857 3770 A

636 3811 816 3880 primo
828 3812 872 3864 I
869 3812 1123 3867 ucumdus
1139 3811 1382 3880 primum
1405 3810 1582 3865 VAB
1660 3817 1725 3865 14
1745 3811 2040 3866 serendum
2060 3811 2141 3865 bis
2158 3810 2440 3879 scriptum,
2458 3811 2552 3865 sed
2561 3810 2858 3878 posteriore

566 3902 680 3956 loco
717 3902 946 3956 deletum
983 3907 1058 3956 est
1093 3902 1157 3956 in
1184 3901 1240 3954 B
1347 3900 1523 3956 tercio
1552 3901 1606 3953 A
1720 3906 1784 3955 15
1825 3900 1936 3954 ‘Ad
1972 3899 2086 3954 alia
2112 3899 2170 3953 in
2200 3898 2586 3968 praeparando
2613 3894 2858 3952 faciendi

566 3992 805 4046 scrobes.
882 3992 980 4045 Ita
1019 3992 1194 4046 locum
1230 3991 1451 4046 restitui
1485 4007 1552 4045 ex
1587 3991 1834 4059 antiquis
1866 3990 2039 4044 libris.
2113 3989 2193 4043 sic
2220 3991 2382 4043 etiam
2413 3989 2572 4055 infra
2591 3987 2857 4057 quuitur,

567 4081 661 4134 Ad
697 4081 815 4135 alia
851 4082 1145 4136 arandum.
1217 4098 1316 4135 nec
1351 4080 1520 4135 multo
1548 4085 1697 4148 post,
1733 4078 1828 4134 Ad
1863 4080 2131 4149 quaedam
2159 4079 2371 4148 bipalio
2401 4078 2665 4132 uertenda
2692 4082 2855 4131 terra.

566 4170 867 4238 Deceperat
904 4171 1190 4239 librari08,
1228 4171 1372 4240 quod
1407 4170 1496 4223 hic
1523 4169 1865 4238 praepositio
1903 4169 2014 4237 Ad,
2052 4185 2153 4238 per
2188 4174 2229 4235 t,
2266 4168 2476 4236 scripta
2513 4172 2607 4232 est,
2644 4167 2748 4219 At:
2797 4169 2859 4218 ut

566 4261 780 4315 duobus
805 4262 968 4315 etiam
997 4262 1146 4327 lociS,
1174 4261 1272 4329 qui
1299 4258 1723 4328 consequuntur’
1813 4257 2105 4313 Victorius.
2180 4259 2241 4311 at
2259 4256 2374 4311 alia.
2392 4255 2452 4310 in
2470 4254 2859 4325 praeparando

565 4348 810 4404 faciendi
847 4351 1069 4405 scrobes
1111 4349 1163 4403 V
1194 4350 1256 4404 at
1292 4348 1406 4403 alia,
1443 4348 1505 4402 ‘m'
1540 4347 1927 4418 praeparando
1966 4343 2225 4403 ”scrobes
2262 4345 2541 4401 ”faciendi
2570 4344 2625 4398 A
2658 4345 2719 4397 at
2747 4343 2860 4396 alia

565 4435 847 4492 ''faciendi
884 4438 942 4492 in
977 4438 1362 4509 praeparando
1399 4434 1660 4493 ”scrobes
1689 4438 1746 4492 B
1774 4440 1834 4493 at
1859 4436 1921 4490 in
1947 4437 2334 4507 praeparando
2368 4435 2590 4490 scrobes
2619 4430 2859 4486 faciendi

568 4527 862 4584 Iucwndus
1009 4534 1071 4583 17
1111 4528 1185 4581 ad
1221 4526 1336 4582 alia.
1371 4525 1647 4582 arandum
1681 4526 1971 4582 Iucundus
2008 4527 2068 4579 at
2105 4524 2218 4579 alia.
2256 4525 2527 4580 arandum
2576 4520 2755 4576 VAB
