3178 5185
579 381 708 447 248
1567 381 1942 437 VARRONIS

574 553 618 610 ii
665 551 954 611 cantherii
1000 549 1294 630 appellati,
1344 557 1410 610 ut
1455 551 1516 609 in
1566 550 1754 609 subus
1804 550 2065 631 maialeS,
2124 550 2291 629 gallis
2337 550 2683 629 gallinaceis
2735 552 2891 628 capi.

483 663 559 719 16
584 659 657 719 de
722 658 1012 718 medicina
1078 656 1169 716 vel
1225 656 1478 735 plurima
1536 664 1676 716 sunt
1732 658 1792 715 in
1848 659 2019 736 equis
2076 665 2136 717 et
2191 659 2357 736 signa
2412 657 2772 718 morborum
2832 665 2894 717 et

576 783 792 844 genera
850 766 1254 845 curationum,
1312 782 1462 842 quae
1521 770 1819 842 pastorem
1877 766 2098 843 scripta
2157 764 2375 825 hahere
2423 772 2680 843 oportet.
2782 766 2891 824 ita·

575 891 690 952 que
756 871 829 931 ab
895 871 1006 931 hoc
1064 873 1125 931 in
1184 871 1429 931 Graecia
1486 871 1860 948 potissimum
1920 872 2136 932 medici
2190 890 2473 951 pecorum
2533 868 2891 949 ἱππίατροι

575 978 866 1059 appellati.
1390 956 1395 962 ¹
2943 990 2965 1030 5

434 1086 558 1146 Vlll
758 1086 906 1146 Cum
963 1084 1108 1144 haec
1165 1084 1574 1163 loqueremur,
1631 1086 1794 1144 venit
1848 1102 1880 1143 a
1937 1083 2167 1146 Menate
2222 1085 2499 1166 libertuS,
2557 1086 2664 1164 qui
2725 1084 2891 1144 dicat

575 1193 691 1254 liba
748 1192 1014 1253 absoluta
1071 1209 1201 1251 esse
1260 1198 1320 1251 et
1376 1209 1502 1251 rem
1551 1191 1807 1252 divinam
1854 1199 2148 1273 paratam3
2203 1194 2254 1253 si
2303 1191 2544 1272 vellent,
2605 1194 2891 1252 venirent

574 1300 715 1361 illuc
764 1307 824 1360 et
869 1301 986 1379 ipsi
1032 1317 1140 1378 pro
1190 1317 1252 1358 se
1302 1299 1797 1360 sacrificarentur.
1891 1298 2015 1378 Ego
2064 1317 2231 1380 vero,
2278 1302 2536 1380 inquam,
2584 1318 2696 1359 vos
2747 1306 2887 1359 ante

575 1411 664 1468 ire
731 1426 849 1467 non
915 1408 1132 1486 patiar,
1197 1414 1512 1484 antequam
1579 1407 1724 1466 mihi
1791 1406 2171 1467 reddideritis
2234 1408 2479 1467 tertium
2543 1417 2751 1467 actum
2813 1406 2886 1465 de

575 1513 783 1593 muliS,
840 1513 912 1573 de
963 1512 1236 1592 canibus,
1293 1512 1366 1572 de
1415 1513 1774 1592 pastoribus
1864 1513 2071 1574 Brevis
2119 1516 2306 1574 oratio
2353 1514 2426 1573 de
2474 1515 2631 1595 istiS,
2681 1514 2887 1592 inquit
2914 1526 2963 1565 10

576 1620 856 1681 Murrius,
961 1639 1095 1680 nam
1152 1620 1297 1680 muli
1354 1628 1414 1680 et
1467 1622 1613 1681 item
1668 1623 1845 1681 hinni
1888 1620 2157 1699 bigeneri
2202 1629 2380 1701 atque
2427 1622 2703 1694 insiticii,
2764 1639 2888 1680 non

577 1736 788 1807 suopte
845 1745 1063 1805 genere
1119 1727 1191 1787 ab
1248 1727 1565 1788 radicibus.
1659 1746 1729 1788 ex
1787 1746 1937 1807 equa
1994 1730 2153 1788 enim
2209 1736 2267 1788 et
2324 1730 2488 1788 asino
2544 1728 2611 1787 fit
2661 1727 2886 1807 muluS,

525 1841 787 1897 2contra
847 1854 918 1894 ex
975 1853 1129 1913 equo
1187 1842 1246 1895 et
1301 1836 1464 1894 asina
1520 1834 1758 1895 hinnus'.
1852 1842 2106 1914 uterque
2162 1853 2368 1895 eorum
2416 1835 2487 1895 ad
2537 1854 2719 1895 usum
2770 1836 2885 1895 uti-

576 1943 666 2023 lis,
714 1952 889 2021 partu
936 1942 1282 2002 fructuosus
1330 1949 1559 2002 neuter.
1654 1941 1881 2021 pullum
1928 1944 2222 2002 asininum
2270 1960 2302 2001 a
2349 1950 2521 2021 partu
2570 1949 2884 2002 recentem

577 2050 881 2111 subiciunt
930 2068 1137 2131 equae,
1187 2051 1360 2109 cuius
1407 2047 1557 2109 lacte
1608 2049 1926 2128 ampliores
1972 2051 2140 2130 fiunt,
2188 2050 2343 2128 quod
2391 2050 2450 2110 id
2500 2049 2648 2109 lacte
2702 2067 2884 2128 quam
2913 2060 2961 2101 15

576 2159 871 2217 asininum
921 2156 994 2217 ad
1043 2156 1317 2216 alimonia
1357 2155 1566 2216 dicunt
1604 2174 1736 2216 esse
1778 2156 2004 2218 meliuS.
2096 2165 2403 2236 praeterea
2444 2156 2701 2217 educant
2741 2175 2880 2217 eum

574 2264 778 2345 paleiS,
826 2265 1016 2344 faeno,
1061 2263 1306 2323 hordeo.
1399 2265 1572 2323 matri
1621 2265 2042 2342 suppositiciae
2082 2281 2318 2342 quoque
2357 2265 2712 2343 inserviunt,
2761 2282 2881 2342 quo

577 2389 729 2451 equa
779 2370 848 2430 ad
901 2372 1300 2430 ministerium
1347 2370 1518 2431 lactis
1564 2370 1763 2431 cibum
1813 2370 1973 2450 pullo
2022 2370 2308 2448 praebere
2355 2372 2559 2450 possit.
2650 2370 2750 2430 hic
2800 2372 2881 2430 ita

577 2477 864 2538 educatus
912 2497 942 2538 a
991 2479 1168 2539 trimo
1215 2485 1414 2556 potest
1460 2477 1708 2538 admitti.
1801 2496 1995 2556 neque
2043 2479 2200 2537 enim
2240 2485 2591 2556 aspernatur
2627 2486 2881 2555 propter

524 2584 1080 2648 3consuetudinem
1147 2587 1441 2664 equinam.
1539 2585 1701 2647 hunc
1766 2586 2056 2645 minorem
2123 2586 2172 2645 si
2228 2584 2565 2666 admiseriS,
2631 2591 2691 2645 et
2745 2585 2878 2663 ipse
2906 2589 2988 2636 20'

577 2694 756 2752 citius
814 2696 1098 2774 senescit,
1156 2701 1216 2754 et
1263 2712 1413 2772 quae
1461 2712 1532 2753 ex
1581 2711 1652 2754 eo
1701 2694 2122 2771 concipiuntur
2168 2693 2319 2752 fiunt
2365 2690 2677 2752 deteriora.
2772 2694 2878 2772 qui

721 2926 750 2973 1
799 2919 1074 2974 cantherii
1120 2919 1301 2973 PAB
1348 2917 1585 2973 canterii
1633 2935 1665 2972 v
1810 2915 2083 2987 appellati
2118 2917 2173 2969 B
2221 2898 2532 2985 appellanti
2570 2915 2653 2983 A,
2699 2917 2794 2971 sed
2837 2934 2876 2971 n

576 3010 833 3076 deletum,
871 3015 934 3063 ut
970 3010 1186 3064 videtur
1222 3006 1322 3076 ΑΒ,
1361 3006 1723 3076 appellantur
1769 3006 1822 3058 V
1961 3005 2160 3075 campi,
2198 3006 2290 3060 sed
2326 3023 2380 3057 m
2420 3005 2648 3059 deletum
2684 3003 2741 3059 A

575 3105 607 3153 3
653 3099 941 3167 pastorum
978 3104 1042 3153 ut
1077 3099 1292 3151 videtwr
1325 3095 1382 3151 A
1419 3112 1556 3150 corr.
1599 3125 1663 3134 -—
1702 3110 1820 3147 rem
1849 3092 1931 3150 ΑΒ
2065 3100 2100 3149 4
2141 3089 2551 3147 ΙΙΤΙΤΙΔΤΡΟΙ
2594 3092 2641 3147 c'
2682 3089 2874 3147 ἱππία-

574 3207 696 3256 τροι
745 3189 801 3241 Ρ
844 3188 1028 3242 utinat
1059 3189 1068 3255 Ι
1102 3186 1215 3240 ΡΟΙ
1265 3185 1321 3241 A
1367 3186 1571 3239 lacuma
1614 3184 1807 3238 relicta
1852 3189 1903 3238 et
1946 3185 2009 3237 in
2053 3185 2302 3253 maraine
2337 3183 2679 3253 adscriptum
2715 3201 2873 3252 grae·

578 3294 706 3331 cum
743 3277 799 3331 B
836 3293 1193 3345 κτηνοιατροι
1229 3291 1260 3328 v

686 3373 716 3420 6
747 3366 884 3420 Cum
914 3366 1053 3418 haec
1072 3363 1452 3433 loqueremur]
1476 3363 1558 3416 De
1577 3361 1790 3415 mulis
1765 3379 1829 3415 ‘m
1846 3362 2095 3432 maryine
2110 3362 2413 3417 rubricaA
2522 3362 2677 3416 dicat
2695 3316 2875 3417 ΡΑΒ

577 3455 715 3508 dicit
749 3472 782 3509 v
891 3460 923 3508 8
964 3452 1405 3508 sacrificarentur
1436 3451 1622 3505 PAB
1660 3451 2038 3505 sacrificarent
2072 3467 2122 3506 v.
2190 3450 2286 3504 ‘Et
2328 3450 2439 3521 ipsi
2480 3467 2580 3520 pro
2620 3468 2678 3506 se
2706 3451 2873 3506 sacri-

576 3544 889 3597 ficarentur.
931 3543 1031 3596 Ita
1058 3543 1343 3597 emendaui
1362 3557 1397 3595 ‘e
1424 3541 1652 3596 uetustis
1682 3540 1860 3594 libris'
1905 3540 2183 3595 Victorius
2284 3547 2349 3594 10
2381 3541 2450 3593 de
2479 3539 2753 3609 cambae,
2782 3542 2874 3595 sed

576 3650 604 3685 1·
631 3634 858 3687 deletum
894 3630 950 3686 A
1074 3630 1258 3698 inquit
1304 3631 1415 3685 VB
1453 3629 1649 3698 inquid
1688 3631 1740 3682 A
1870 3634 1934 3683 11
1973 3628 2215 3683 Murrius
2244 3627 2422 3684 PAB
2451 3626 2662 3682 Murius
2698 3645 2731 3682 v

575 3721 743 3774 multi
791 3724 848 3774 et
893 3720 1033 3774 item
1071 3719 1322 3791 bigeneri
1360 3719 1543 3775 PAB
1587 3716 1753 3771 multi
1791 3719 1850 3773 et
1884 3717 2025 3772 item
2061 3719 2340 3788 bigeneris
2375 3735 2407 3772 v
2443 3716 2585 3771 muli
2621 3718 2680 3771 et
2712 3715 2872 3770 hinni

576 3809 831 3880 bigeneri
868 3810 1165 3865 Iucwndus
1307 3811 1475 3878 atqne
1526 3806 1637 3860 VB
1684 3807 1865 3875 adque
1893 3808 1948 3860 A
2097 3814 2161 3862 12
2210 3809 2407 3877 suopte
2454 3823 2656 3876 genere
2693 3825 2726 3862 v
2773 3823 2871 3861 suo

578 3916 684 3969 ope
722 3916 924 3968 genere
954 3899 1135 3953 PAB
1226 3906 1291 3954 13
1332 3899 1526 3953 contra
1562 3899 1623 3951 et
1658 3913 1744 3964 eX,
1780 3897 1873 3951 sed
1901 3899 1959 3951 et
1987 3898 2215 3952 deletum
2243 3897 2299 3951 B
2388 3893 2619 3966 hinnus]
2650 3895 2872 3950 hinnius

578 3989 690 4042 Pm
725 3988 907 4044 bimus
943 3990 998 4042 A
1036 3990 1101 4042 fit,
1135 3988 1376 4054 hinniuS,
1411 3987 1503 4041 sed
1542 3987 1606 4041 fit
1641 3987 1872 4041 deletum
1906 3985 1963 4039 B
1998 3982 2226 4036 hinulus
2263 3999 2296 4037 v
2404 3982 2478 4036 ad
2515 3984 2675 4039 utilis
2710 4003 2868 4039 usum

577 4077 761 4145 utilis,
799 4079 894 4133 sed
928 4075 1084 4131 utilis
1113 4079 1304 4146 priore
1340 4077 1453 4131 loco
1489 4077 1720 4131 deletum
1756 4077 1810 4129 A
1959 4079 2025 4128 14
2061 4074 2230 4143 partu
2266 4071 2481 4126 fruetus
2517 4074 2716 4128 neuter
2755 4074 2873 4128 PB

577 4169 743 4235 partu
786 4167 1001 4221 fructus
1047 4184 1098 4220 u.
1145 4169 1366 4234 neuter,
1417 4165 1511 4219 sed
1554 4183 1594 4218 u
1631 4168 1760 4233 post
1803 4163 2019 4219 fructus
2065 4164 2294 4218 deletum
2338 4161 2394 4215 A
2438 4164 2605 4232 partu
2652 4163 2867 4217 fructus

575 4256 735 4309 uenit
779 4258 976 4310 uenter
1019 4272 1073 4309 m
1119 4257 1311 4325 partus
1347 4254 1561 4308 fructus
1600 4254 1797 4307 uenter
1832 4269 1864 4307 v
2009 4250 2288 4306 asininum
2325 4256 2554 4319 utroque
2590 4252 2704 4307 loco
2752 4251 2866 4306 VB

576 4344 795 4398 asinum
831 4350 1058 4413 utroque
1084 4345 1202 4399 Am
1349 4349 1414 4398 16
1453 4343 1528 4397 ad
1563 4341 1856 4413 alimonia]
1897 4342 1959 4396 at
1994 4341 2108 4397 alia.
2145 4339 2332 4395 omnia.
2360 4340 2542 4394 PAB
2580 4356 2647 4395 ae
2685 4340 2873 4396 omnia

578 4433 691 4488 alia
719 4451 751 4488 v
899 4439 963 4488 17
1002 4433 1166 4487 foeno
1204 4432 1373 4487 ordeo
1409 4431 1463 4485 V
1602 4431 1998 4501 suppositiciae
2039 4430 2092 4484 V
2114 4429 2506 4499 subpositiciae
2536 4430 2658 4483 AB
2806 4436 2872 4484 19

577 4522 872 4594 educatus]
911 4522 1144 4576 eductus
1189 4520 1364 4576 VAB
1509 4536 1544 4576 a
1580 4519 1744 4577 trimo
1793 4521 2028 4579 Ursinus
2064 4536 2100 4574 a
2134 4518 2317 4591 primo
2363 4517 2541 4572 VAB
