3178 5185
548 414 681 480 250
1241 422 1622 478 COMMENT.
1659 424 1740 478 IN
1777 422 2153 479 VARRONIS

546 578 864 640 lectionem
911 578 1210 639 Victorius
1266 580 1548 640 restituit.
1641 580 1704 639 in
1752 583 2134 663 testudinem,
2184 580 2339 660 quod
2403 599 2475 640 ex
2530 581 2735 642 codice
2784 599 2839 640 m

547 686 875 747 politianus
922 686 1320 768 adnotaverat,
1358 686 1661 748 Gesnerus
1708 689 1955 766 recepit.
2028 707 2067 748 a
2106 691 2325 763 quibus
2362 690 2621 750 coniecit
2667 689 2839 767 idem,

547 802 612 855 ut
665 793 1114 874 intellegeretur
1180 789 1245 854 ‘a
1299 793 1530 874 gallinis
1587 813 1660 855 ex
1717 796 1842 855 ovis
1899 789 2206 855 excusos'.
2297 797 2523 857 rectius
2588 794 2837 855 Ursinus

548 901 1079 964 demonstrativum
1125 920 1455 983 pronomen
1501 909 1639 980 post
1684 901 1998 963 relativum
2046 904 2255 963 vitiose
2303 901 2566 963 additum
2607 902 2840 984 delevit,

546 1028 626 1071 ex
688 1012 907 1085 quibus
963 1029 1221 1072 excusos
1274 1015 1475 1089 pullos
1529 1008 1728 1085 refert
1792 1013 1854 1070 in
1919 1011 2296 1091 testudinem.
2388 1009 2578 1070 simile
2636 1011 2839 1070 vitium

543 1120 606 1178 in
653 1116 972 1197 archetypo
1020 1117 1135 1178 fuit
1178 1117 1205 1177 I
1248 1114 1347 1198 12,
1386 1113 1446 1179 3.
1540 1119 1775 1178 testudo
1823 1115 1897 1176 de
1946 1115 2262 1176 ornithone
2311 1114 2533 1176 dicitur
2579 1114 2662 1176 III
2699 1113 2758 1194 5,
2798 1115 2830 1178 1

543 1231 605 1284 et
653 1222 710 1305 7,
749 1221 818 1306 35
874 1227 1183 1287 excudere
1228 1224 1301 1285 de
1349 1224 1474 1283 ovis
1521 1222 1614 1283 vel
1659 1223 1841 1302 pullis
1889 1222 1967 1283 111
2007 1219 2068 1305 9,
2106 1220 2175 1304 23
2227 1220 2336 1303 103
2387 1220 2486 1284 13.
2545 1219 2646 1303 10,
2685 1221 2752 1305 33
2796 1219 2837 1282 4

545 1340 604 1392 et
649 1331 805 1411 apud
855 1330 1238 1392 Columellam
1285 1333 1348 1391 in
1395 1336 1602 1392 octavo
1650 1329 1802 1390 libro
1851 1347 2046 1411 saepe,
2095 1328 2200 1390 ubi
2246 1333 2581 1392 excludere
2628 1338 2691 1390 et
2719 1349 2836 1413 ¹ex-

546 1443 747 1500 clusus
811 1437 1105 1499 dederunt
1169 1438 1459 1519 editoreS,
1524 1440 1838 1499 excudere
1901 1445 1962 1497 et
2024 1455 2289 1499 excusus
2344 1436 2524 1498 habet
2590 1435 2837 1514 Sanger-

546 1547 845 1606 manensis
919 1544 1105 1606 codex
1177 1550 1416 1624 praeter
1488 1562 1706 1625 pauca,
1782 1562 1932 1625 quae
2007 1545 2069 1605 in
2141 1543 2243 1605 illo
2319 1562 2557 1625 quoque
2636 1545 2855 1604 vitiose·

546 1654 768 1730 scripta
815 1658 974 1712 sunt.

723 1759 1059 1820 Tectorio
1124 1757 1398 1836 leuata]
1466 1755 1547 1818 111
1593 1755 1693 1840 ll,
1730 1756 1772 1820 3
1829 1776 2033 1842 omnes
2071 1760 2348 1834 parietes
2394 1760 2653 1820 tectorio
2700 1761 2834 1820 levi·

540 1873 792 1942 yantur.

722 1969 765 2035 5
829 1974 1198 2036 Pastorem
1247 1991 1485 2034 earum
1547 1991 1703 2034 cum
1758 1972 2016 2034 uatillo
2075 1974 2466 2034 circumire
2522 1972 2840 2053 oportet]

545 2083 781 2143 Earum
829 2083 1025 2142 omnia
1082 2081 1443 2162 apographa,
1498 2098 1707 2142 eorum
1762 2082 1825 2141 in
1880 2081 2152 2159 principe
2210 2078 2468 2140 editione
2515 2060 2841 2140 Politianus

545 2207 663 2249 non
730 2191 1008 2250 correxit.
1101 2191 1307 2250 batillo
1372 2206 1444 2248 ex
1510 2186 1718 2248 Aldina
1784 2186 2045 2248 editione
2110 2186 2249 2246 olim
2314 2192 2624 2265 receptum
2702 2194 2841 2247 erat.

544 2299 748 2357 vatillo
794 2315 867 2356 ex
923 2295 1243 2376 archetypo
1291 2297 1555 2377 restitui,
1605 2314 1780 2374 quam
1831 2295 2088 2355 nominis
2149 2293 2396 2353 formam
2452 2299 2590 2372 post
2644 2292 2841 2372 dispu-

544 2404 799 2463 tationes
829 2402 1138 2464 Ritschelii
1177 2420 1384 2484 opusc.
1414 2383 1465 2463 v.
1495 2401 1576 2462 111
1604 2421 1660 2481 p.
1695 2399 1822 2464 793
1871 2409 1932 2461 et
1970 2390 2193 2460 Loe'wii
2230 2399 2406 2479 gloss,
2435 2418 2594 2460 nom.
2623 2418 2680 2479 p.
2718 2398 2838 2462 178

542 2509 947 2571 Buechelerus
991 2511 1053 2570 in
1095 2509 1391 2571 Umbricis
1438 2527 1493 2588 p.
1535 2507 1620 2572 63
1669 2517 1728 2570 et
1766 2506 2100 2586 Nettleship
2148 2506 2338 2567 annal.
2385 2506 2588 2586 philol.
2629 2507 2834 2569 Canta-

544 2617 695 2697 brig.
743 2637 791 2678 a.
844 2616 1014 2680 1883
1062 2637 1117 2698 p.
1155 2615 1287 2680 202
1336 2605 1854 2678 confirmaverunt.

724 2723 763 2786 6
829 2724 1109 2786 Primus
1164 2725 1292 2786 hos
1349 2726 1417 2797 Q.
1464 2726 1888 2787 hortensius
1947 2722 2277 2803 augurali
2332 2721 2612 2784 aditiali
2671 2742 2838 2784 cena

543 2834 876 2913 posuisse
924 2831 1219 2910 dicitur]
1269 2832 1527 2894 Aditiali
1570 2835 1789 2912 optima
1839 2830 2176 2911 apographa
2223 2830 2326 2890 AB
2375 2838 2436 2891 et
2482 2831 2672 2891 codex
2711 2830 2838 2891 Flo·

546 2942 835 3023 rentinus,
883 2942 1142 3001 adiciali
1183 2958 1243 3000 m
1289 2947 1352 3001 et
1396 2940 1707 3022 CaesenaS,
1755 2942 2038 3001 adiiciali
2081 2937 2262 3000 editio
2309 2939 2622 3019 princepS,
2673 2937 2777 2999 ubi
2820 2942 2844 2999 i

544 3048 800 3109 litteram
847 3055 982 3108 ante
1023 3066 1058 3109 c
1094 3046 1422 3109 Politianus
1461 3047 1704 3109 delevit:
1761 3049 2048 3108 omissum
2099 3056 2191 3107 est
2228 3048 2288 3107 in
2327 3045 2590 3105 editione
2630 3045 2841 3106 Aldina

546 3163 606 3216 et
652 3158 714 3216 in
761 3154 928 3216 libris
973 3153 1258 3215 Macrobii
1307 3154 1544 3216 Saturn.
1589 3154 1672 3214 111
1714 3151 1814 3235 13,
1857 3151 1910 3214 1.
1985 3156 2269 3216 adiiciali
2312 3171 2386 3213 ex
2431 3152 2671 3213 Iuntina
2719 3151 2836 3213 edi·

542 3265 704 3323 tione
751 3262 1047 3324 Victorius
1095 3263 1363 3342 retinuit,
1410 3264 1657 3322 aditiali
1702 3278 1774 3321 ex
1810 3259 2002 3321 Plinio
2053 3259 2105 3320 X
2141 3255 2230 3321 45
2276 3261 2542 3321 restituit
2591 3259 2834 3320 Schnei-

546 3368 744 3430 dernS.
817 3369 992 3431 Plinii
1038 3368 1216 3429 verba
1264 3368 1561 3447 adscripta
1601 3374 1744 3428 sunt
1781 3385 1979 3450 supra,
2017 3366 2301 3428 Macrobii
2338 3365 2375 3427 l.
2406 3384 2454 3427 c.
2497 3374 2642 3427 sunt
2678 3366 2842 3447 haec,

548 3478 812 3552 accipite
857 3483 916 3538 et
961 3477 1047 3537 M.
1091 3474 1387 3538 Varronis
1432 3477 1621 3537 verba
1668 3478 1744 3538 de
1790 3478 1935 3552 aori
1978 3478 2226 3537 cultura
2280 3475 2437 3535 libro
2485 3478 2693 3549 tertio,
2741 3477 2845 3550 qui

546 3599 683 3644 eum
731 3584 807 3644 de
844 3586 1185 3660 pavonibus
1223 3587 1285 3644 in
1322 3586 1467 3644 villa
1504 3586 1850 3644 nutriendis
1888 3587 2258 3658 loqueretur,
2295 3583 2387 3641 sie
2430 3584 2536 3662 ait,
2576 3576 2843 3643 ‘Primus

546 3691 654 3751 hos
710 3692 775 3762 Q.
821 3692 1184 3752 Hortensius
1231 3693 1530 3766 auqurali
1587 3708 1742 3751 cena
1792 3692 2068 3767 posuisse
2114 3691 2369 3763 dicitur,
2426 3691 2594 3763 quod
2636 3692 2843 3765 potius

540 3795 781 3872 factum
837 3803 961 3858 tum
1015 3800 1334 3859 luxuriose
1388 3814 1570 3871 quam
1625 3814 1834 3857 severe
1893 3793 1957 3878 (1.
2014 3798 2321 3857 luxuriosi
2371 3812 2554 3870 quam
2607 3788 2842 3877 severi)

547 3905 691 3964 boni
735 3907 857 3966 viri
897 3906 1253 3966 laudabant.
1344 3922 1517 3979 quem
1573 3907 1694 3965 cito
1752 3906 1951 3965 secuti
2000 3907 2176 3965 multi
2226 3905 2581 3964 extulerunt
2634 3919 2845 3964 eorum

539 4013 771 4087 pretia,
819 4017 887 4070 ut
931 4028 1045 4072 ova
1093 4028 1300 4073 eorum
1364 4013 1639 4072 denariis
1685 4016 1947 4071 veneant
1989 4012 2216 4084 quinis,
2265 4011 2385 4085 ipsi
2429 4008 2625 4084 facile
2670 4012 2840 4085 quin·
2910 4073 2921 4084 ‚
2958 4023 2965 4024 ’

546 4112 890 4194 quaqenis'.
963 4117 1119 4197 apud
1157 4116 1483 4178 Varronem
1531 4136 1737 4193 auqur
1783 4135 1891 4196 pro
1940 4119 2236 4192 auqurali
2280 4113 2667 4176 scribendum
2708 4133 2840 4177 con-

548 4226 690 4285 iecit
735 4224 1048 4286 Victorius

727 4329 924 4400 Quod
970 4334 1215 4412 potius
1264 4334 1530 4394 factum
1569 4339 1714 4393 tum
1753 4330 2111 4391 luxuriosi
2150 4346 2353 4408 quam
2393 4331 2639 4389 seueri
2677 4329 2840 4388 boni

550 4439 692 4498 uiri
741 4437 852 4499 lau
871 4438 1154 4517 dabant]
1212 4441 1354 4501 Tam
1401 4442 1710 4501 luxuriosi
1752 4437 1994 4499 Merula.
2081 4438 2246 4511 quod
2280 4439 2566 4513 protinus
2604 4434 2839 4511 factum

549 4553 673 4606 tam
730 4549 1038 4607 luxuriosi
1081 4542 1208 4624 sqq'.
1256 4545 1588 4627 IucunduS,
1645 4544 1803 4625 quod
1861 4563 1931 4605 ex
1983 4543 2187 4604 Aldina
2237 4542 2496 4603 editione
2543 4540 2839 4603 Victorius
