3178 5185
499 392 631 455 310
1528 401 1758 454 INDEX

501 547 727 602 decolat
767 554 829 601 12
885 616 890 617 ⁷
1675 546 1875 600 exinde
1914 547 2041 600 exin
2079 554 2163 602 67.
2208 552 2303 601 161

500 635 736 691 deficere
782 642 885 689 300
1674 637 1980 690 extremum
2022 643 2088 690 36

498 722 700 780 deinde
737 725 864 778 dein
906 732 1003 780 161

497 812 797 883 deiungere
838 814 1128 884 diiungere
1168 822 1237 869 24
1667 813 1904 868 Fabalia
1939 820 2008 868 88

498 902 707 957 delicus
749 908 847 956 165
1665 901 1838 956 facies
1877 909 1945 955 39

497 989 815 1045 delitiscere
857 997 956 1046 301
1668 991 1830 1045 faelis
1869 992 2045 1044 faeles
2091 998 2188 1045 199

497 1081 753 1135 deorsum
795 1082 1025 1136 deosum
1065 1090 1131 1136 29
1668 1079 1841 1132 falere
1881 1085 1984 1135 245

496 1170 747 1240 derigere
787 1169 1028 1237 dirigere
1066 1177 1133 1225 35
1666 1169 1832 1221 famis
1870 1168 2047 1222 sames
2087 1175 2187 1223 199

498 1260 785 1315 devertere
824 1265 889 1313 22
1665 1258 1892 1326 farrago
1931 1258 2152 1327 feri-ago
2192 1263 2259 1311 88

496 1346 870 1417 digitabulum
913 1354 1012 1402 115
1666 1346 1898 1400 fasiolus
1938 1351 2005 1399 50

498 1435 792 1491 dimidium
832 1442 899 1491 36
1666 1433 1955 1503 fastigium
1994 1442 2062 1489 29

495 1525 776 1595 disperilis
814 1524 1095 1594 disparilis
1135 1532 1200 1578 31
1665 1522 1780 1576 fere
1830 1529 1928 1577 146

499 1614 796 1683 displicere
835 1620 955 1670 284.
1663 1613 1844 1666 fessus
1888 1619 1985 1666 132

495 1702 812 1772 displodere
851 1703 1170 1772 diepludere
1210 1712 1257 1757 6.
1304 1711 1401 1759 175
1665 1702 1810 1756 fetus
1854 1708 1953 1756 166

493 1791 777 1860 disserere,
818 1792 1048 1847 dissitus
1088 1799 1155 1846 73
1664 1791 1897 1845 ficulnus
1934 1789 2202 1844 ficulneus
2244 1794 2342 1842 152

491 1879 748 1934 divarare
789 1886 904 1937 175.
1664 1881 1850 1948 figere,
1891 1880 2052 1932 fictus
2091 1884 2195 1931 254

492 1969 718 2023 doleum
758 1969 969 2024 dolium
1007 1978 1076 2026 50
1664 1966 1880 2037 figilina
1917 1967 2114 2036 figlina
2150 1973 2215 2020 21

493 2059 625 2112 dum
666 2062 747 2113 16.
786 2064 891 2113 264
1663 2057 1850 2123 flutae,
1892 2057 2118 2125 plautae
2159 2062 2255 2110 181

492 2147 604 2202 duo
642 2147 781 2202 duos
820 2153 922 2202 246
1662 2144 1806 2200 foria
1848 2149 1948 2199 159

500 2235 733 2292 durities
772 2237 979 2292 duritia
1020 2244 1115 2292 107
1331 2252 1341 2267 ·
1662 2233 2060 2288 formidulosus
2101 2241 2131 2288 6

1661 2323 1898 2376 fortasse
1933 2340 2023 2390 an,
2062 2323 2298 2376 forsitan
2335 2328 2439 2375 248

494 2414 541 2468 Ε
575 2432 682 2484 pro
719 2416 738 2469 i
775 2417 839 2469 in
873 2417 1189 2471 nominibus
1226 2422 1308 2471 50.
1384 2417 1448 2470 in
1489 2434 1607 2470 ver-
1662 2413 1840 2465 forum
1885 2418 1985 2465 114

565 2505 647 2558 bis
689 2509 787 2557 301
1661 2501 1969 2555 fracescere
2006 2505 2074 2553 49

492 2591 687 2647 eadem
716 2610 824 2661 pro
863 2595 1118 2651 adverbio
1157 2602 1258 2649 170
1660 2590 1827 2645 friare
1864 2590 2066 2644 fricare
2108 2594 2225 2644 124.
2266 2595 2365 2643 301

491 2681 725 2735 educare
768 2688 868 2735 196
1660 2681 1772 2734 fros
1811 2680 1966 2733 frons
2006 2685 2074 2731 74

492 2769 700 2836 eligere
742 2776 840 2824 107
1661 2768 1896 2822 fructuis
1937 2774 1999 2822 17

492 2857 698 2912 elinere
739 2865 839 2913 297
1660 2858 1917 2923 futurum
1963 2861 2173 2925 tempus
2210 2858 2273 2909 in
2312 2858 2619 2925 praeceptis
2662 2863 2780 2912 193.

493 2964 581 3001 em
624 2955 704 3003 10.
748 2954 848 3003 118
1731 2950 1833 2998 227

490 3037 928 3093 emolumentum
968 3045 1071 3092 279

490 3125 637 3179 enim
674 3133 759 3181 49.
804 3131 919 3181 115.
959 3133 1062 3182 275
1665 3122 1970 3175 Genetivus
1998 3138 2118 3175 cum
2146 3124 2359 3177 neutris
2389 3124 2781 3178 adiectivornm

493 3214 801 3284 epitonium
839 3223 941 3270 247
1733 3217 1784 3265 et
1813 3211 2247 3279 participiorum
2278 3216 2396 3265 300.
2449 3214 2645 3267 omisso
2681 3231 2775 3267 no·

491 3318 624 3372 ergo
662 3309 766 3357 276
1733 3300 1877 3353 mine
1914 3303 2018 3351 284

492 3390 739 3446 erithace
778 3398 879 3447 285
1664 3404 1810 3456 geno
1838 3404 1947 3457 pro
1985 3387 2158 3458 gigno
2199 3394 2266 3443 88

492 3479 668 3535 ervila
706 3480 904 3535 ervilia
942 3489 1008 3537 89
1665 3492 1858 3545 genus,
1888 3478 1996 3530 hoc
2025 3492 2201 3545 genus
2232 3482 2283 3531 et
2319 3477 2468 3546 quod
2505 3496 2681 3547 genus
2712 3483 2780 3531 83

488 3584 571 3621 -es
620 3575 669 3623 et
714 3587 774 3623 —a
827 3573 891 3624 in
939 3574 1276 3627 nominativo
1329 3574 1607 3643 sinyulari
1735 3580 1897 3617 omne
1936 3582 2112 3633 genus
2151 3571 2254 3619 244

553 3658 771 3725 primae
807 3661 1193 3715 declinationis
1234 3667 1333 3715 107
1655 3654 1984 3723 yerundium
2021 3660 2106 3709 42.
2147 3660 2214 3708 70

490 3761 574 3799 -es
620 3753 672 3802 et
709 3747 779 3802 -is
828 3750 892 3802 in
936 3751 1274 3805 nominativo
1326 3752 1604 3820 sinyulari
1658 3742 1910 3811 gladium
1953 3747 2051 3796 152

560 3839 752 3891 tertiae
788 3840 1175 3893 declinationis
1216 3844 1316 3893 199
1625 3823 1629 3827 ’
1658 3832 1780 3899 glas
1817 3831 1982 3899 glans
2024 3838 2090 3886 74

490 3927 783 3981 escendere
821 3929 1119 3982 ascendere
1158 3933 1264 3982 295
1657 3936 1854 3989 yraeca
1901 3922 2131 3975 nomina
2166 3926 2250 3974 21.
2323 3937 2641 3991 yraecorum
2678 3936 2774 3975 no·

490 4016 547 4068 et
585 4020 667 4069 25.
710 4022 792 4071 67.
841 4033 950 4087 pro
990 4015 1160 4071 etiam
1202 4023 1286 4071 61.
1345 4019 1601 4072 omissum
1727 4010 1939 4063 minum
1975 4010 2270 4065 declinatio
2310 4016 2394 4063 33.
2434 4016 2538 4064 226

556 4105 620 4157 in
657 4106 946 4175 archetypo
986 4111 1089 4160 158
1657 4097 2034 4168 guminasium
2073 4104 2139 4151 21

487 4192 675 4261 etiam,
704 4196 763 4248 eb
791 4194 961 4249 etiam
990 4199 1110 4250 214.
1161 4195 1332 4250 etiam
1359 4212 1504 4249 nunc
1533 4201 1601 4249 93

489 4298 762 4336 evanuere
804 4288 904 4336 113
1662 4278 1858 4333 Habeo
1897 4294 2091 4332 curare
2129 4284 2159 4331 5

488 4371 774 4439 excudere,
813 4372 1106 4427 excludere
1146 4378 1248 4427 250
1655 4367 1795 4421 haec
1824 4384 1934 4437 pro
1972 4368 2078 4421 hae
2116 4353 2234 4421 249.
2308 4368 2400 4422 hic
2439 4371 2543 4419 304

488 4473 741 4513 exercere
784 4465 883 4514 193
1654 4456 1884 4510 haerere
1922 4461 1988 4509 56

487 4546 708 4615 exigere
755 4554 853 4601 149
1655 4547 1762 4601 hoc
1795 4563 1899 4616 pro
1937 4546 2048 4599 huc
2089 4549 2189 4599 170
