3178 5185
827 394 1597 458 RERVMRVSTICARVM
1634 395 1765 450 LIB.
1803 396 1854 449 II
1896 395 1930 449 9
2382 394 2514 459 253

409 562 635 623 Cibatus
701 560 864 623 canis
928 566 1170 642 propior
1235 563 1492 623 hominis
1547 582 1724 641 quam
1781 565 1922 622 ovis.
2024 563 2290 641 pascitur
2345 564 2502 621 enim
2570 566 2607 620 8

263 688 408 729 carne
460 677 516 730 et
569 670 827 751 ossibuS,
888 688 1006 730 non
1062 669 1266 730 herbis
1327 679 1429 730 aut
1487 669 1712 730 fronde.
1804 669 2119 749 diligenter
2177 675 2243 728 ut
2300 667 2514 729 habeat

263 775 449 835 cibaria
509 776 954 854 providendum.
1058 777 1241 836 sames
1306 780 1461 837 enim
1528 776 1638 836 hos
1703 776 1799 847 ad,
1843 776 2248 855 quaerendum
2313 776 2513 835 cibum

262 882 433 962 ducet,
478 885 529 943 si
571 902 685 943 non
734 882 1144 965 praebebitur,
1190 892 1249 945 et
1295 904 1326 944 a
1375 902 1589 963 pecore
1638 883 1919 944 abducet:
1977 886 2089 944 nisi
2139 884 2214 962 si,
2263 891 2328 942 ut
2375 884 2504 960 qui·
2572 887 2607 942 9

221 988 367 1049 sdam
411 998 632 1070 putant,
691 992 868 1050 etiam
916 990 1057 1051 illuc
1104 994 1513 1070 pervenerint,
1570 990 1950 1069 proverbium
2000 998 2064 1051 ut
2114 989 2319 1050 tollant
2366 991 2513 1048 anti-

260 1113 370 1154 cum
423 1096 506 1155 vel
558 1098 732 1156 etiam
791 1104 858 1157 ut
910 1095 1140 1177 μῦθον
1195 1100 1463 1176 aperiant
1520 1098 1593 1158 de
1641 1100 1934 1157 Actaeone
1993 1107 2169 1176 atque
2218 1099 2278 1156 in
2327 1095 2512 1155 domi-

258 1218 375 1261 num
425 1203 681 1263 adferant
737 1202 962 1264 dentes,
1054 1223 1164 1265 nec
1221 1223 1338 1264 non
1393 1207 1474 1264 ita
1529 1222 1741 1282 panem
1795 1204 2176 1264 hordeacium
2225 1203 2503 1282 dandum,
2529 1209 2609 1265 10

260 1314 312 1366 ut
354 1326 460 1368 non
505 1312 700 1388 potius
749 1329 885 1371 eum
933 1314 994 1371 in
1042 1312 1192 1372 lacte
1241 1311 1347 1371 des
1393 1313 1685 1390 intritum,
1736 1311 1891 1389 quod
1942 1330 2011 1370 eo
2060 1313 2333 1371 consueti
2380 1310 2512 1370 cibo

259 1415 331 1473 uti
369 1433 400 1474 a
440 1397 646 1494 pecore
697 1437 815 1478 non
864 1421 984 1479 cito
1032 1419 1388 1479 desciscunt.
1480 1419 1832 1478 morticinae
1880 1420 2006 1478 ovis
2050 1436 2169 1477 non
2206 1421 2513 1497 patiuntur

202 1539 240 1576 ιο
262 1523 394 1581 vesci
444 1542 637 1605 carne,
700 1544 774 1585 ne
832 1526 998 1586 ducti
1055 1544 1266 1605 sapore
1322 1528 1521 1585 miuus
1577 1544 1641 1585 se
1698 1525 2048 1586 abstineant.
2141 1525 2283 1585 dant
2338 1526 2514 1584 etiam

258 1607 334 1686 ius
382 1647 447 1689 ex
499 1632 731 1692 ossibus
787 1640 847 1693 et
903 1652 969 1692 ea
1026 1636 1153 1712 ipsa
1209 1651 1341 1693 ossa
1399 1640 1664 1693 contusa.
1759 1632 1967 1694 dentes
2025 1635 2183 1693 enim
2232 1634 2372 1693 facit
2418 1633 2514 1692 fir-

257 1735 445 1795 miores
498 1744 554 1797 et
608 1755 677 1797 os
735 1740 923 1815 magis
969 1738 1263 1819 patulum,
1318 1748 1634 1819 propterea
1683 1723 1842 1816 quod
1889 1740 2299 1800 vehementius
2346 1739 2513 1799 didu-

258 1848 446 1901 cuntur
512 1842 696 1903 malae
772 1846 1154 1924 acrioresque
1229 1848 1378 1906 fiunt
1450 1854 1696 1924 propter
1765 1846 2156 1908 medullarum
2224 1864 2513 1924 saporem.

259 1946 426 2008 cibum
480 1969 690 2029 capere
738 1961 1142 2012 consuescunt
1189 1953 1478 2033 interdiu,
1532 1952 1638 2013 ubi
1686 1961 2038 2033 pascuntur,
2097 1955 2353 2033 vesperi,
2411 1953 2516 2037 ubi

199 2067 235 2105 1⁵
258 2052 604 2118 stabulantur.
709 2059 936 2118 feturae
1001 2061 1361 2138 principium
1429 2060 1778 2120 admittendi
1844 2061 2068 2120 faciunt
2131 2062 2288 2120 veris
2345 2063 2504 2139 prin·
2531 2068 2605 2122 11

258 2160 574 2237 cipioztum
650 2167 809 2225 enim
877 2165 1160 2227 dicuntur
1226 2166 1500 2246 catulire,
1576 2167 1633 2226 id
1702 2176 1793 2226 est
1858 2167 2171 2227 ostendere
2239 2166 2385 2227 velle
2450 2186 2513 2226 se
2609 2159 2612 2162 ’

260 2270 500 2332 maritari.
579 2290 731 2351 quae
772 2280 897 2333 turn
937 2272 1245 2354 admissae,
1283 2276 1523 2352 pariunt
1561 2275 1810 2334 circiter
1842 2272 2123 2334 solstitio:
2163 2282 2513 2353 praegnates

259 2374 389 2434 enim
438 2376 623 2438 solent
681 2398 812 2445 esse
871 2387 1074 2440 ternos
1130 2399 1383 2441 menses
1476 2383 1535 2440 in
1585 2382 1777 2441 fetura
1831 2380 2087 2441 dandum
2134 2382 2334 2459 potius
2381 2379 2515 2440 hor-

376 2572 399 2619 1
435 2569 656 2638 propior
695 2568 748 2621 V
780 2568 1043 2640 proprior
1070 2571 1189 2626 AB
1299 2576 1330 2624 2
1371 2587 1535 2626 carne
1572 2589 1627 2626 m
1664 2587 1694 2626 e
1733 2571 1889 2626 curia
1920 2571 2035 2625 ΡΒ
2074 2589 2104 2626 e
2134 2569 2288 2626 curai
2316 2586 2454 2626 corr.
2488 2588 2517 2625 e

258 2654 384 2708 curia
399 2659 451 2710 A
469 2674 497 2711 e
519 2657 707 2713 culina
725 2674 776 2713 v.
818 2658 922 2712 ‘In
944 2660 1217 2714 ueteribus
1243 2660 1331 2714 hz'c
1359 2661 1521 2716 etiam
1550 2661 1698 2716 locus
1725 2662 2071 2730 inquinatus,
2100 2660 2143 2713 E
2167 2661 2319 2714 curia.
2338 2660 2514 2714 enim:

258 2757 364 2811 non,
389 2747 443 2799 E
465 2738 670 2815 culina,
699 2747 917 2802 habent'
963 2748 1239 2803 Victorius
1345 2748 1544 2803 fronde
1586 2749 1698 2803 VB
1725 2749 1921 2804 fronde
1951 2766 2088 2806 corr.
2118 2750 2300 2803 eadem
2327 2766 2514 2813 manu,

257 2835 308 2883 ut
328 2835 535 2906 videtur,
565 2835 818 2904 frondib3
847 2835 903 2889 A
929 2836 1222 2913 frondibus
1247 2855 1299 2891 m
1420 2838 1630 2892 habeat
1673 2839 1782 2891 VB
1809 2840 2056 2893 habeant
2082 2839 2200 2893 Am
2298 2842 2333 2890 4
2361 2853 2396 2890 a
2421 2853 2518 2906 pe-

260 2950 360 2992 core
408 2942 642 2998 abducet
685 2961 719 2998 v
777 2961 811 2998 a
854 2960 1056 3012 pecore
1103 2921 1314 3002 abdu⁰et
1358 2945 1415 2999 Β
1463 2963 1497 2999 a
1543 2962 1683 3014 peco
1733 2944 1974 2999 abducet
2017 2945 2071 2998 A
2119 2945 2189 2999 ab
2234 2960 2375 3013 peco
2422 2944 2519 2997 ab·

259 3023 396 3083 ducet
436 3031 491 3085 P
528 3049 562 3086 a.
607 3049 811 3102 pecore
859 3032 1102 3087 adducet
1148 3051 1203 3088 m
1367 3037 1431 3089 ut
1475 3035 1706 3103 quidam
1753 3036 1958 3104 putant
2015 3033 2126 3087 VB
2173 3036 2237 3088 ut
2280 3029 2520 3102 ”putant

258 3109 484 3181 ”quidam
511 3121 566 3174 A
603 3124 670 3177 ut
704 3125 912 3192 putant
947 3121 1176 3192 quidam
1212 3141 1266 3178 m
1367 3128 1399 3176 5
1437 3127 1501 3178 ιιι
1537 3122 1745 3178 tollant
1776 3123 2046 3177 Gesnerus
2075 3126 2138 3176 ut
2164 3123 2373 3175 tollunt
2402 3120 2518 3175 PA

259 3208 298 3255 et
316 3206 370 3260 in
392 3212 630 3280 maryine
656 3211 712 3265 Β
742 3213 1014 3266 attollunt
1039 3231 1072 3267 v
1180 3212 1430 3267 anticum
1461 3213 1642 3266 PAR
1672 3212 1962 3280 antiquum
1990 3229 2022 3266 v
2122 3218 2154 3265 6
2187 3210 2316 3265 ‘Vel
2344 3211 2517 3265 etiam

160 3310 163 3315 ·
260 3293 310 3346 ut
347 3298 521 3365 μῦθον
567 3300 840 3369 aperiant.
914 3303 1015 3356 Ita
1058 3303 1322 3371 scriptum
1371 3305 1435 3357 in
1471 3303 1861 3368 uetustissimO,
1908 3306 1957 3356 et
1992 3301 2304 3368 fidelissimo
2341 3301 2520 3355 codice

258 3380 438 3440 inueni’
498 3388 776 3444 Victorius
919 3394 985 3444 ut
1029 3392 1220 3461 μῦθον
1269 3392 1525 3460 aperiant
1562 3392 1620 3445 P
1657 3394 1721 3445 ιιι
1761 3391 2011 3445 ΜΥΘΟΝ
2060 3390 2317 3459 aperiant
2353 3391 2408 3443 A
2456 3392 2521 3443 ut

259 3476 478 3540 aperiant
511 3496 543 3533 v
580 3485 631 3534 et
667 3480 875 3534 lacuna
902 3485 1031 3549 post
1070 3483 1133 3535 ut
1167 3482 1358 3536 relicta
1395 3487 1444 3536 et
1480 3482 1545 3536 in
1575 3482 1825 3556 maryine
1867 3481 2145 3549 adscripto
2172 3497 2434 3549 graecum
2464 3478 2519 3531 Β

372 3599 649 3657 Actaeone
705 3603 761 3657 V
811 3603 1068 3658 actaione
1116 3620 1253 3660 corr.
1301 3607 1572 3659 actaeone
1620 3604 1674 3658 A
1722 3571 1960 3677 actgone
2005 3604 2061 3656 Β
2206 3606 2376 3671 atque
2422 3603 2517 3656 Bv

260 3683 410 3755 adque
438 3691 553 3745 PA
699 3698 728 3747 7
768 3692 1026 3746 adferant
1057 3693 1173 3746 PA
1212 3693 1448 3747 afferant
1485 3695 1582 3748 Bv
1727 3692 2090 3748 hordeacium
2128 3693 2244 3746 PB
2280 3692 2518 3746 hordea-

259 3785 385 3829 ceum
430 3780 542 3833 Am
590 3781 924 3835 ordeaceum
969 3798 1002 3834 v
1183 3782 1429 3835 dandum
1478 3783 1907 3851 superscriptum
1944 3783 2008 3835 in
2044 3781 2100 3834 A
2278 3787 2311 3834 8
2358 3780 2517 3834 intri-

258 3861 376 3929 tljum
408 3867 462 3920 Β
570 3887 636 3924 eo
676 3869 930 3925 consueti
957 3869 1076 3923 AB
1114 3870 1165 3924 ei
1205 3871 1459 3924 consueti
1497 3870 1551 3924 V
1655 3877 1687 3924 9
1726 3872 1809 3925 uti
1848 3887 2048 3940 pecore
2085 3870 2251 3924 nonci
2283 3872 2291 3938 Ι
2324 3869 2434 3923 cito
2464 3870 2519 3922 A

342 3955 648 4011 desciscunt
674 3961 944 4028 Anyelius
981 3958 1239 4014 desciunt
1265 3959 1321 4013 A
1359 3960 1596 4013 descunt
1624 3958 1741 4012 PB
1777 3959 2061 4013 desiscunt
2088 3976 2118 4013 v
2230 3966 2294 4012 11
2333 3956 2421 4013 ius
2451 3975 2518 4012 ex

259 4078 441 4134 ossibus
470 4083 525 4136 Β
550 4083 621 4137 iis
652 4100 721 4137 ex
751 4083 968 4138 ossibus
999 4084 1055 4137 P
1079 4062 1175 4138 iu⁸x
1203 4084 1510 4144 eoossibus
1540 4084 1597 4140 A
1622 4082 1711 4137 his
1742 4100 1807 4137 ex
1838 4083 2056 4137 ossibus
2084 4101 2116 4138 v
2228 4090 2293 4138 13
2330 4084 2515 4137 medu-

257 4161 407 4221 larum
441 4170 496 4223 A
605 4176 672 4225 15
711 4171 965 4226 foeturae
1010 4171 1064 4225 V
1167 4177 1231 4226 17
1272 4188 1414 4240 quae
1452 4172 1600 4242 tum]
1642 4188 1787 4240 quae
1825 4188 1950 4225 cum
1988 4171 2164 4226 VAB
2204 4190 2347 4242 quae
2383 4176 2518 4227 tunc

267 4252 471 4314 Ursinus
612 4259 934 4314 admississe
983 4277 1122 4317 corr.
1173 4261 1415 4316 admisse
1451 4260 1508 4316 A
1654 4261 1876 4315 circiter
1927 4261 2228 4315 solstitium
2266 4262 2519 4317 Reiterus

257 4353 424 4410 quaest.
468 4347 699 4404 Varron.
739 4366 966 4418 yramm.
1001 4366 1054 4418 p.
1097 4355 1172 4404 69
1287 4352 1625 4419 praegnates
1667 4350 1847 4403 PAB
1885 4353 2262 4419 praegnantes
2299 4369 2331 4405 v
2453 4358 2518 4406 18

256 4429 448 4491 foetura
484 4437 535 4490 V
671 4436 1003 4492 hordeacios
1040 4455 1210 4505 quam
1248 4436 1489 4493 triticios
1518 4439 1642 4492 AB
1678 4439 1966 4494 ordeacios
1998 4455 2165 4508 quam
2194 4439 2432 4495 triticios
2466 4442 2522 4495 P

258 4523 519 4580 ordeaceos
555 4544 727 4595 quam
764 4525 1018 4581 triticeos
1054 4543 1087 4581 v
