3178 5185
675 434 761 499 70
916 453 919 456 ’
1357 445 1737 501 COMMENT.
1777 447 1856 500 IN
1895 445 2269 499 VARRONIS

675 597 747 658 de
795 597 934 675 ling.
971 597 1069 662 lat.
1106 597 1233 658 VIII
1282 596 1368 661 61
1428 602 1773 661 citharicen
1831 607 1889 662 et
1942 603 2033 662 sic
2089 602 2245 673 alia,
2309 596 2387 658 ib.
2436 593 2523 658 65
2588 602 2823 659 alaucus
2878 605 2927 658 et

674 707 766 766 sic
813 707 956 766 alia.

852 816 1037 871 XXHI
1090 811 1121 871 1
1208 813 1477 873 Ocimum
1538 830 1716 873 manu
1774 815 1984 892 scripti
2038 811 2192 872 libri.
2279 815 2521 873 ocinum
2586 810 2927 871 scribendum

677 935 806 978 esse
856 915 1163 996 apparebit
1209 935 1282 976 ex
1326 919 1400 978 iis
1448 937 1599 997 quae
1648 918 1768 979 dixi
1814 918 1840 978 I
1879 916 1983 998 32,
2010 915 2070 979 4.
2173 932 2182 941 ·

858 1021 898 1084 2
967 1023 1156 1094 Quae
1204 1022 1305 1084 ibi
1353 1032 1522 1086 sunt
1566 1024 1900 1103 maioris]
1960 1027 2129 1098 Quae
2175 1027 2300 1086 cibi
2338 1032 2480 1086 sunt
2524 1028 2765 1085 maioris
2807 1025 2931 1083 scri-

679 1129 936 1192 bendum
998 1147 1129 1189 esse
1186 1149 1295 1210 pro
1355 1150 1425 1191 eo
1483 1132 1640 1211 quod
1698 1133 2002 1193 Iucundus
2047 1132 2321 1213 dederat,
2386 1150 2546 1207 quae
2600 1134 2768 1192 succi
2813 1139 2931 1191 sunt

684 1240 964 1311 maiori8‚
1021 1244 1158 1315 post
1213 1235 1539 1299 victorium
1597 1239 1894 1299 adnotavit
1939 1238 2192 1299 Ursinus
2258 1247 2317 1299 et
2380 1239 2717 1299 testimonio
2771 1238 2938 1317 Plinii,

679 1347 784 1424 qui
836 1344 983 1404 haec
1040 1346 1355 1423 exscripsit
1403 1343 1587 1405 XVIII
1626 1342 1783 1427 165,
1839 1345 2224 1406 confirmavit.
2300 1344 2416 1406 cibi
2473 1346 2712 1405 maioris
2765 1351 2940 1404 autem

684 1470 804 1512 non
854 1450 1045 1511 solum
1093 1469 1161 1510 ea
1210 1460 1376 1531 sunt,
1432 1470 1583 1530 quae
1634 1454 1916 1513 maiorem
1956 1451 2154 1513 cibum
2203 1450 2517 1513 edentibus
2564 1450 2856 1532 praebent,
2888 1458 2945 1510 ut

680 1564 821 1619 sunt
876 1559 1033 1618 casei
1080 1555 1132 1615 11
1175 1555 1284 1637 11,
1322 1555 1363 1618 3
1421 1577 1501 1619 ex
1556 1561 1673 1620 hoc
1728 1563 1890 1620 lacte
1945 1562 2115 1620 casei
2159 1562 2268 1634 qui
2303 1561 2487 1633 fiunt,
2545 1561 2793 1619 maximi
2841 1559 2945 1617 cibi

680 1672 821 1726 sunt
866 1666 1076 1725 bubuli
1101 1696 1206 1737 —‚
1253 1666 1486 1724 minimi
1530 1666 1657 1725 cibi
1708 1673 1766 1726 et
1820 1669 1930 1740 qui
1965 1664 2263 1741 facillime
2309 1667 2661 1725 deiciantur
2706 1667 2946 1741 caprini,

684 1771 786 1832 sed
847 1772 1025 1831 etiam
1085 1787 1233 1848 quae
1291 1771 1418 1848 ipsa
1475 1772 1699 1830 maiore
1756 1770 1917 1851 cibo,
1976 1788 2151 1849 quem
2207 1779 2364 1832 terra
2421 1769 2724 1851 praebeat,
2778 1779 2948 1849 egent.

679 1870 944 1957 τροφήν
992 1874 1141 1936 dixit
1186 1875 1635 1957 Theophrastus
1683 1876 1755 1937 de
1808 1895 1966 1939 caus,
2004 1876 2183 1956 plant.
2223 1875 2302 1935 111
2342 1873 2445 1956 21,
2474 1874 2515 1938 2
2580 1873 2655 1936 αἱ
2686 1868 2803 1955 μὲν
2835 1866 2947 1954 γὰρ

682 1977 996 2055 ἐλάττους
1039 1976 1151 2043 καὶ
1196 1977 1611 2065 κουφοτέρας
1650 1977 1917 2045 δέονται
1953 1980 2227 2064 τροφῆς,
2277 1979 2346 2044 οί
2391 1976 2466 2044 δὲ
2511 1981 2815 2055 πλείονος
2855 1973 2948 2041 καὶ

684 2083 1282 2170 σωματοὸεστέρας.

862 2194 901 2257 3
968 2194 1321 2267 Quaedam
1378 2199 1592 2258 etiam
1661 2197 1964 2258 serenda
2032 2216 2168 2257 non
2225 2199 2359 2257 iam
2418 2204 2717 2278 propter
2771 2213 2948 2276 prae-

683 2312 962 2365 sentem
1011 2303 1332 2364 fructum
1380 2322 1580 2382 quam
1629 2306 1697 2364 in
1738 2296 2641 2383 annumsprospicientem]
2685 2306 2812 2365 Non
2846 2310 2949 2362 tam

688 2412 736 2471 A
767 2420 827 2471 et
855 2429 913 2470 m
944 2429 1016 2471 ex
1054 2415 1255 2471 vetere
1294 2410 1725 2493 emendatione,
1764 2416 1832 2471 ut
1869 2410 2122 2470 videtur.
2199 2409 2629 2489 neglegentiam
2670 2409 2950 2487 sermoniS,

691 2517 846 2598 quod
894 2525 1031 2598 post
1076 2517 1433 2596 gerundium
1480 2519 1854 2578 accusativus
1900 2518 2198 2597 participii
2245 2519 2476 2597 positus
2523 2526 2633 2601 est,
2680 2518 2950 2591 quaedam

684 2628 949 2687 serenda
988 2627 1481 2701 prospicientem,
1520 2635 1819 2704 tamquam
1859 2627 2255 2703 graecismum
2297 2623 2699 2685 Schneiderus
2739 2624 2948 2684 notavit.

686 2749 863 2810 prava
906 2730 1201 2792 editorum
1240 2731 1541 2811 diligentia
1579 2731 1694 2792 boc
1724 2731 1959 2792 dicendi
1998 2750 2186 2811 genus
2224 2739 2517 2792 mutatum
2557 2741 2685 2792 erat
2722 2725 2947 2809 117,14

688 2840 960 2899 dandum
1009 2840 1304 2899 hordeum
1352 2843 1574 2900 cotidie
1622 2842 1983 2900 adicientem
2028 2846 2088 2899 et
2124 2837 2204 2898 ΙΙΙ
2242 2835 2301 2921 9,
2343 2834 2424 2899 15
2455 2841 2870 2916 prodiqendae
2903 2837 2949 2895 in

692 2950 873 3007 solem
913 2977 996 2987 —
1036 2948 1358 3006 evitantem
1404 2949 1715 3007 caldorem
1754 2952 1812 3006 et
1841 2944 2067 3021 friyuS,
2107 2944 2210 3006 ubi
2247 2953 2558 3025 praeterea
2597 2943 2843 3006 notabile
2879 2948 2949 3002 est

693 3052 852 3112 aliud
900 3051 1306 3130 neglegentiae
1353 3070 1544 3130 genus
1591 3054 1653 3113 in
1701 3051 1904 3113 eadem
1954 3052 2213 3112 dictione
2252 3051 2596 3112 admissum.
2669 3069 2798 3111 nam
2841 3054 2948 3129 post

628 3158 633 3165 ’
688 3158 1046 3239 gerundium
1103 3156 1322 3218 obiecti
1387 3158 1517 3218 loco
1570 3158 1806 3219 additus
1863 3167 1954 3218 est
2010 3160 2382 3219 accusativus
2439 3160 2722 3239 nominiS,
2769 3156 2946 3235 prodi-

686 3268 929 3341 qendae
977 3268 1039 3325 in
1076 3268 1259 3326 solem
1289 3297 1376 3307 —
1405 3282 1602 3340 neque
1632 3269 1847 3342 pullos,
1895 3268 2007 3326 sed
2041 3283 2214 3327 omne
2251 3267 2774 3336 ornithoboscion;
2816 3262 2944 3323 simi·

696 3372 831 3432 liter
880 3369 958 3430 111
996 3368 1057 3449 3,
1085 3367 1130 3431 4
1175 3374 1477 3446 quaedam
1526 3375 1903 3432 adsumenda
1962 3375 2023 3431 in
2069 3374 2296 3443 villam,
2352 3379 2420 3431 ut
2470 3376 2664 3446 alires
2716 3372 2947 3433 cochlias

686 3481 972 3554 qallinaS,
1018 3475 1099 3536 111
1137 3473 1196 3560 9,
1226 3474 1270 3537 4
1311 3496 1548 3553 yenera
1597 3481 1657 3539 ei
1701 3482 1825 3538 tria
1865 3481 2178 3559 paranda,
2218 3481 2483 3538 maxime.
2520 3482 2812 3540 villaticas
2846 3476 2946 3552 qul·

696 3589 880 3659 linas‘,
938 3601 1089 3663 quae
1148 3586 1276 3663 ipsa
1334 3602 1569 3664 quoque
1630 3587 1691 3644 in
1750 3584 1925 3645 editis
1982 3583 2419 3664 exemplaribus
2481 3593 2706 3646 temere
2759 3587 2944 3644 mutata

693 3701 879 3753 erant.
954 3693 1096 3751 item
1143 3691 1470 3751 infinitivus
1518 3694 1578 3751 in
1626 3693 1961 3771 praeceptis
2019 3699 2154 3770 post
2200 3690 2561 3771 gerundium
2618 3694 2840 3772 positus
2877 3692 2945 3746 est

696 3798 748 3858 11
790 3796 848 3880 7,
881 3794 962 3858 12
1009 3796 1223 3871 frenos
1268 3801 1754 3876 suspendendum
1792 3831 1879 3843 —
1919 3802 2225 3860 interdum
2262 3802 2556 3876 inponere
2603 3803 2679 3859 iis
2709 3808 2944 3875 puerum,

693 3903 773 3964 111
802 3900 861 3984 9,
893 3901 932 3964 8
973 3921 1123 3965 acus
1159 3907 1700 3977 substernendum;
1737 3923 1873 3966 cum
1903 3912 2298 3987 pepererunt,
2340 3909 2553 3967 tollere
2589 3907 2942 3966 substramen.

871 4009 1123 4087 Itaque
1172 4010 1499 4090 lupinum
1538 4011 2037 4072 cumdominus
2077 4010 2438 4072 siliculam
2478 4013 2676 4090 cepit
2711 4020 2778 4071 et
2813 4022 2942 4070 non·

697 4133 1076 4194 numquam
1140 4115 1417 4177 fabulia
1483 4119 1541 4177 si
1609 4115 1689 4176 ad
1757 4115 2067 4196 siliquas
2134 4135 2270 4177 non
2337 4119 2434 4177 ita
2501 4120 2833 4196 peruenit
2887 4117 2941 4170 ut

696 4221 927 4282 sabam
973 4222 1217 4302 legere
1267 4223 1606 4303 expediat
1652 4225 1712 4283 si
1759 4241 1928 4303 ager
1974 4226 2283 4284 macrior
2329 4233 2442 4284 est
2486 4242 2615 4303 pro
2663 4232 2938 4286 stercore

697 4334 989 4391 inarare
1056 4329 1330 4407 solent]
1406 4332 1549 4391 Cum
1616 4328 1896 4391 necdum*
1928 4334 2231 4392 siliculam
2291 4334 2452 4407 cepit
2512 4331 2667 4391 edita
2722 4330 2841 4391 inde
2885 4320 2937 4381 ab

697 4436 906 4497 Aldina
964 4436 1223 4497 editione
1285 4436 1668 4519 exemplaria,
1729 4455 1866 4497 cum
1920 4440 2224 4499 siliculam
2289 4441 2450 4514 cepit
2506 4437 2789 4519 Scaliger,
2834 4443 2934 4494 cum

697 4547 999 4606 siliculam
1037 4546 1265 4620 incepit
1300 4541 1391 4602 vel
1429 4561 1565 4605 cum
1603 4546 1898 4619 siliquare
1936 4547 2136 4621 coepit
2163 4543 2431 4623 UrsinuS,
2473 4562 2609 4605 cum
2647 4562 2763 4605 non
2794 4535 2930 4603 nimis
