3178 5185
573 419 699 483 182
1255 423 1636 479 COMMENT.
1675 424 1755 477 IN
1791 405 2167 478 VARRoms

750 580 789 642 3
859 580 1077 640 Unum
1128 581 1356 640 serum
1406 597 1583 658 quos
1643 588 1907 639 uocant
1954 596 2264 657 onagros
2321 580 2391 638 in
2448 578 2749 658 phrygia
2796 590 2858 638 et

570 689 897 769 lycaonia
946 694 1113 747 sunt
1173 703 1428 765 greges
1489 683 1732 762 multi]
1790 684 1873 744 De
1930 683 2210 762 gregibus
2268 685 2530 745 serarum
2589 704 2767 764 supra
2812 684 2859 745 11

578 794 634 876 1,
664 793 706 857 5
730 797 975 873 -scripta
1023 801 1164 855 sunt
1210 793 1385 873 haec,
1442 802 1680 868 qener‘a
1727 794 2035 868 pecudum
2083 790 2371 867 ferarum
2423 800 2568 852 sunt
2621 795 2860 870 aliquot,

574 904 650 963 ab
698 903 924 977 ovibus,
973 908 1042 961 ut
1087 904 1148 961 in
1199 902 1503 978 Phryqicm
1553 901 1661 959 ubi
1699 916 1924 974 qreqes
1979 900 2264 959 videntur
2310 903 2651 975 conplures,
2729 898 2860 958 binc

573 1017 655 1085 ut,
703 1008 862 1089 quod
911 1009 1104 1068 omitti
1151 1025 1270 1067 non
1315 1013 1570 1086 poterat,
1618 1005 1834 1086 addidi,
1882 1024 2164 1082 onaquS,
2210 1014 2280 1067 ut
2324 1010 2385 1067 in
2435 1007 2733 1083 Phryqia.

747 1096 1086 1194 ‘Eligendi
1134 1123 1203 1175 et
1250 1132 1395 1174 mas
1444 1121 1513 1174 et
1559 1114 1821 1173 femina
1861 1131 2017 1174 cum
2055 1112 2406 1193 dignitate
2447 1120 2521 1174 ut
2560 1111 2695 1191 sit]
2736 1114 2864 1173 Sint

577 1243 649 1284 ex
696 1224 901 1284 Aldina
950 1221 1210 1282 editione
1261 1230 1567 1299 receptum
1617 1228 1769 1301 erat3
1816 1224 1898 1281 sit
1941 1239 2013 1281 ex
2061 1220 2380 1300 archetypo
2427 1222 2687 1309 restitui.

758 1329 801 1390 4
868 1329 1064 1401 Quod
1114 1330 1545 1389 remissione
1594 1327 1867 1388 laboris
1916 1331 2017 1388 sic
2057 1326 2419 1405 deterior]
2460 1330 2563 1388 Fit
2598 1331 2865 1388 deterior

575 1437 730 1498 edita
779 1437 916 1497 inde
966 1455 996 1496 a
1044 1437 1313 1515 principe
1364 1435 1625 1496 editione
1673 1434 2050 1516 exemplaria,
2099 1434 2255 1514 quod
2304 1434 2730 1514 comprobatur
2773 1453 2865 1494 ex·

577 1544 786 1622 emplis
817 1546 944 1603 eius
975 1542 1251 1602 dictionis
1283 1560 1462 1621 supra
1500 1540 1644 1617 114,
1680 1540 1760 1603 13
1800 1541 2132 1621 adscriptis,
2208 1541 2514 1620 archetypi
2549 1540 2866 1602 lectionem

575 1650 836 1728 Scaliger
884 1649 1173 1730 defendit3
1220 1652 1322 1717 hic
1373 1652 1645 1711 deterior
1692 1648 1989 1710 Victorius
2037 1651 2392 1710 coniecerat.

748 1756 822 1816 In
870 1765 1080 1835 pastu
1128 1754 1368 1815 eadem
1418 1753 1858 1832 obseruant]
1922 1753 2121 1816 Veteri
2169 1755 2568 1816 emendationi
2616 1756 2867 1817 debetur

571 1864 729 1945 quod
785 1866 848 1923 in
905 1862 1210 1924 codicibus
1258 1863 1304 1921 A
1353 1871 1413 1922 et
1463 1879 1522 1921 m
1577 1862 1798 1941 legitur
1865 1865 1929 1923 in
1988 1870 2195 1939 partu.
2289 1862 2445 1922 idem
2516 1862 2863 1924 vocabulum

571 1973 807 2032 restitui
855 1969 907 2030 II
945 1968 1007 2051 4,
1041 1968 1140 2031 17.
1215 1969 1288 2029 de
1338 1978 1510 2048 partu
1562 1987 1856 2048 equorum
1890 1988 2092 2054 ‘pauca
2140 1971 2361 2049 scripta
2408 1977 2549 2030 sunt
2588 1967 2647 2047 6,
2678 1968 2779 2031 11.

749 2074 790 2138 5
857 2076 1171 2147 Quorum
1221 2094 1480 2155 greges
1529 2094 1665 2136 non
1716 2094 1884 2135 sane
1932 2076 2129 2136 fiunt
2177 2078 2443 2137 niestei
2491 2080 2611 2156 qui
2651 2096 2864 2138 onera

570 2194 866 2266 portent
912 2185 1072 2244 ideo
1121 2182 1307 2262 quod
1356 2183 1691 2263 plerique
1741 2182 2195 2245 diducuntur
2241 2183 2321 2263 ad
2369 2183 2628 2262 molas]
2679 2187 2862 2246 Didu-

574 2300 819 2368 cuntur,
869 2291 1027 2371 quod
1076 2292 1297 2371 optima
1345 2290 1680 2370 apographa
1727 2289 1967 2370 habent,
2016 2292 2076 2351 in
2125 2289 2443 2370 archetypo
2482 2292 2668 2352 fuisse
2715 2292 2863 2353 vide-

573 2409 691 2462 tur.
767 2417 900 2459 nam
949 2400 1340 2460 deducuntur
1400 2399 1597 2458 errori
1641 2397 1919 2458 Politiani
1976 2399 2173 2458 minus
2231 2408 2506 2460 accurate
2553 2398 2862 2460 lectionem

575 2507 866 2587 principis
915 2505 1194 2566 editionis
1242 2508 1634 2566 deducantur
1681 2506 2037 2584 corrigentis
2087 2503 2272 2565 tribui
2322 2508 2558 2585 poterit.
2650 2510 2771 2567 nisi
2812 2509 2867 2566 ei

576 2619 684 2690 qui
739 2633 929 2676 onera
979 2621 1227 2690 portent
1282 2612 1530 2693 Merula,
1593 2612 1694 2673 ubi
1751 2616 1799 2673 ii
1853 2631 1922 2672 ex
1980 2611 2186 2672 Aldina
2243 2613 2503 2674 editione
2560 2624 2862 2693 receptum

578 2730 722 2782 erat.
816 2724 939 2780 nisi
983 2739 1062 2781 ex
1109 2723 1194 2780 eis
1241 2723 1350 2794 qui
1393 2737 1583 2780 onera
1624 2727 1883 2796 portant
1928 2721 2159 2798 scripsi.

753 2834 860 2888 VII
891 2825 924 2888 1
978 2826 1023 2886 E
1066 2829 1227 2906 quis
1256 2827 1711 2906 feminasque
1750 2827 2029 2887 modius
2072 2828 2453 2907 equiculus
2485 2832 2598 2889 uir
2628 2830 2867 2890 fortis-

579 2938 801 2996 simus
830 2936 1041 2995 etiam
1071 2943 1274 3012 patre
1316 2934 1618 2995 militari
1646 2936 1843 2995 iuxta
1873 2952 1950 2994 ac
1981 2952 2213 2995 mares
2252 2934 2524 2995 habere
2563 2932 2863 3012 solebat]

585 3046 961 3105 Commodius
1007 3043 1344 3117 Equiculus
1388 3041 1714 3123 IucunduS,
1759 3041 1916 3120 quod
1967 3041 2064 3102 ille
2114 3061 2185 3102 ex
2225 3050 2506 3121 corrupta
2555 3042 2779 3104 codicis
2815 3062 2868 3102 m

579 3154 874 3229 scriptura
913 3149 1180 3226 feminas
1218 3144 1491 3209 comdius
1529 3152 1847 3223 equiqulus
1887 3150 2182 3210 effecerat.
2268 3152 2333 3222 Q.
2374 3150 2620 3211 Medius
2658 3153 2870 3226 Aequi-

581 3261 747 3318 colus
786 3260 884 3316 vir
914 3254 1286 3331 fortissimus
1338 3259 1520 3316 etiam
1567 3259 1631 3316 in
1669 3275 1740 3317 re
1776 3259 2037 3317 militari
2080 3275 2206 3336 sqq.
2246 3251 2348 3316 ‘ex
2387 3266 2590 3318 vetere
2639 3252 2870 3318 codice'

581 3362 849 3422 Ursinus
933 3364 997 3434 Q.
1039 3362 1284 3423 Medius
1323 3364 1660 3438 Equiculus
1699 3361 2012 3423 Victorius
2089 3363 2159 3424 de
2210 3363 2277 3434 Q.
2328 3362 2521 3423 Modio
2570 3364 2717 3425 nihil
2758 3383 2868 3424 me-

583 3470 803 3529 moriae
871 3469 1173 3547 proditum
1241 3479 1348 3531 est.
1450 3488 1634 3549 quare
1699 3468 2017 3530 lectionem
2082 3469 2389 3550 archetypi
2451 3473 2637 3531 etiam
2692 3479 2871 3549 patre

581 3579 839 3637 militari
884 3575 1141 3636 exhibui.
1218 3576 1355 3636 olim
1406 3595 1476 3637 ex
1525 3578 1871 3637 coniectura
1919 3575 2120 3637 Ursini
2159 3580 2341 3638 etiam
2389 3580 2451 3638 in
2498 3597 2570 3638 re
2616 3581 2871 3638 militari

582 3685 800 3763 recepi,
855 3690 1168 3761 propterea
1227 3682 1385 3762 quod
1433 3702 1553 3743 non
1612 3682 1922 3744 videbatur
1974 3685 2168 3744 omitti
2223 3702 2396 3762 posse
2457 3702 2642 3763 equas
2700 3687 2869 3746 etiam

583 3790 651 3851 ad
700 3790 1016 3850 militarem
1065 3807 1238 3850 usum
1288 3796 1453 3868 aptas
1500 3789 1725 3851 haberi.

765 3897 896 3968 Qui
944 3895 1206 3956 habere
1254 3896 1686 3973 uoluerunt]
1752 3897 2065 3958 Voluerint
2110 3915 2183 3955 ex
2221 3896 2427 3957 Aldina
2475 3897 2739 3960 editione
2785 3918 2870 3959 re·

587 4013 824 4085 ceptum
872 4012 1016 4064 erat.
1092 4006 1200 4078 qui
1241 4005 1471 4065 habere
1517 4008 1723 4065 volunt
1768 4004 2008 4084 scripsi,
2066 4002 2223 4082 quod
2283 4011 2343 4063 et
2399 4008 2695 4067 sententia
2753 4025 2871 4067 ver·

586 4111 799 4172 borum
855 4110 1115 4189 postulat
1162 4119 1222 4171 et
1269 4129 1414 4172 usus
1462 4110 1763 4190 VarroniS,
1808 4109 1859 4169 II
1898 4107 1958 4190 3,
1993 4108 2024 4170 1
2086 4113 2194 4184 qui
2248 4113 2573 4186 caprinum
2624 4131 2872 4189 qreqem

586 4221 956 4279 constituere
1011 4223 1164 4300 vult,
1231 4217 1299 4302 4,
1338 4216 1379 4279 3
1427 4223 1535 4294 qui
1577 4236 1753 4279 suum
1804 4235 2055 4293 qreqem
2111 4220 2238 4277 vult
2291 4218 2522 4279 habere
2577 4222 2871 4300 idoneum,

587 4324 645 4407 6,
675 4323 717 4386 2
757 4328 1068 4385 asinorum
1110 4344 1361 4401 yreqem
1408 4330 1516 4400 qui
1550 4325 1773 4402 facere
1818 4329 1945 4386 vult
1989 4327 2223 4398 bonum,
2271 4322 2350 4383 III
2389 4321 2448 4405 9,
2478 4322 2520 4385 2
2559 4329 2670 4400 qui
2712 4330 2870 4388 orm·-

587 4434 935 4493 thoboscion
984 4435 1301 4494 instituere
1354 4437 1504 4508 vult,
1565 4430 1731 4513 11,1
1784 4435 1892 4506 qui
1936 4437 2136 4491 autem
2192 4434 2395 4492 volunt
2446 4449 2672 4507 ¹qreqes
2723 4452 2866 4494 ana·

586 4541 734 4597 tium
781 4539 1023 4598 habere.
