3178 5185
590 401 623 464 1
638 400 719 463 14
928 435 933 440 ·
1571 400 1947 456 VARRONIS

587 567 744 637 Quot
790 569 944 645 iugis
992 566 1170 627 boum
1221 570 1472 646 quisque
1521 571 1649 645 agri
1695 568 1905 628 modus
1954 566 2067 628 coli
2113 569 2300 646 possit

586 676 669 735 De
716 674 913 735 bubus

585 783 668 841 De
717 782 964 842 canibus

587 889 651 968 Si
696 897 863 968 prata
912 897 1051 949 sunt
1098 890 1158 947 in
1207 889 1417 969 fundo,
1467 907 1652 967 pecus
1702 906 1819 948 non
1869 896 1986 969 est,
2036 889 2175 967 quid
2226 890 2304 948 sit
2353 889 2686 949 faciendum

585 997 666 1057 De
714 1003 877 1057 muto
923 998 1320 1055 instrumento
2908 1009 2935 1049 5

582 1101 745 1172 Quae
794 1110 854 1162 et
900 1121 1017 1181 quo
1068 1102 1329 1181 quidque
1378 1102 1507 1162 loco
1555 1104 1807 1163 maxime
1856 1102 2130 1180 expediat
2178 1121 2377 1162 serere

583 1210 723 1270 Olea
770 1211 831 1269 in
880 1210 1039 1289 quali
1085 1229 1225 1288 agro
1275 1210 1524 1269 serenda
1574 1212 1653 1269 sit

581 1316 762 1377 Vinea
809 1319 870 1377 in
919 1335 1036 1396 quo
1084 1310 1236 1394 agro‘
1274 1317 1527 1377 serenda
1576 1319 1654 1376 sit

582 1424 711 1494 Quo
760 1423 887 1485 loco
938 1425 1156 1484 ridicae
1204 1427 1265 1483 in
1314 1426 1482 1484 vinea
1530 1425 1632 1502 figi
1679 1424 1933 1484 debeant

579 1532 661 1591 De
721 1532 862 1592 solis
919 1551 1100 1593 cursu
1151 1530 1264 1608 [in]
1318 1531 1604 1609 discripto
1652 1533 1713 1590 in
1762 1539 1961 1610 partes
2009 1532 2147 1590 anni
2197 1539 2477 1609 quattuor
2525 1540 2584 1593 et
2630 1540 2764 1592 octo
2812 1506 2988 1593 et10x

758 1639 830 1699 de
879 1642 966 1699 eis
1013 1658 1173 1715 quae
1220 1658 1454 1718 quaque
1501 1645 1670 1717 parte
1717 1640 1778 1700 in
1827 1656 1968 1716 agro
2017 1637 2270 1697 debeant
2318 1638 2449 1699 fieri

579 1746 883 1815 Quotenos
931 1746 1058 1807 dies
1105 1745 1319 1806 habeat
1366 1746 1644 1825 quodque
1693 1752 1928 1824 tempus
1977 1747 2116 1804 anni
2163 1745 2434 1824 discripti
2481 1747 2542 1805 in
2591 1754 2875 1825 quattuor

755 1861 953 1930 partes

577 1958 775 2019 Primo
841 1959 1147 2019 intervallo
1214 1960 1370 2019 inter
1436 1960 1733 2019 favonium
1801 1967 1861 2019 et
1918 1962 2360 2038 aequinoctium
2417 1978 2661 2020 vernum
2721 1980 2872 2039 quae

754 2068 886 2126 fieri
931 2074 1203 2146 oporteat
1757 2083 1764 2090 ·
2903 2079 2956 2118 15

578 2174 851 2235 Secundo
900 2172 1206 2234 intervallo
1254 2175 1411 2234 inter
1459 2192 1705 2233 vernum
1745 2176 2205 2255 aequinoctium,
2254 2175 2408 2254 quod
2450 2186 2540 2235 est
2578 2174 2706 2234 VIII
2744 2174 2869 2234 Kal.

752 2282 1001 2362 AprileS‚
1050 2289 1110 2341 et
1158 2280 1533 2359 vergiliarum
1582 2288 1872 2361 exortum,
1920 2285 2023 2361 qui
2062 2290 2152 2341 est
2191 2281 2262 2339 VI
2299 2282 2434 2342 idus
2473 2283 2669 2362 MaiaS,
2718 2300 2869 2361 quae

752 2389 885 2448 fieri
931 2395 1201 2467 oporteat

575 2494 777 2555 Tertio
815 2493 1123 2554 intervallo
1164 2496 1320 2553 inter
1359 2493 1735 2571 vergiliarum
1778 2503 2068 2575 exortum,
2119 2498 2221 2574 qui
2260 2503 2352 2556 est
2388 2495 2460 2554 VI
2497 2495 2632 2555 idus
2671 2494 2870 2570 MaiaS,

584 2671 595 2679 ,
752 2609 811 2661 et
868 2601 1213 2682 solstitium,
1271 2602 1427 2680 quod
1485 2611 1576 2663 est
1633 2602 1704 2661 VI
1760 2602 1881 2662 Kal.
1939 2602 2145 2683 IuliaS,
2204 2622 2353 2682 quae
2411 2605 2540 2663 fleri
2596 2610 2869 2682 oporteat
2900 2614 2954 2652 20

572 2708 656 2768 De
704 2709 891 2769 vineis
937 2708 1184 2768 novellis

571 2815 655 2876 De
702 2818 1140 2895 pampinatione

573 2923 775 2993 Qualis
823 2927 900 2984 sit
947 2923 1257 3003 capreolus
1305 2925 1365 2983 in
1414 2925 1531 2983 vite

716 3139 744 3185 1
804 3132 954 3197 Quot
996 3130 1160 3184 ABv
1218 3130 1377 3195 Quod
1426 3131 1482 3183 P
1630 3138 1659 3184 7
1718 3132 1953 3186 serenda
2001 3134 2191 3200 priore
2245 3133 2359 3186 loco
2407 3132 2527 3185 AB
2591 3131 2869 3186 Victorius

571 3221 811 3274 serunda
849 3221 902 3273 V
1042 3226 1074 3274 8
1113 3219 1348 3274 serenda
1380 3221 1679 3288 posteriore
1716 3221 1829 3274 loco
1861 3219 2044 3273 PAB
2072 3222 2308 3275 serunda
2335 3238 2365 3275 v
2513 3227 2579 3273 10
2617 3221 2699 3273 De
2729 3219 2866 3274 solis

571 3328 733 3365 cursu
789 3308 1131 3377 indescripto
1187 3308 1247 3361 in
1294 3312 1481 3378 partes
1531 3309 1663 3363 anni
1710 3311 1975 3375 quattuor
2021 3312 2078 3364 et
2123 3312 2249 3364 octo
2299 3313 2357 3364 et
2400 3312 2470 3364 de
2519 3309 2597 3364 eis
2645 3326 2867 3377 quaque

569 3402 730 3469 parte
776 3399 835 3452 in
880 3414 1016 3468 agro
1064 3398 1271 3451 debeat
1315 3399 1434 3452 fieri
1473 3399 1655 3452 PAB
1694 3399 1843 3464 Quot
1888 3397 2176 3452 diuidatur
2218 3397 2506 3452 mensibus
2553 3401 2611 3454 et
2647 3402 2864 3467 tempo-

568 3490 723 3543 ribus
775 3505 952 3541 annus
1005 3489 1063 3541 et
1107 3486 1168 3541 in
1213 3487 1413 3554 quibus
1462 3488 1599 3556 quid
1648 3486 1757 3542 seri
1794 3490 2053 3557 oporteat
2088 3505 2153 3543 ac
2193 3488 2386 3557 colligi
2423 3489 2491 3541 de
2527 3505 2663 3557 agro
2702 3487 2863 3541 semi-

569 3577 721 3632 nata·
751 3595 782 3631 v
938 3582 1004 3631 12
1063 3576 1346 3641 Quotenos
1403 3577 1524 3631 dies
1580 3577 1790 3631 habeat
1835 3578 2094 3644 quodque
2146 3578 2369 3647 tempus
2417 3577 2548 3633 anni
2595 3576 2867 3645 descripti

569 3666 849 3736 (discripti
884 3667 961 3734 B)
1010 3666 1069 3720 in
1117 3667 1378 3733 quattuor
1422 3668 1612 3735 partes
1653 3667 1770 3720 PB
1807 3665 2091 3730 Quotenos
2140 3665 2259 3721 dies
2306 3666 2517 3721 habeat
2548 3670 2555 3735 Ι
2590 3666 2864 3733 Quodque

568 3758 792 3824 tempus
836 3756 970 3810 anni
1006 3753 1262 3824 discripti
1299 3754 1358 3808 in
1396 3759 1636 3824 quatuor
1671 3757 1860 3825 partes
1899 3755 1955 3809 A
1993 3754 2142 3819 Quot
2177 3754 2297 3810 dies
2332 3756 2542 3810 habeat
2577 3755 2864 3823 quaelibet

569 3848 769 3913 quarta
804 3862 935 3914 pars
974 3845 1106 3898 anni
1144 3847 1202 3898 et
1237 3845 1296 3898 in
1334 3846 1535 3913 quibus
1565 3845 1739 3915 signis
1770 3844 1911 3899 caeli
1939 3844 2153 3899 intrent
2179 3863 2211 3899 v
2360 3852 2426 3899 14
2463 3845 2651 3899 Primo
2691 3845 2862 3899 inter-

567 3934 719 3990 uallo
762 3934 971 4003 PAB,
1023 3951 1122 3989 om.
1170 3952 1202 3988 v
1234 3942 1527 4003 ‚praetera
1572 3933 1821 3987 Primum
1866 3933 2228 3990 interuallum
2275 3934 2423 3990 inter
2467 3934 2756 3989 fauonium
2805 3936 2864 3986 et

568 4025 947 4091 equinoctium
993 4040 1228 4077 uernum
1274 4026 1441 4078 rubro
1478 4025 1652 4079 colore
1686 4025 1751 4076 in
1786 4024 2034 4091 maryi‘ne
2070 4024 2355 4093 adscripta
2391 4029 2521 4079 sunt
2564 4026 2629 4077 in
2666 4025 2719 4077 A

570 4120 635 4166 16
689 4113 942 4167 Secundo
999 4112 1327 4179 interuallo,
1384 4115 1510 4167 item
1567 4115 1632 4166 in
1691 4113 1918 4181 reliquis
1971 4113 2152 4167 titulis
2195 4112 2388 4168 Tertio
2444 4113 2744 4186 interuallo
2791 4143 2860 4152 ——

567 4202 782 4256 Octauo
819 4200 1119 4256 interuallo
1157 4204 1325 4256 rubro
1364 4204 1536 4257 colore
1570 4204 1782 4270 scripta
1817 4207 1948 4256 sunt
1982 4203 2047 4255 in
2073 4202 2150 4269 A,
2187 4205 2389 4257 omissa
2415 4204 2477 4257 in
2503 4202 2577 4257 B.
2607 4201 2861 4256 Secundo

565 4291 892 4359 interuallo,
931 4292 1120 4345 Tertio
1158 4291 1475 4358 interuallo,
1516 4291 1727 4355 Quarto
1765 4289 2070 4344 interuallo
2107 4307 2206 4345 om.
2236 4309 2289 4359 v,
2318 4293 2445 4347 add.
2480 4292 2536 4344 P
2678 4295 2742 4344 19
2782 4291 2861 4344 VI

565 4380 692 4433 idus
737 4379 915 4435 Maias
966 4382 1262 4449 posteriore
1318 4382 1431 4435 loco
1477 4397 1576 4435 om.
1627 4382 1683 4435 A
1837 4386 1904 4433 20
1953 4382 2010 4433 et
2057 4380 2386 4451 solstitium]
2435 4382 2508 4435 ad
2554 4380 2859 4435 solstitium

577 4470 755 4523 VAB
900 4476 966 4522 22
1007 4469 1089 4523 De
1135 4469 1559 4538 pampinatione
1594 4470 1603 4541 Ι
1637 4470 1829 4535 Qualis
1877 4469 1951 4522 sit
1993 4468 2283 4539 capreolus
2321 4470 2380 4523 in
2417 4470 2533 4523 uite
2577 4471 2631 4523 P
2678 4469 2857 4524 Victo—

563 4560 654 4612 ius
693 4558 776 4612 De
816 4559 1248 4629 pampinatione
1288 4557 1472 4626 qualis
1512 4559 1588 4632 sit
1626 4557 1919 4630 capreolus
1956 4559 2015 4611 in
2052 4558 2169 4612 uite
2208 4561 2355 4627 AB,
2393 4561 2492 4614 o'm.
2532 4577 2564 4613 v
