3178 5185
614 396 698 460 98
1298 403 1679 459 COMMENT.
1717 402 1797 457 IN
1833 401 2207 456 VARRONIS

794 558 941 629 Quo
990 558 1207 619 latius
1248 566 1372 619 'aut
1418 559 1702 619 radices
1750 557 2044 618 facilius
2101 554 2350 633 mittit]
2411 557 2537 628 Quo
2585 558 2782 629 latius,
2825 561 2887 614 ut

615 669 860 727 radices
900 665 1151 741 facilius
1196 669 1395 727 mittat
1439 665 1592 727 edita
1630 665 1766 725 inde
1816 684 1847 725 a
1894 666 2163 743 principe
2212 664 2468 723 editione
2517 660 2881 742 exemplaria,

614 772 959 851 perturbata
1004 792 1140 834 vera
1181 772 1496 833 verborum
1545 774 1854 833 sententia.
1927 789 2059 832 nam
2109 770 2340 850 plantae
2389 768 2581 828 solum
2629 766 2887 827 stabilius

614 887 706 940 est
752 898 927 959 quam
974 897 1181 941 eorum
1230 898 1380 959 quae
1419 879 1857 960 defringuntur,
1896 897 2013 957 quo
2061 878 2126 938 fit
2172 886 2239 937 ut
2286 895 2354 937 ea
2401 876 2575 937 latius
2623 882 2723 935 aut
2762 874 2888 933 faci-

613 969 729 1047 lius
778 986 1007 1047 radices
1055 988 1267 1048 mittat.
1899 989 1904 990 ⁷

753 1093 867 1164 ‚In
932 1102 1191 1154 terram
1250 1092 1641 1154 demittunt
1697 1092 1856 1153 dum
1912 1093 1982 1151 in
2044 1091 2441 1169 oleagineis
2498 1085 2890 1148 seminibus

615 1200 912 1262 arbores
979 1199 1366 1262 uidendum
1433 1209 1507 1261 ut
1572 1201 1667 1260 sit
1731 1199 1811 1259 de
1878 1207 2127 1259 tenero
2193 1215 2382 1257 ramo
2449 1214 2527 1255 ex
2592 1202 2888 1273 utraque

614 1316 817 1388 parte
893 1306 1380 1385 aequabiliter
1444 1308 1859 1386 praecisum
1926 1323 2097 1384 quas
2171 1304 2335 1364 aliis
2400 1301 2715 1363 clauolas
2780 1300 2894 1360 alii

615 1415 842 1476 taleas
909 1406 1296 1496 appellant]
1357 1414 1609 1474 Demum
1675 1416 1738 1473 in
1802 1415 2131 1488 oleaqineis
2187 1430 2259 1498 ex
2314 1411 2583 1489 principe
2644 1410 2892 1470 editione

615 1530 923 1602 receptum
986 1529 1137 1601 erat3
1193 1529 1316 1581 tum
1374 1522 1630 1581 coniecit
1682 1519 1952 1580 Ursinus,
2044 1522 2108 1579 in
2163 1526 2394 1579 terram
2450 1520 2895 1579 demittendum:

613 1634 676 1690 in
730 1632 1061 1704 oleagineis
1126 1647 1197 1688 ex
1257 1626 1542 1706 Scaligeri
1609 1628 1950 1688 coniectura
2007 1625 2192 1686 edidit
2249 1624 2668 1685 SchneideruS.
2759 1623 2894 1683 mihi

613 1735 977 1816 probabilius
1034 1753 1163 1795 esse
1222 1736 1410 1794 visum
1469 1743 1561 1795 est
1617 1737 1759 1795 dum
1814 1736 1875 1794 in
1931 1733 2247 1812 archetypo
2314 1750 2519 1793 errore
2588 1731 2894 1792 scribentis

614 1844 876 1904 additum
915 1861 1064 1903 esse.
1140 1842 1396 1902 arbores
1434 1840 1750 1901 delendum
1801 1859 1931 1901 esse
1973 1840 2234 1919 Scaliger
2275 1847 2333 1899 et
2371 1838 2624 1900 Ursinus
2660 1856 2895 1899 monue-

614 1959 772 2012 runt.
846 1934 1045 2030 itaque
1085 1950 1297 2028 scripsi
1346 1952 1408 2008 in
1448 1955 1679 2009 terram
1718 1951 2065 2009 demittunt:
2112 1950 2175 2007 in
2212 1950 2543 2022 oleaqineis
2578 1947 2894 2007 seminibus

613 2061 936 2118 videndum
984 2075 1110 2135 sqq.
1141 2087 1225 2097 —
1256 2058 1367 2116 alii
1411 2059 1677 2117 clavolas
1725 2055 1910 2115 edidit
1954 2054 2273 2115 IucunduS.
2357 2053 2507 2113 Non.
2546 2072 2601 2131 p.
2630 2049 2779 2132 414,
2815 2048 2893 2112 28

621 2165 834 2226 Tateas
891 2167 1210 2225 scissiones
1270 2165 1572 2238 liqnorum
1631 2166 1725 2223 vel
1767 2165 2198 2239 praeseqmina
2259 2161 2459 2221 Varro
2517 2163 2670 2221 dicit
2714 2162 2789 2220 de
2832 2176 2896 2217 re

615 2275 851 2333 rustica
899 2273 997 2333 tib.
1039 2272 1075 2330 I
1115 2272 1284 2343 (nam
1332 2273 1512 2331 etiam
1558 2288 1723 2330 nunc
1770 2272 2006 2330 rustica
2052 2287 2197 2330 voce
2243 2271 2633 2329 intertaliare
2679 2268 2897 2327 dicitur

617 2381 889 2439 dividere
947 2382 1044 2439 vel
1104 2380 1394 2439 excidere
1457 2379 1751 2452 ramum),
1799 2395 1879 2437 ex
1942 2383 2205 2451 utraque
2254 2382 2439 2453 parte
2504 2353 2898 2449 aequabiliter

606 2488 975 2563 praecisum,
1023 2504 1175 2561 quas
1223 2488 1334 2545 alii
1377 2488 1650 2548 clavatas
1698 2485 2003 2556 (clabulas
2042 2482 2259 2558 codd),
2307 2485 2420 2544 alii
2464 2485 2657 2542 taleas
2706 2482 2894 2557 appel-

614 2599 759 2655 lant.
852 2591 1105 2653 clavolae
1172 2600 1366 2653 autem
1425 2611 1456 2652 a
1515 2590 1902 2653 similitudine
1962 2590 2156 2652 clavae
2215 2590 2407 2652 dictae
2466 2597 2623 2650 sunt.
2718 2587 2895 2649 clavas

617 2702 757 2762 dicit
803 2699 1096 2761 Palladius
1142 2699 1217 2759 IV
1260 2697 1359 2781 10,
1404 2697 1482 2760 12
1533 2704 1709 2760 clava
1757 2703 2125 2761 commodius
2185 2702 2315 2760 seri
2356 2705 2581 2775 potest,
2630 2715 2787 2772 quae
2827 2698 2898 2755 sit

614 2810 925 2869 manubrii
967 2810 1394 2882 crassitudine,
1443 2809 1822 2882 lonqitudine
1868 2808 2148 2888 cubitali,
2196 2822 2551 2885 quamquam
2608 2806 2660 2864 is
2718 2803 2895 2863 clavas

615 2924 676 2976 et
721 2914 902 2975 taleas
939 2913 1208 2974 distinxit
1253 2913 1330 2974 ib.
1373 2910 1453 2974 13
1503 2916 1665 2974 talea
1713 2920 1773 2973 et
1818 2915 2123 2988 qracilior
2159 2918 2219 2972 et
2256 2913 2498 2972 brevior
2537 2930 2665 2972 esse
2695 2916 2895 2987 potest,

614 3040 772 3096 quae
817 3024 1094 3082 similiter
1141 3028 1207 3081 ut
1253 3025 1428 3082 clava
1475 3028 1802 3096 merqetur.
1893 3023 2006 3081 sed
2048 3024 2210 3081 talea
2249 3010 2471 3096 palmis
2532 3020 2762 3080 duobus
2804 3034 2894 3076 su-

608 3132 822 3208 persit,
869 3133 1045 3189 clava
1093 3132 1283 3189 omnis
1330 3130 1631 3189 obruitur.
2176 3203 2181 3209 .

794 3231 836 3296 5
899 3234 1048 3295 Non
1098 3236 1285 3295 enim
1343 3235 1573 3312 pirum
1634 3235 1898 3313 recipit
1955 3252 2267 3312 quercus
2321 3251 2553 3312 neque
2608 3235 2787 3293 enim
2842 3232 2896 3291 si

616 3342 838 3403 malus
885 3343 1122 3421 pirum
1166 3341 1296 3400 boc
1335 3347 1686 3401 secuntur
1726 3340 1931 3401 multi
1969 3342 2090 3419 qui
2132 3339 2565 3419 haruspices
2604 3340 2895 3401 audiunt

616 3446 949 3526 multum]
998 3451 1132 3510 Non
1178 3452 1335 3509 enim
1374 3450 1583 3524 pirum
1632 3451 1852 3525 recipit
1896 3465 2175 3523 quercus.
2248 3465 2443 3521 neque
2489 3451 2645 3508 enim
2690 3451 2746 3508 si
2777 3463 2892 3505 ma-

617 3562 737 3618 lum
765 3560 962 3637 piru-⁹,
1000 3558 1116 3617 boc
1152 3558 1538 3630 sequendum.
1596 3557 1771 3615 multi
1806 3558 2121 3631 aruspices
2150 3556 2425 3627 audiunt,
2457 3572 2496 3614 a
2524 3555 2737 3628 quibus
2775 3569 2892 3630 sqq.

617 3664 886 3725 Ursinus,
978 3663 1050 3723 de
1098 3661 1386 3722 brevitate
1434 3660 1670 3721 dicendi
1719 3680 1913 3736 neque
1959 3665 2116 3722 enim
2159 3663 2217 3721 si
2259 3664 2451 3721 malus
2488 3663 2710 3737 pirum,
2757 3658 2810 3719 h.
2846 3676 2892 3718 e.

617 3767 843 3850 ‘neque
901 3772 1058 3841 enim
1127 3771 1178 3828 si
1241 3754 1429 3829 malus
1496 3771 1695 3846 pirum
1761 3769 2002 3848 recipit,
2058 3769 2254 3847 pirum
2318 3768 2530 3846 recipit
2596 3759 2891 3846 quercus'‚

617 3877 877 3938 dubitari
923 3895 1041 3937 non
1088 3874 1357 3936 debebat.
1451 3874 1554 3935 sed
1610 3874 1724 3935 hoc
1781 3884 1943 3935 recte
1993 3873 2270 3954 UrsinuS‚
2318 3873 2475 3953 quod
2532 3879 2773 3935 multum
2825 3890 2890 3931 ex

624 3981 1036 4063 superioribus
1084 3984 1402 4062 repetitum
1450 3981 1693 4063 delevit3
1749 3983 1862 4042 nisi
1918 3983 2118 4060 potius
2174 3999 2310 4041 cum
2366 3983 2635 4042 acumine
2689 3999 2718 4040 a
2764 3977 2891 4038 Var-

616 4109 761 4152 rone
828 4089 982 4150 idem
1051 4088 1398 4150 vocabulum
1463 4088 1556 4149 bis
1605 4090 1862 4168 positum
1910 4097 2055 4149 erat.
2134 4087 2518 4166 haruspicum
2577 4087 2886 4147 doctrinam

616 4198 950 4258 accuratius
1005 4196 1283 4257 indicavit
1338 4196 1565 4256 Plinius
1629 4194 1730 4254 XV
1768 4192 1850 4257 57
1920 4215 2112 4271 neque
2167 4198 2369 4256 omnia
2427 4197 2607 4256 insita
2660 4192 2892 4253 misceri

610 4304 714 4381 fas
771 4310 885 4377 est,
931 4305 1092 4363 sicut
1149 4322 1262 4365 nec
1316 4306 1524 4381 spinas
1589 4306 1806 4385 inseri,
1861 4306 2105 4379 quando
2153 4302 2416 4379 fulqura
2481 4303 2721 4378 expiari
2778 4314 2886 4358 non

616 4417 844 4487 queunt
895 4408 1112 4485 facile,
1169 4391 1427 4486 quotque
1476 4428 1713 4485 ,qenera
1770 4414 1952 4471 insita
2002 4409 2286 4486 fuerunt,
2335 4416 2421 4477 tot
2468 4408 2717 4485 fulqura
2776 4420 2885 4465 uno

619 4522 744 4579 ictu
787 4521 1286 4594 pronuntiantur.
2185 4514 2186 4517 ’
