3178 5185
760 398 1015 453 RERVM
1051 397 1525 454 RVSTICARVM
1562 397 1695 452 LIB.
1736 398 1812 451 III
1852 396 2051 453 9-10
2437 395 2568 459 295

444 563 685 647 Transi,
753 567 947 646 inquit
1001 568 1210 647 Axius,
1268 584 1426 626 nuno
1484 568 1545 626 in
1603 565 1746 627 illud
1806 585 2019 647 genuS,
2077 566 2233 645 quod
2291 584 2409 625 non
2467 563 2630 625 estX

286 670 435 749 [ulla]
495 672 628 734 villa
693 694 758 735 ac
808 686 965 735 terra
1023 681 1399 754 contentum,
1457 674 1560 734 sed
1611 676 1867 753 requirit
1912 675 2198 753 piscinaS,
2255 672 2410 752 quod
2461 691 2564 732 vos

287 778 631 858 philograeci
666 784 887 842 vocatis
926 780 1309 860 amphibium.
1376 783 1438 841 in
1479 781 1696 861 quibus
1735 781 1841 842 ubi
1878 799 2120 841 anseres
2159 779 2415 854 aluntur,
2463 798 2564 839 no-

220 938 230 945 .
286 888 426 947 mine
481 887 926 951 chenoboscion
983 888 1307 968 appellatis.
1399 888 1615 949 horum
1671 907 1881 968 greges
1939 888 2137 966 Scipio
2186 885 2457 947 Metellus
2506 894 2566 946 et

241 993 347 1054 ⁵M.
385 993 556 1055 Seius
603 996 828 1057 habent
866 1014 1108 1074 magnos
1146 994 1387 1074 aliquot.
1455 994 1697 1076 Merula,
1746 995 1936 1076 Seius,
1982 997 2194 1074 inquit,
2240 995 2321 1053 ita
2354 1010 2565 1071 greges

283 1104 616 1180 conparavit
670 1121 976 1183 anserum,
1034 1112 1100 1164 ut
1145 1102 1254 1162 hos
1303 1105 1567 1182 quinque
1616 1103 1834 1182 gradus
1882 1102 2251 1182 observaret,
2310 1119 2458 1179 quos
2505 1101 2566 1159 in

284 1209 501 1287 gallinis
561 1211 701 1271 dixi.
797 1213 841 1271 ii
895 1220 1034 1272 sunt
1090 1212 1164 1271 de
1221 1229 1479 1291 genere,
1524 1211 1596 1270 de
1645 1211 1862 1291 fetura,
1921 1211 1993 1270 de
2042 1213 2195 1291 oviS,
2251 1209 2324 1270 de
2370 1206 2568 1286 pulliS,

284 1316 373 1392 [de
428 1318 768 1396 anseribus]
836 1318 909 1377 de
967 1320 1182 1398 sagina.
1284 1319 1544 1396 primum
1601 1316 1843 1378 iubebat
1898 1335 2135 1378 servum
2191 1319 2253 1377 in
2310 1315 2617 1394 legendo2

285 1423 592 1487 observare
639 1435 705 1487 ut
752 1434 955 1486 essent
1000 1423 1180 1505 ampli
1226 1433 1286 1485 et
1333 1425 1466 1506 albi,
1515 1426 1674 1504 quod
1721 1425 2073 1504 plerumque
2113 1424 2306 1504 pullos
2345 1421 2569 1483 similes

220 1536 261 1575 1⁰
286 1533 369 1592 sui
413 1533 657 1594 faciunt.
724 1541 816 1593 est
864 1535 1021 1593 enim
1068 1531 1320 1593 alterum
1359 1550 1546 1611 genus
1589 1535 1834 1613 varium,
1882 1533 2037 1612 quod
2077 1533 2270 1593 ferum
2311 1540 2569 1610 vocatur,

284 1657 386 1699 neo
432 1660 571 1701 cum
618 1643 689 1701 iis
738 1640 995 1701 libenter
1043 1649 1499 1720 congregantur,
1547 1658 1657 1700 nee
1705 1659 1822 1700 non
1871 1658 2056 1719 aeque
2100 1641 2167 1701 fit
2205 1646 2569 1701 mansuetus

285 1748 588 1809 anseribus
612 1752 719 1809 -ad
763 1747 1193 1808 admittendum
1244 1746 1368 1824 [iis]
1416 1756 1652 1826 tempus
1701 1756 1791 1808 est
1837 1749 2207 1826 aptissimum
2255 1766 2287 1807 a
2334 1747 2619 1826 bruma,3

287 1853 350 1913 ad
395 1855 743 1932 pariendum
793 1862 852 1914 et
898 1854 1347 1916 incubandum*
1394 1873 1585 1935 usque
1634 1855 1705 1915 ad
1755 1854 2090 1916 solstitium.
2177 1856 2396 1916 saliunt
2443 1855 2568 1916 fere

289 1962 342 2020 iu
393 1981 569 2044 aqua,
625 1964 936 2041 iniguntur
993 1963 1053 2021 in
1111 1961 1332 2022 flumen
1385 1970 1488 2022 aut
1544 1964 1852 2040 piscinam.
1947 1962 2212 2041 singulae
2271 1981 2389 2022 non
2436 1961 2570 2041 plus

226 2068 265 2108 ¹⁵
291 2076 490 2146 quater
545 2072 603 2129 in
659 2088 814 2130 anno
870 2070 1134 2148 pariunt.
1221 2070 1497 2151 singuliS,
1559 2069 1662 2130 ubi
1709 2072 1967 2151 pariant,
2015 2069 2350 2130 faciendum
2397 2068 2571 2128 baras

293 2177 591 2252 quadratas
638 2180 867 2238 circum
913 2176 1086 2236 binos
1133 2176 1315 2255 pedes
1364 2185 1423 2237 et
1471 2178 1861 2259 semipedem3
1917 2196 2016 2238 eas
2068 2176 2569 2237 substernendum

293 2282 461 2358 palea.
553 2285 874 2346 notandum
932 2302 1136 2344 earum
1194 2302 1299 2343 ova
1358 2283 1554 2363 aliquo
1615 2286 1810 2366 siguo,
1867 2285 2025 2364 quod
2073 2284 2261 2344 aliena
2308 2301 2425 2343 non
2474 2303 2569 2343 ex-

296 2388 523 2452 cudunt.
622 2391 692 2451 ad
761 2390 1164 2451 incubandum
1227 2400 1573 2470 supponunt
1630 2391 1980 2471 plerumque
2037 2409 2246 2451 novem
2302 2398 2403 2451 aut
2464 2376 2569 2450 un-

429 2607 455 2653 1
493 2600 688 2656 Transi
723 2599 914 2668 inquit
949 2599 1122 2654 Axius
1164 2599 1367 2655 Colum.
1415 2600 1591 2654 VIII
1623 2605 1711 2656 13.
1752 2605 1820 2655 14
1933 2607 1997 2655 17
2035 2600 2344 2656 notandum
2382 2615 2572 2654 earum

300 2704 395 2743 ova
425 2706 637 2759 geopon.
682 2688 842 2742 XIV
870 2692 980 2757 22,
1018 2695 1054 2744 9

429 2894 452 2941 1
517 2887 738 2957 Transi]
795 2887 879 2941 De
946 2887 1233 2941 anseribus
1289 2889 1352 2941 in
1404 2889 1652 2958 maryine
1705 2887 1932 2941 rubrica
1987 2887 2042 2940 A
2221 2886 2405 2956 inquit
2461 2886 2574 2940 VB

300 2971 476 3043 inquid
511 2978 566 3031 A
711 2983 743 3030 2
792 2977 1140 3031 contemtum
1179 2977 1231 3029 A
1377 2977 1524 3045 quod
1572 2993 1673 3031 vos
1714 2976 2061 3046 philograeei
2100 2976 2315 3031 voeatis
2353 2977 2574 3046 amphi-

301 3064 438 3118 bium
464 3072 587 3135 post
641 3064 787 3120 illud
826 3082 1003 3134 genus
1042 3067 1381 3134 transposuit
1420 3066 1715 3121 Iucunda-s
1896 3074 1926 3120 3
1966 3069 2195 3134 fortasse
2237 3081 2439 3134 graeco
2476 3082 2574 3119 no-

302 3207 433 3264 mine
537 3216 567 3264 5
605 3208 791 3276 inquit
839 3208 949 3262 VB
987 3206 1184 3276 inquid
1222 3207 1277 3260 A
1386 3214 1417 3261 6
1456 3209 1806 3278 comparauit
1845 3210 2022 3288 VAB
2131 3216 2160 3264 7
2198 3209 2241 3262 ii
2277 3211 2408 3263 sunt
2432 3208 2487 3261 B
2516 3158 2573 3261 hii

302 3302 419 3352 sunt
451 3301 501 3352 A
537 3299 598 3353 hi
637 3299 769 3352 sunt
816 3297 868 3350 V
970 3296 1195 3350 foetura
1243 3296 1295 3349 V
1398 3302 1431 3350 8
1469 3296 1539 3350 de
1577 3298 1827 3351 aseribus
1865 3298 1934 3352 de
1972 3315 2034 3351 sa
2065 3301 2074 3367 Ι
2107 3298 2329 3366 sagina,
2375 3299 2468 3352 sed
2504 3297 2574 3352 de

302 3388 526 3443 aseribus
560 3388 832 3462 subducta
866 3387 1014 3440 linea
1040 3390 1289 3440 notatum
1318 3386 1373 3439 A
1474 3392 1505 3439 9
1533 3386 1843 3455 plerunque
1882 3387 1933 3440 V
2028 3393 2094 3440 10
2123 3385 2333 3442 fatiunt
2360 3388 2415 3441 A
2509 3393 2572 3441 11

300 3479 690 3548 congregantur
721 3475 903 3529 PAB
932 3477 1306 3544 congregatur
1333 3493 1364 3528 v
1474 3493 1576 3530 neo
1607 3493 1783 3546 aeque
1812 3477 1877 3530 fit
1907 3479 2258 3531 mansuetum
2298 3478 2577 3533 Victorius

300 3567 354 3620 in
385 3569 615 3622 secunda
652 3566 887 3620 editione
1035 3572 1097 3618 12
1138 3564 1425 3618 anseribus
1464 3564 1558 3633 (ad
1597 3566 1723 3620 add.
1756 3565 1855 3634 Αἵ)
1894 3566 2303 3621 admittendum
2339 3566 2408 3620 iis
2435 3569 2575 3620 tem-

300 3672 389 3723 pus
443 3656 622 3709 PAB
679 3653 966 3708 anseribus
1025 3635 1436 3706 admittendum
1493 3653 1580 3706 his
1638 3657 1859 3724 tempus
1914 3673 1947 3710 v
2004 3657 2293 3711 anseribus
2350 3658 2422 3711 ad
2479 3658 2574 3710 ad-

302 3744 620 3799 mittandum
683 3746 908 3812 tempus
970 3742 1137 3796 codex
1202 3742 1691 3813 Sanyermanensis
1762 3743 2084 3799 Columellae
2149 3745 2324 3799 VIII
2373 3750 2467 3815 14,
2524 3751 2573 3800 4.

304 3834 609 3890 ‘Anseribus
660 3829 1027 3887 admittendis
1076 3833 1181 3886 eto.
1255 3830 1352 3885 Ita
1387 3833 1663 3901 eastiyaui
1718 3850 1744 3886 e
1778 3835 2009 3888 uetustis
2045 3836 2347 3901 codicibus,
2387 3852 2578 3902 parua

301 3926 609 3979 correctione
655 3922 909 3977 adhibita
936 3941 953 3973 :
983 3926 1140 3975 uetus
1188 3922 1368 3988 leetiO,
1414 3923 1723 3978 Anseribus
1772 3923 2182 3977 admittendum
2228 3924 2298 3977 iis
2337 3926 2575 3994 tempus.

301 4015 463 4070 Antea
496 4016 560 4068 in
596 4012 829 4078 excusis,
870 4011 963 4065 Ad
1000 4011 1396 4066 admittendum
1433 4017 1641 4081 tempus
1678 4014 1795 4067 εἰσ)
1849 4013 2125 4069 Victorias
2235 4019 2299 4066 13
2337 4030 2467 4067 mox
2504 4014 2577 4069 ad

299 4103 609 4170 pariendum
640 4104 699 4155 et
726 4101 798 4153 ad
825 4099 1203 4155 incubandum
1238 4117 1273 4155 a.
1299 4100 1557 4155 kalendis
1585 4102 1905 4157 Februariis
1934 4104 2025 4157 vel
2055 4103 2273 4157 Martiis
2302 4120 2473 4172 usque
2504 4103 2577 4157 ad

301 4192 583 4249 solstitium
635 4191 936 4249 Columella
1084 4195 1150 4243 14
1204 4189 1494 4259 iniguntur
1540 4192 1784 4263 Sealiyer
1837 4194 2216 4263 inunguentur
2256 4193 2369 4246 PA
2415 4194 2576 4246 inun-

302 4286 484 4352 gentur
528 4287 584 4339 B
641 4283 971 4353 merguntur
1015 4299 1064 4335 v.
1143 4282 1339 4336 ‘Vetus
1396 4284 1548 4337 lectio
1606 4301 1642 4337 a
1697 4285 1969 4337 communi
2023 4283 2287 4338 diuersa:
2317 4283 2379 4334 In
2432 4298 2579 4349 aqua.

301 4370 621 4443 inungentur
665 4374 727 4425 in
770 4372 975 4425 flumen
1024 4372 1152 4426 eto.’
1235 4371 1508 4427 Victorias
1686 4389 1798 4426 non
1839 4373 1966 4441 plus
2003 4388 2173 4439 quam
2208 4374 2295 4425 ter
2343 4371 2580 4425 Ursinus

430 4469 493 4515 15
531 4462 632 4518 ubi
669 4461 894 4531 pariant
928 4461 1049 4514 AB
1098 4461 1374 4516 Victorias
1411 4461 1508 4515 ubi
1544 4461 1774 4531 pariunt
1821 4463 1872 4514 V
2010 4460 2177 4515 haras
2217 4460 2271 4515 V
2302 4476 2430 4514 aras
2459 4461 2578 4513 AB

430 4557 491 4606 17
532 4551 765 4620 aliquod
802 4551 858 4605 A
893 4566 1031 4605 corr.
1071 4549 1257 4619 aliquo
1294 4550 1376 4604 ΑΒ
