3178 5185
952 391 1211 445 RERVM
1250 392 1721 447 RVSTICARVM
1759 393 1893 448 LlB.
1933 395 1954 446 I
2469 397 2590 458 117

292 554 370 613 De
425 555 633 614 faeno
676 556 960 617 condendo

295 661 374 719 De
428 661 656 721 tritico
699 662 990 722 condendo

294 766 375 826 De
429 766 584 827 faba
631 775 688 827 et
729 768 1121 847 leguminibus
1168 769 1492 833 condendis

293 872 376 932 De
429 876 577 933 uvis
625 877 937 937 condendis

237 997 262 1035 5
290 981 376 1040 De
427 984 631 1062 pomis
677 983 994 1044 condendis

289 1088 375 1147 De
428 1089 562 1148 olea
612 1089 908 1150 condenda

287 1194 374 1255 De
426 1215 672 1257 amurca
720 1196 1020 1257 condenda

289 1301 372 1362 De
424 1304 776 1381 promendis
825 1305 1093 1383 frugibus
1144 1308 1343 1366 luendi
1394 1327 1568 1367 eausa

287 1407 489 1478 Quem
536 1411 609 1470 ad
661 1411 896 1472 modum
946 1414 1313 1473 frumentum
1362 1415 1752 1493 promendum
1802 1418 1879 1475 sit

210 1532 257 1569 ιο
283 1514 369 1575 De
421 1535 671 1578 amurca
720 1520 933 1579 tuenda
982 1527 1042 1579 et
1088 1522 1409 1599 promenda

284 1621 368 1681 De
419 1625 563 1683 vino
612 1610 937 1702 promendo

283 1729 367 1789 De
420 1730 556 1790 olea
603 1733 923 1811 promenda

281 1836 364 1896 De
416 1856 581 1898 nuce
631 1847 690 1899 et
735 1838 988 1919 palmula
1037 1849 1095 1900 ct
1143 1841 1253 1900 fico
1301 1842 1621 1919 promenda

283 1945 366 2004 De
418 1948 558 2006 uvis
608 1956 665 2006 et
711 1947 877 2006 malis
925 1956 985 2007 et
1033 1947 1225 2008 sorbis
1272 1947 1603 2027 pensilibus
1649 1948 1992 2027 promendis

208 2064 252 2101 15
281 2051 365 2110 De
436 2054 604 2112 farre
671 2055 996 2132 promendo
1062 2064 1165 2115 aut
1229 2056 1298 2115 ad
1367 2054 1627 2115 cibatum
1693 2063 1795 2113 aut
1858 2055 1927 2113 ad
1996 2056 2280 2114 sationem
2349 2065 2450 2115 aut
2515 2058 2584 2116 ad

469 2159 852 2220 vendundum

432 2356 460 2402 1
514 2348 649 2402 feno
685 2348 739 2403 A
785 2349 951 2403 foeno
1002 2349 1051 2400 V
1060 2351 1114 2403 Β
1259 2357 1290 2404 9
1330 2352 1391 2404 Κ.
1433 2349 1903 2419 quemadmodum
1939 2348 2282 2403 frumentum
2317 2350 2374 2403 A
2523 2358 2586 2404 10

265 2438 502 2498 ¹tuenda.
562 2454 626 2491 ac
671 2438 977 2507 promenda
1023 2440 1078 2492 B
1224 2446 1287 2492 11
1336 2440 1418 2493 De
1465 2441 1596 2494 vino
1642 2438 1949 2509 promendo
1989 2437 2070 2492 De
2118 2438 2244 2493 olea.
2279 2441 2588 2509 promenda

283 2545 382 2583 om.
422 2527 484 2581 A
638 2533 702 2581 13
751 2521 815 2581 el:⁶
850 2529 957 2582 fico
995 2529 1302 2597 promenda
1339 2530 1395 2582 P
1426 2530 1483 2582 et
1519 2529 1625 2583 fico
1663 2528 1808 2598 (foco
1846 2546 1983 2583 corr.
2023 2529 2127 2583 fico
2165 2527 2240 2597 A)
2274 2529 2586 2599 'promendo

280 2620 334 2673 A
385 2619 694 2684 Victorius,
730 2635 827 2673 om.
868 2619 967 2673 Bv
1117 2625 1183 2672 14
1222 2620 1400 2673 sorbis
1437 2637 1470 2673 v
1508 2619 1688 2673 soruis
1732 2619 1913 2672 PAB
2062 2624 2125 2673 15
2165 2623 2264 2673 aut
2301 2619 2586 2675 acibatum

284 2712 381 2763 aut
409 2707 733 2763 asationem
753 2710 808 2762 A
836 2724 976 2763 corr.
1006 2710 1104 2762 aul:
1122 2709 1443 2763 adcibatum
1464 2710 1562 2762 aut
1581 2706 1929 2762 adsa‘cionem
1947 2707 2030 2763 A²
2132 2714 2197 2763 16
2228 2708 2586 2764 uendundum

285 2798 339 2850 P
390 2798 682 2852 Victorius
734 2798 1086 2852 uendendum
1142 2799 1320 2851 ABv.
1396 2795 1722 2866 Sequuntur
1764 2799 1826 2851 in
1871 2814 1903 2850 v
1967 2798 2175 2852 iudices
2221 2801 2586 2868 capitulorum

282 2888 415 2941 libri
461 2887 699 2940 secundi
742 2893 791 2941 et
836 2888 1001 2942 tertii.
1041 2886 1241 2955 Capita
1286 2888 1425 2941 haec
1473 2886 1592 2940 siue
1631 2885 1808 2940 Tituli
1848 2887 2093 2941 Alterius
2135 2904 2201 2941 ac
2240 2886 2417 2941 Tertii
2458 2887 2584 2941 libri

280 2975 637 3031 rusticarum
680 2992 862 3029 rerum
906 2975 964 3028 in
1013 2975 1394 3029 uetustissimo
1441 2976 1634 3030 codice
1674 2976 1872 3041 desunt
1907 2977 1970 3029 iu
2005 2977 2252 3044 maryiue
2289 2977 2586 3046 adscripsit

284 3065 349 3119 P.
402 3066 863 3132 ‘Iu-scriptionem
908 3066 1078 3118 trium
1116 3066 1197 3118 M.
1251 3065 1520 3119 Varronis
1566 3067 1832 3119 librorum
1877 3083 1914 3118 a
1959 3083 2039 3118 me
2084 3066 2148 3118 iri
2182 3067 2402 3133 optimis
2439 3067 2583 3120 cocli-

279 3156 433 3208 cibus
489 3154 784 3207 inuentam
836 3159 1049 3208 secutus
1110 3170 1246 3208 sum.
1300 3172 1430 3208 uam
1485 3155 1527 3206 I
1525 3155 1738 3220 udices,
1801 3155 1997 3223 quibus
2059 3155 2398 3219 declaratur,
2450 3156 2586 3222 quid

277 3244 521 3314 siuyulis
562 3244 826 3310 partibus
861 3244 1053 3297 horum
1089 3260 1393 3298 sermonum
1429 3244 1791 3308 contineatur,
1828 3260 1940 3297 ‘nou
1979 3259 2156 3297 omnes
2192 3248 2393 3297 ueteres
2429 3249 2580 3298 sunt:

283 3334 468 3387 Primi
515 3332 673 3385 euim
709 3338 917 3387 tautum
956 3334 1086 3387 libri
1121 3335 1185 3386 iu
1221 3350 1390 3406 mauu
1425 3334 1648 3400 scriptis
1683 3333 2081 3400 exemplaribus
2116 3333 2490 3400 reperiuntur,
2536 3340 2585 3387 et

279 3423 325 3476 ii
369 3423 487 3477 loco
528 3436 647 3490 quo
696 3438 729 3473 a
770 3439 848 3476 me
875 3423 1051 3492 positi
1085 3427 1215 3476 sunt
1250 3423 1513 3476 collocati.
1589 3421 1856 3486 Secundi,
1904 3438 1970 3474 ac
2015 3421 2186 3474 Tertii
2225 3423 2484 3475 Indicum
2522 3423 2584 3474 iu

280 3512 472 3565 iisdem
512 3510 811 3578 uestiyium
846 3511 1081 3565 nullum’
1135 3511 1413 3564 Victorius
