3178 5185
1410 1510 1442 1573 1

461 1654 720 1736 Capitula
768 1655 906 1716 libri
951 1658 1128 1736 primi
1175 1660 1233 1718 in
1283 1658 1605 1738 archetypo
1654 1668 1792 1719 ante
1839 1661 2033 1738 ipsum
2081 1659 2300 1719 librum
2343 1638 2568 1738 scripta

310 1772 453 1822 erant
496 1764 821 1843 eodemque
868 1764 997 1825 loco
1043 1768 1103 1825 in
1153 1765 1426 1844 plurimis
1473 1765 1827 1845 apographis
1874 1766 2170 1845 leguntur.
2255 1767 2399 1827 haec
2448 1766 2563 1826 Me-

309 1870 414 1930 rula
457 1872 722 1951 plurimis
771 1872 916 1931 locis
954 1881 1175 1932 mutata
1217 1873 1401 1933 edidit
1439 1882 1497 1933 et
1536 1873 1673 1932 libri
1712 1873 1959 1933 secundi
2000 1883 2058 1934 et
2095 1877 2255 1934 tertii
2295 1874 2564 1953 capitula,

311 1996 435 2055 quae
479 1982 535 2039 in
582 1998 760 2039 manu
810 1981 1047 2065 scriptis
1094 1980 1262 2040 libris
1302 1999 1419 2040 non
1459 1980 1755 2060 leguntur,
1804 1980 2073 2040 subiecit.
2143 1981 2298 2041 idem
2339 1984 2398 2041 in
2439 1984 2563 2061 ipsa

311 2085 535 2146 editione
581 2089 968 2166 praescriptis
1015 2086 1226 2146 iisdem
1286 2087 1474 2148 titulis
1521 2087 1698 2147 verba
1758 2090 1817 2147 in
1876 2090 2096 2170 capita,
2151 2091 2306 2148 sicut
2359 2098 2562 2167 postea

313 2192 442 2252 edita
477 2202 626 2273 sunt,
666 2193 951 2254 distinxit.
1028 2193 1328 2255 Victorius
1358 2197 1533 2273 primi
1578 2194 1714 2254 libri
1745 2194 1996 2273 capitula
2028 2195 2097 2255 ad
2139 2196 2313 2255 fidem
2344 2195 2564 2255 codicis

315 2303 558 2375 correxit,
606 2299 856 2360 secundi
903 2310 962 2360 et
1002 2304 1164 2361 tertii
1208 2301 1346 2361 libri
1391 2302 1621 2362 indices
1671 2321 1742 2361 ex
1780 2301 1986 2362 Aldina
2028 2302 2283 2363 editione
2323 2305 2566 2384 recepit,

312 2407 397 2466 sed
440 2416 565 2468 ante
612 2407 724 2468 hos
772 2406 956 2467 libros
1003 2407 1312 2469 collocavit
1358 2419 1417 2469 et
1455 2419 1754 2489 tamquam
1794 2429 1825 2470 a
1865 2410 2298 2470 recentioribus
2338 2410 2565 2470 additos

311 2522 358 2571 et
397 2514 766 2596 adulterinoS,
815 2524 881 2575 ut
927 2518 1034 2598 ait,
1089 2515 1353 2596 adposita
1401 2528 1536 2575 nota
1588 2518 1951 2596 significavit.
2045 2517 2258 2597 reliqui
2306 2517 2566 2577 editores

308 2629 477 2682 tamen
533 2626 932 2702 antiquiorum
991 2624 1316 2684 editionum
1378 2627 1668 2684 rationem
1727 2628 1895 2703 sequi
1963 2625 2324 2706 maluerunt,
2390 2645 2563 2704 quam

311 2731 497 2789 veteris
543 2730 764 2790 codicis
812 2720 988 2790 fidem
1037 2749 1066 2789 a
1108 2729 1367 2791 Victorio
1406 2733 1758 2793 restitutam.
1807 2752 2012 2811 parum
2054 2741 2327 2793 accurate
2367 2742 2562 2793 autem

308 2833 366 2893 ab
407 2855 469 2895 eo
516 2840 616 2915 qui
662 2836 810 2897 haec
852 2838 1105 2917 capitula
1147 2840 1404 2899 confecit
1443 2848 1788 2917 argumenta
1827 2858 2047 2921 rerum,
2087 2840 2157 2900 de
2198 2841 2413 2919 quibus
2452 2840 2565 2900 dis-

308 2952 550 3019 putatum
596 2956 715 3025 est,
757 2944 1010 3005 indicata
1069 2964 1199 3005 esse
1249 2945 1417 3005 facile
1465 2957 1724 3026 apparet.
1773 2949 2057 3007 terminos
2106 2947 2363 3029 dierum,
2417 2966 2564 3026 quos

309 3067 348 3107 c.
381 3047 628 3113 30—36
678 3054 739 3111 in
789 3051 1111 3112 intervallis
1158 3052 1489 3113 indicandis
1538 3053 1787 3136 addidit,
1835 3073 1970 3113 cum
2011 3053 2288 3114 Varronis
2326 3072 2563 3133 compu-

306 3160 499 3219 tatione
545 3178 664 3220 non
712 3164 1029 3220 convenire
1076 3163 1136 3220 in
1185 3161 1560 3221 adnotatione
1610 3181 1658 3222 c.
1697 3159 1802 3242 28,
1833 3159 1872 3221 2
1921 3162 2058 3221 dixi.

457 3265 514 3327 C.
561 3263 602 3327 5
668 3265 865 3336 Quod
921 3277 1165 3346 partes
1230 3268 1485 3329 habeat
1543 3268 1977 3348 disciplinae
2035 3268 2318 3328 cultura
2375 3266 2561 3346 agri]

311 3373 446 3443 Quot
487 3381 700 3450 partes
754 3376 979 3435 habeat
1033 3379 1357 3452 disciplina
1415 3380 1697 3437 culturae
1766 3380 1910 3450 ayri
1962 3377 2190 3454 scripsi.
2263 3377 2566 3453 pertinent

305 3481 439 3539 enim
476 3482 615 3542 haec
655 3480 725 3540 ad
766 3482 1113 3542 divisionem
1154 3503 1202 3543 c.
1242 3479 1301 3565 5,
1333 3482 1366 3544 1
1409 3484 1744 3565 indicatam,
1781 3486 2064 3557 quoniam
2102 3486 2246 3558 aqri
2285 3486 2567 3542 culturae

306 3591 448 3659 quod
488 3597 639 3649 esset
687 3593 922 3650 initium
969 3599 1027 3651 et
1065 3593 1209 3664 finis
1257 3594 1409 3671 dixi,
1456 3594 1825 3666 relinquitur
1880 3599 2023 3665 quot
2071 3597 2282 3666 partes
2329 3608 2401 3649 ea
2448 3593 2562 3648 dis-

303 3697 503 3769 ciplina
539 3697 765 3757 habeat
805 3701 996 3757 ut·sit
1040 3701 1378 3759 videndum.

458 3802 515 3863 C.
565 3801 649 3864 14
724 3803 814 3863 De
881 3806 1106 3881 septis
1173 3823 1347 3882 quae
1424 3804 1628 3864 fundi
1696 3803 1978 3865 tutandi
2053 3821 2261 3862 causa
2339 3800 2560 3878 fiunt]

304 3907 466 3970 Fiant
505 3910 856 3990 Politianus,
904 3914 1164 3990 itemque
1211 3921 1414 3991 postea
1464 3916 1774 3973 commoda
1818 3917 1977 3986 fiant
2022 3914 2080 3970 in
2129 3912 2395 3988 principe
2446 3908 2562 3967 edi-

304 4017 443 4076 tione
489 4038 604 4078 non
653 4020 933 4100 correxit,
979 4019 1082 4079 sed
1115 4024 1275 4093 siunt
1312 4028 1567 4099 utroque
1615 4020 1745 4080 loco
1783 4020 2079 4080 Victorius
2118 4026 2177 4077 et
2214 4015 2563 4096 apographa.

458 4124 516 4186 C.
556 4123 639 4187 18
706 4125 798 4185 De
857 4144 1149 4185 numero
1207 4129 1653 4188 rusticorum
1704 4128 2039 4206 quotiens
2086 4126 2325 4204 operis
2374 4125 2564 4201 quis·

305 4249 418 4308 que
462 4236 610 4312 agri
649 4233 894 4293 modus
934 4233 1071 4293 coli
1111 4233 1377 4312 possit]
1428 4236 1712 4307 Quotenis
1750 4237 1951 4311 operis
1997 4232 2226 4311 scripsi,
2275 4248 2422 4308 quae
2463 4248 2564 4288 no-

301 4341 454 4400 minis
499 4341 682 4401 forma
732 4342 793 4399 in
841 4359 1017 4400 manu
1066 4344 1305 4421 scriptis
1351 4340 1517 4401 libris
1565 4342 1781 4421 legitur
1828 4340 1935 4419 bis,
1983 4342 2040 4398 in
2100 4336 2333 4397 rubrica
2392 4356 2443 4397 c.
2480 4334 2563 4398 28

301 4455 561 4517 quotenos
608 4451 737 4509 dies
784 4449 1009 4509 habeat
1051 4453 1329 4525 quodque
1375 4457 1601 4526 tempus
1648 4459 1707 4509 et
1745 4469 1794 4508 c.
1831 4445 1920 4508 44
1965 4449 2210 4520 quoteni
2227 4445 2435 4504 modii
2476 4463 2563 4505 se-

298 4562 505 4614 rantur.

2071 4660 2097 4705 1
2112 4654 2141 4688 *
2166 4643 2183 4661 ’
