3178 5185
726 441 729 446 ·
805 419 1063 474 RERVM
1100 420 1580 476 RVSTICARVM
1617 422 1752 476 LIB.
1790 423 1815 476 I
1854 420 2114 478 41—44
2463 416 2587 480 103

480 580 661 635 XLIV
703 572 735 635 1
806 574 1249 637 Obseruabis
1297 585 1639 655 quantum
1691 580 1761 638 in
1812 596 1886 638 ea
1944 580 2239 657 regione
2289 598 2587 641 consue-

318 682 475 742 tudo
525 684 675 742 erit
723 684 1012 743 serendi
1058 692 1132 744 ιιι
1179 691 1453 745 tantum
1502 684 1724 745 facias
1771 694 2108 764 quantum
2160 685 2346 746 valet
2385 689 2586 764 regio

313 808 380 848 ac
425 807 657 867 genus
706 796 940 850 terrae
988 799 1065 851 ιιι
1111 810 1192 851 ex
1240 790 1487 851 eodem
1533 794 1802 852 semine
1851 789 2078 852 aliubi
2116 810 2269 853 cum
2309 792 2586 854 decimo

312 895 552 956 redeat
600 895 824 957 aliubi
872 915 1025 958 cum
1075 900 1325 976 quinto
1374 897 1686 976 decimo]
1744 900 2314 960 observabis—ut
2354 908 2586 961 tantum

305 1002 517 1078 facias,
566 1007 733 1078 quod
775 1012 1007 1065 tantum
1054 1009 1211 1066 valet
1258 1008 1429 1081 reqio
1477 1024 1549 1066 ex
1599 1008 1939 1067 coniectura
1981 1005 2178 1067 Ursini
2219 1008 2449 1086 scripsi.
2524 1010 2585 1068 in

310 1110 553 1171 serendo
603 1110 1037 1173 observandum
1085 1121 1177 1173 est
1223 1121 1290 1173 ut
1328 1120 1557 1173 tantum
1594 1131 1775 1196 seraS‚
1814 1122 2098 1193 quantum
2137 1114 2303 1173 in¹ea
2344 1116 2583 1194 regione

308 1216 671 1278 consuetudo
719 1225 810 1278 est
856 1219 1112 1301 serendi,
1161 1220 1319 1298 quod
1366 1221 1529 1298 regio
1567 1238 1635 1280 ac
1681 1238 1870 1299 genus
1914 1228 2108 1280 terrae
2146 1228 2375 1281 tantum
2416 1220 2585 1297 valet,

308 1335 365 1385 ut
409 1324 566 1385 idem
619 1343 821 1385 semen
870 1328 930 1386 in
978 1325 1106 1386 aliis
1154 1325 1498 1405 regionibus
1546 1326 1690 1387 alios
1738 1327 1970 1387 fructus
2018 1327 2188 1387 ferat.

472 1430 515 1493 2
585 1431 674 1492 Ut
727 1434 798 1492 in
855 1434 1131 1493 etruria
1189 1432 1368 1494 locis
1431 1431 1726 1511 aliquod
1784 1436 1852 1493 in
1910 1432 2114 1493 italia
2172 1435 2243 1493 in
2307 1432 2583 1494 suhari-

304 1550 454 1600 tano
524 1538 813 1616 dicunt]
892 1541 964 1602 Ut
1019 1544 1081 1601 in
1135 1541 1434 1601 Hetruria
1500 1547 1558 1601 et
1614 1543 1763 1601 locis
1818 1544 2046 1617 aliquot
2102 1544 2165 1601 in
2231 1542 2432 1602 Italia.
2508 1543 2583 1602 In

304 1649 678 1708 Subaritano
717 1665 843 1728 sqq.
891 1647 1211 1708 IucunduS.

469 1754 546 1815 In
601 1756 791 1833 syria
839 1754 917 1815 ad
965 1755 1222 1834 garada
1271 1763 1339 1814 et
1384 1757 1456 1814 in
1496 1755 1726 1815 africa
1775 1755 1852 1815 ad
1890 1754 2259 1834 byzacium
2297 1758 2464 1816 item
2504 1775 2583 1817 ex

302 1862 526 1923 modio
558 1863 766 1932 nasci
793 1859 1101 1937 centum]
1140 1862 1395 1922 Gadara
1419 1860 1871 1940 SchoettgenUS.
1946 1880 2026 1922 ex
2053 1865 2249 1923 modio
2279 1868 2457 1924 nasci
2489 1865 2584 1924 CL

300 1968 631 2032 Pontedera
672 1988 726 2048 p.
772 1965 914 2050 160,
955 1970 1231 2047 quoniam
1269 1968 1494 2029 Plinius
1535 1967 1691 2028 XVII
1729 1965 1813 2029 41
1856 1987 2062 2048 campo
2100 1968 2402 2047 Byzaceno
2448 1989 2583 2031 eum

299 2096 615 2138 numerum
664 2075 982 2157 tribueret,
1036 2080 1099 2137 in
1144 2077 1420 2153 Byzacio
1466 2076 1724 2152 Africae
1770 2080 1936 2137 illum
1983 2084 2239 2138 centena
2285 2081 2581 2153 quinqua-

294 2204 448 2260 qena
489 2184 687 2261 fraqe
729 2182 995 2258 fertilem
1042 2202 1319 2260 eampum
1355 2217 1427 2227 —
1463 2186 1719 2243 vidimus
1764 2187 1969 2244 scindi
2003 2191 2063 2244 et
2102 2182 2282 2243 XVIII
2320 2181 2408 2245 94
2445 2204 2582 2246 cum

298 2311 329 2352 e
370 2294 591 2366 modio,
637 2293 695 2350 si
736 2294 816 2350 sit
860 2298 1064 2366 aptum
1108 2295 1324 2366 solum,
1385 2294 1566 2366 quale
1622 2293 1685 2350 in
1729 2290 2006 2367 Byzacio
2051 2277 2308 2364 Africae
2353 2309 2582 2368 campa,

210 2371 213 2380 ι
297 2403 534 2460 centeni
599 2400 1015 2473 quinquaqeni
1077 2400 1266 2458 modii
1329 2399 1694 2458 reddantur.
1786 2396 1943 2457 idem
2011 2406 2206 2456 tamen
2273 2396 2320 2455 V
2356 2394 2443 2457 24
2507 2398 2580 2459 de

297 2506 362 2567 de
402 2507 617 2567 eodem
647 2504 891 2583 Byzacio
935 2502 1143 2564 scribit
1180 2508 1267 2564 ita
1307 2508 1651 2582 appellatur
1679 2506 1850 2579 reqio
1887 2504 2107 2564 CCLM
2126 2523 2188 2581 p.
2210 2522 2328 2580 per
2356 2507 2580 2566 circui—

298 2623 412 2675 tum
474 2614 825 2691 fertilitatis
890 2615 1152 2673 eximiae
1216 2630 1352 2673 cum
1417 2615 1743 2674 centesima
1799 2611 1988 2688 fruqe
2053 2615 2343 2688 agricolis
2399 2611 2581 2689 fenus

297 2725 589 2783 reddente
636 2728 825 2780 terra.

465 2826 508 2889 2
578 2828 674 2887 An
722 2829 785 2886 in
831 2835 1113 2888 vervacto
1160 2846 1317 2902 quae
1374 2830 1678 2888 interdum
1734 2830 2032 2900 requierit
2086 2829 2299 2906 scripsi
2355 2838 2580 2889 remota

294 2955 464 3023 prava
513 2933 836 2994 verborum
886 2931 1292 3014 distinctione,
1346 2953 1494 3013 quae
1543 2953 1616 2994 ex
1664 2933 1966 2994 veteribus
2025 2933 2385 2995 editionibus
2441 2955 2576 3015 pro-

294 3052 493 3122 pagata
543 3050 692 3102 erat.

466 3149 506 3212 3
587 3147 659 3208 In
727 3147 1048 3226 Olynthia
1115 3147 1301 3227 quod
1368 3149 1570 3207 annis
1627 3147 2002 3208 restibilia
2064 3165 2220 3207 esse
2288 3148 2575 3227 dicunt]

304 3260 472 3330 Quod
507 3259 708 3330 annis,
749 3255 906 3334 quod
946 3273 1017 3315 ex
1057 3254 1466 3334 superioribus
1505 3254 1740 3315 videtur
1789 3256 2108 3334 repetitum
2149 3274 2297 3337 esse,
2335 3255 2579 3337 inclusi3

295 3367 568 3426 vitiosum
643 3381 775 3422 esse
841 3370 942 3423 aut
1008 3362 1342 3423 redundare
1409 3362 1812 3423 Schneiderus
1880 3361 2195 3422 adnotavit.
2277 3362 2576 3443 Theophr.

294 3472 359 3532 de
406 3490 571 3533 caus,
610 3469 791 3549 plant.
829 3469 854 3528 I
891 3466 1003 3550 20,
1043 3467 1085 3530 4
1133 3463 1204 3531 ἐν
1254 3473 1424 3550 γοῦν
1480 3466 1558 3551 τῇ
1600 3461 1920 3552 Ὀλυνθίᾳ
1968 3463 2177 3551 φασὶν
2226 3460 2316 3543 ὥς
2365 3461 2474 3531 ἀεί
2512 3491 2576 3533 τι

293 3584 728 3660 καρποφορεῖ,
773 3567 1206 3657 παραλλαγὴν
1252 3569 1725 3637 δὲ’ποιοῦνται
1771 3567 1934 3637 κατὰ
1982 3575 2291 3656 τριετίαν.

464 3684 809 3763 Relinqui
865 3692 1155 3762 oportet
1212 3683 1423 3762 paulo
1480 3692 1601 3744 aut
1658 3682 2070 3744 leuioribus
2126 3684 2571 3761 sationibus]

298 3796 483 3856 Paulo
534 3798 645 3853 aut
691 3790 828 3850 libri
873 3807 1049 3850 manu
1099 3792 1304 3869 scripti
1353 3808 1575 3870 omneS,
1633 3798 1742 3850 aut
1777 3794 1966 3867 paulo
2020 3792 2081 3850 in
2138 3791 2405 3869 principe
2454 3791 2572 3851 edi·

296 3904 445 3962 tione
504 3899 835 3960 Politianus
897 3915 1015 3957 non
1082 3899 1355 3958 correxit.
1443 3905 1550 3957 aut
1606 3901 1796 3974 paulo
1862 3899 2185 3958 levioribus
2238 3900 2572 3958 sationibus

294 4028 494 4070 serere
542 4004 865 4067 Iucundus.
936 4024 1161 4080 serere,
1210 4004 1363 4084 quod
1415 4025 1485 4065 ex
1523 4004 1732 4065 Aldina
1784 4004 2041 4064 editione
2081 4012 2387 4082 receptum
2426 4011 2571 4082 erat,

299 4118 350 4176 in
398 4132 578 4177 manu
628 4114 869 4191 scriptis
915 4111 1082 4172 libris
1132 4130 1251 4172 non
1298 4111 1530 4192 legitur.
1604 4115 1803 4192 itaque
1851 4118 1960 4172 aut
2005 4110 2207 4171 delevi.

467 4222 771 4282 Dicetur
834 4220 1073 4298 inquit
1129 4220 1371 4298 agrius
1418 4218 1499 4279 de
1555 4221 1778 4279 tertio
1834 4217 2052 4297 gradu
2108 4217 2190 4276 de
2251 4219 2570 4279 nutrica·

301 4328 614 4390 tionibus
680 4326 908 4403 adque
975 4325 1335 4386 alimoniis
1403 4325 1683 4404 eorum]
1760 4327 1912 4386 Dice
1987 4328 2177 4400 iqitur
2240 4324 2570 4406 Pontedera

300 4455 352 4514 p.
390 4433 532 4513 160,
580 4431 743 4512 quod
793 4430 1193 4493 Schneiderus
1238 4431 1523 4511 probavit.
1599 4431 1671 4491 de
1726 4433 1900 4491 tertio
1949 4430 2161 4512 gradu,
2210 4432 2313 4510 qui
2360 4443 2451 4494 est
2497 4433 2568 4494 de

302 4537 796 4604 nutricationibus
844 4549 903 4599 et
948 4538 1239 4599 alimoniis
1287 4539 1608 4619 fructuum,
1656 4540 1811 4599 sicut
1857 4538 1929 4598 de
1976 4538 2220 4617 reliquis
2271 4539 2570 4624 gradibuS,
