3178 5185
837 407 1098 461 RERVM
1136 404 1619 462 RVSTICARVM
1656 408 1792 463 LIB.
1830 410 1854 462 Ι
1899 407 2153 464 14·-16
2563 401 2649 464 53

359 569 448 624 est
500 581 769 643 campus,
828 561 986 623 nulla
1053 561 1230 623 arbor
1285 563 1483 641 potior
1539 558 1841 624 serenda’.
1935 565 2158 624 rectius
2213 565 2294 624 ita
2352 566 2649 643 scriptura

358 669 637 730 librorum
676 668 917 730 defendi
954 677 1204 750 poterat,
1235 677 1302 730 ut
1332 688 1469 730 cum
1509 668 1921 748 superioribus
1959 669 2104 730 haec
2136 673 2649 750 coniungerentur

358 779 414 838 in
463 776 625 837 hunc
680 776 951 857 modum,
1009 770 1108 837 ‘ut
1162 776 1334 838 multi
1387 775 1612 837 habent
1672 779 1735 836 in
1794 776 2207 857 Crustumino,
2267 777 2424 856 quod
2487 777 2647 838 nulla

355 883 521 945 arbor
577 885 776 962 potior
835 882 1087 944 serenda
1144 889 1261 964 est,
1308 881 1412 943 ubi
1467 881 1527 942 id
1583 883 1717 943 fleri
1769 890 1996 964 potest,
2044 891 2110 943 ut
2165 882 2274 965 ibi,
2329 891 2646 962 propterea

356 990 505 1071 quod
555 1008 801 1069 campus
847 985 989 1051 est’.
1082 1007 1438 1068 quamquam
1487 998 1733 1068 propter
1791 988 2098 1050 molestam
2157 991 2450 1050 sermonis
2506 1009 2642 1051 con·
2705 1055 2708 1056 γ

355 1099 764 1159 formationem
812 1115 888 1158 ne
936 1096 1049 1158 hoc
1098 1096 1339 1176 quidem
1385 1096 1620 1175 placere
1669 1104 1884 1176 potest.
1956 1115 2140 1176 quare
2179 1099 2343 1172 quod
2375 1098 2439 1156 in
2475 1099 2644 1158 initio

354 1206 774 1267 enuntiationis
821 1205 1033 1266 vitiose
1091 1202 1356 1266 additum
1412 1201 1618 1264 delevi.
1712 1204 2067 1264 sententiam
2114 1201 2433 1264 verborum
2479 1213 2642 1265 recte

355 1312 652 1374 Gesnerus
701 1310 1029 1391 explicavit.

526 1418 725 1491 Quod
791 1420 1089 1479 maxime
1156 1417 1534 1478 fructuosa
1602 1417 1790 1497 quod
1856 1426 1925 1477 et
1989 1418 2305 1478 sustinet
2363 1436 2644 1497 saepem

350 1547 419 1589 ac
487 1526 668 1588 colit
732 1525 1024 1605 aliquod
1091 1522 1430 1586 corbulas
1500 1543 1800 1585 uuarum
1868 1534 1937 1585 et
2002 1523 2327 1585 frondem
2391 1526 2644 1585 iucun-

284 1611 288 1615 ⁵
350 1636 714 1696 dissimam
761 1634 1134 1693 ministrat
1179 1631 1440 1692 ouibus
1487 1650 1564 1692 ac
1621 1631 1854 1693 bubus
1911 1651 1986 1692 ac
2042 1633 2292 1709 uirgas
2347 1632 2647 1711 praebet

351 1740 693 1820 saepibus
741 1748 809 1799 et
856 1738 1018 1799 foco
1066 1757 1143 1798 ac
1200 1737 1439 1814 furno]
1498 1739 1772 1798 Sustinet
1823 1755 2007 1814 saepe
2062 1756 2141 1798 ae
2196 1742 2361 1813 eoqit
2413 1743 2644 1819 scripsi.

350 1867 481 1909 nam
527 1850 786 1909 sustinet
828 1864 1070 1923 saepem
1118 1844 1259 1924 quid
1308 1853 1484 1925 esset,
1532 1862 1707 1904 nemo
1756 1844 2085 1923 explicavit.
2168 1849 2422 1906 sustinet
2468 1851 2643 1908 vitem

352 1954 753 2016 Schneiderus
803 1955 1141 2014 coniecerat
1198 1949 1327 2013 coll.
1377 1950 1603 2012 Colum.
1643 1950 1690 2008 V
1728 1948 1786 2032 6,
1824 1947 1867 2012 5
1913 1955 2124 2026 ulmuS,
2170 1954 2318 2025 quia
2364 1960 2425 2013 et
2468 1957 2644 2015 vitem

351 2065 822 2126 commodissime
878 2063 1121 2137 patitur
1175 2066 1237 2120 et
1291 2060 1792 2120 iucundissimum
1842 2060 2133 2133 pabulum
2190 2059 2382 2119 bubus
2438 2060 2648 2136 adfert

352 2174 659 2246 variisque
699 2169 1031 2244 yeneribus
1075 2169 1192 2227 soli
1226 2168 1526 2245 provenit,
1572 2182 1613 2224 a
1651 2168 1963 2242 plerisque
2008 2164 2388 2242 praefertur.
2481 2171 2645 2242 eoqit

351 2296 419 2337 ex
454 2276 649 2337 Nonio
697 2294 754 2353 p.
799 2270 944 2354 197,
982 2270 1068 2334 24
1123 2274 1344 2333 Corbes
1388 2273 1674 2333 corbulas
1724 2272 1922 2331 Varro
1961 2274 2038 2331 de
2082 2290 2153 2332 re
2197 2275 2433 2332 rustica
2479 2276 2578 2334 lib.
2611 2276 2652 2334 Ι

351 2386 509 2459 coqit
556 2385 789 2457 aliquot
832 2383 1116 2441 corbulus
1165 2396 1424 2440 uvarum
1482 2385 1541 2439 et
1587 2377 1874 2454 frondem
1930 2362 2425 2440 iucundissimam
2470 2384 2642 2441 mini-

347 2497 501 2551 strat
537 2491 750 2551 ovibus
789 2488 1184 2548 restituerunt
1224 2485 1503 2567 Scaliger,
1542 2485 1815 2565 UrsinuS,
1855 2483 2187 2545 Gronovius
2215 2485 2446 2547 observ.
2479 2487 2553 2547 1v
2582 2487 2642 2550 3.

349 2617 569 2674 eoqere
633 2596 706 2656 de
772 2595 1118 2675 colligendis
1175 2592 1469 2655 fructibus
1531 2592 1758 2654 dictum
1822 2600 1914 2653 est
1969 2589 2091 2672 16,
2129 2590 2170 2654 3
2227 2598 2487 2656 celerius
2541 2579 2642 2656 hie

350 2723 527 2780 quam
576 2707 701 2766 illie
748 2710 1071 2779 coquntur.
1136 2701 1388 2762 aliorum
1438 2703 1803 2780 scriptorum
1851 2698 2114 2779 exempla
2156 2699 2487 2762 Gronovius
2525 2701 2560 2763 l.
2591 2722 2643 2763 c.

350 2812 698 2891 composuit.
757 2808 1074 2871 laudantur
1114 2811 1295 2888 igitur
1332 2807 1496 2890 ulmi,
1524 2807 1683 2887 quod
1724 2814 1783 2867 et
1822 2824 2090 2884 magnam
2129 2824 2375 2867 uvarum
2411 2812 2640 2888 copiam

352 2937 522 2998 saepe
572 2918 873 2978 sustinent
917 2923 1096 2995 atque
1145 2912 1531 2993 colligendam
1578 2911 1868 2992 praebent
1914 2921 1974 2972 et
2021 2914 2291 2974 frondem
2331 2933 2399 2975 ac
2449 2918 2640 2995 virgas

352 3027 406 3086 in
453 3027 650 3086 varios
699 3042 844 3084 usus
891 3023 1248 3083 ministrant.

519 3137 654 3191 XVI
696 3127 732 3191 1
798 3128 1267 3208 Relinquitur
1323 3127 1552 3188 altera
1609 3145 1773 3206 pars
1831 3145 2007 3205 quae
2062 3133 2174 3187 est
2229 3139 2430 3188 extra
2480 3129 2638 3189 fun-

351 3239 500 3299 dum
548 3239 759 3299 cuius
806 3235 1247 3316 appendices
1294 3243 1362 3296 et
1410 3232 1882 3295 uehementer
1939 3234 2315 3311 pertinent
2362 3234 2440 3294 ad
2489 3236 2638 3296 cul-

353 3344 604 3423 turam]
653 3346 735 3405 Et
785 3345 846 3403 in
907 3361 1027 3403 uno
1085 3341 1290 3402 codice
1347 3359 1406 3401 m
1462 3342 1749 3401 omissum
1804 3337 2022 3399 delevit
2075 3338 2406 3424 IucunduS,
2461 3360 2639 3421 quem

352 3451 556 3513 deinde
605 3450 865 3512 editores
922 3450 1114 3510 secuti
1161 3455 1328 3529 sunt,
1374 3455 1565 3530 recte,
1623 3455 1688 3507 ut
1744 3445 2005 3507 videtur:
2062 3448 2178 3507 nisi
2233 3450 2434 3526 potius
2491 3451 2637 3509 scri-

350 3556 606 3620 bendum
663 3564 791 3618 erat
847 3559 1055 3631 etiam,
1110 3555 1166 3616 h.
1207 3574 1257 3615 e.
1314 3556 1489 3616 etiam
1551 3552 1909 3634 appendices
1973 3552 2140 3613 fundi
2206 3555 2276 3615 ad
2344 3555 2636 3616 culturam

352 3666 667 3742 pertinent.
742 3680 877 3722 nam
925 3669 986 3723 et
1028 3664 1408 3723 vehementer
1453 3660 1572 3720 dici
1620 3679 1740 3722 non
1786 3668 2038 3741 poterat,
2087 3669 2152 3721 ut
2199 3668 2259 3722 et
2303 3660 2373 3721 ad
2422 3679 2639 3739 augen-

355 3770 478 3830 dam
523 3771 642 3830 vim
688 3766 954 3828 adverbii
1000 3766 1265 3828 additum
1312 3774 1495 3848 esset,
1544 3762 1640 3828 ‘et
1699 3765 2083 3827 vehementer
2129 3762 2417 3848 quidem',
2465 3785 2637 3846 prae-

356 3880 550 3939 sertim
623 3878 686 3936 in
763 3873 1014 3935 formula
1089 3875 1326 3953 saepius
1401 3883 1713 3955 usurpata,
1784 3873 1809 3933 Ι
1848 3871 1907 3954 2,
1945 3870 2033 3934 24
2106 3892 2265 3949 quae
2336 3875 2425 3935 ad
2496 3878 2642 3949 ayri

354 3990 649 4046 culturam
724 3983 1103 4043 vehementer
1180 3983 1517 4061 pertineat,
1601 3977 1669 4061 9,
1715 3977 1759 4040 4
1830 3983 1985 4041 haee
2059 3982 2418 4042 discrimina
2492 3999 2636 4056 per·

359 4095 539 4153 tinent
583 4094 670 4152 ad
705 4088 955 4165 fruetus
1001 4091 1398 4169 vehementer,
1445 4083 1548 4169 55,
1589 4084 1625 4147 7
1677 4090 1764 4147 ad
1803 4091 1948 4163 ayri
1992 4092 2297 4149 culturam
2328 4089 2639 4164 pertineat

358 4186 741 4260 vehementer.

523 4304 564 4367 2
630 4303 984 4374 Quosdam
1041 4305 1162 4382 qui
1218 4311 1384 4363 sunt
1448 4321 1674 4382 prope
1733 4299 2023 4378 oeliem]
2091 4302 2394 4373 Quosdam
2442 4319 2638 4377 prope

361 4416 588 4473 oelitum
635 4415 711 4472 al.
760 4414 970 4472 oeliem
1015 4427 1102 4492 m,
1162 4413 1317 4472 eelie
1374 4408 1560 4470 codex
1616 4407 2012 4468 FlorentinuS.
2104 4409 2393 4482 quosdam
2441 4426 2636 4484 prope

369 4519 570 4580 Celiem
614 4516 936 4579 Iucuudus,
1034 4517 1300 4578 Caralim
1357 4517 1612 4577 coniecit
1659 4514 1936 4596 UrsinuS,
1985 4514 2190 4575 Ioliem
2236 4504 2483 4594 Popma,
2532 4516 2634 4592 qui
