3178 5185
548 398 599 452 X
1487 397 1903 452 PRAEFATIO

552 566 755 627 eadem
815 585 1019 646 mauu,
1076 567 1179 625 sed
1230 577 1433 644 postea
1483 565 1667 625 additi
1716 573 1870 625 sunt.
1965 564 2117 643 apud
2170 564 2487 625 Varronem
2538 584 2730 644 neque
2778 569 2836 626 in

551 676 742 753 primo
799 672 977 754 libro,
1035 676 1132 733 cui
1191 673 1367 733 index
1429 672 1826 751 capitulorum
1886 691 2002 732 nou
2061 672 2274 732 additis
2332 681 2525 732 tamen
2574 676 2840 733 numeris

548 782 912 860 praemissus
961 790 1112 861 erat,
1172 799 1367 860 neque
1416 782 1477 840 in
1528 779 1792 840 secundo
1841 779 1930 839 vel
1981 781 2157 840 tertio
2206 778 2357 840 libro
2406 788 2568 840 certa
2616 783 2837 860 capitu-

549 888 741 947 lorum
798 887 1098 948 distinctio
1145 896 1265 968 est3
1324 887 1424 948 sed
1474 889 1681 966 paucis
1728 887 1875 947 loeis
1922 887 1992 947 ad
2043 896 2387 965 argumenta
2437 906 2638 948 rerum
2689 906 2836 966 quae

550 1004 880 1056 tractantur
935 994 1245 1054 indicanda
1303 994 1395 1054 vel
1452 994 1522 1054 ad
1581 994 2022 1054 distinctionem
2078 996 2337 1073 partium
2395 995 2836 1074 significandam

548 1102 822 1163 rubricae
879 1104 938 1162 in
988 1101 1352 1181 marginibus
1401 1102 1732 1180 adscriptae
1780 1100 1871 1161 vel
1918 1099 2096 1161 verba
2142 1103 2298 1183 ipsa,
2356 1120 2505 1180 quae
2554 1105 2837 1162 continuo

546 1212 767 1287 scripta
842 1217 1040 1289 erant,
1116 1210 1300 1287 signis
1369 1207 1723 1287 quibusdam
1789 1215 1994 1286 postea
2061 1208 2276 1269 additis
2341 1208 2617 1269 distincta
2684 1217 2839 1270 sunt.

546 1325 855 1396 praeterea
911 1315 980 1375 ad
1041 1325 1241 1395 partes
1299 1334 1506 1375 eorum
1565 1316 1636 1376 de
1697 1314 1914 1394 quibus
1971 1318 2163 1395 agitur
2215 1316 2660 1396 distinguendas
2707 1335 2840 1395 per-

548 1426 743 1483 tinent
824 1422 1053 1483 litterae
1145 1422 1431 1501 quaedam
1510 1421 1842 1502 singulares
1918 1424 1975 1482 in
2053 1422 2418 1501 marginibus
2492 1422 2840 1505 adscriptae,

547 1549 899 1610 quamquam
958 1548 1061 1589 eae
1110 1529 1342 1589 diverso
1399 1538 1667 1609 tempore
1716 1532 1971 1609 scriptae
2020 1539 2176 1611 sunt,
2224 1548 2419 1608 neque
2466 1532 2528 1589 in
2567 1530 2841 1591 omnibus

547 1639 687 1716 quid
738 1636 850 1697 sibi
897 1636 1080 1697 velint
1121 1644 1285 1697 certo
1326 1645 1586 1716 apparet.
1681 1639 1743 1695 in
1781 1639 1968 1716 prima
2011 1639 2306 1715 scriptura
2347 1635 2531 1697 multa
2573 1647 2839 1699 correcta

547 1752 714 1826 sunt,
762 1764 793 1804 e
843 1743 1060 1823 quibus
1111 1743 1399 1823 quaedam
1446 1743 1602 1803 haud
1654 1743 1831 1803 dubie
1881 1743 2070 1805 eidem
2117 1743 2378 1825 librario,
2427 1746 2528 1822 qui
2578 1745 2839 1805 codicem

547 1854 895 1931 scripserat,
971 1851 1290 1911 tribuenda
1368 1859 1524 1911 sunt.
1647 1854 1698 1911 is
1773 1853 1930 1911 enim
2007 1869 2241 1911 errores
2316 1853 2375 1910 in
2452 1851 2841 1912 describendo

547 1961 894 2020 commissos
952 1977 1126 2037 saepe
1182 1961 1310 2037 ipse
1378 1961 1669 2039 correxit,
1727 1959 1955 2019 litteras
2001 1958 2093 2019 vel
2139 1958 2315 2019 verba
2366 1977 2516 2038 quae
2564 1961 2846 2020 omiserat

545 2074 647 2127 aut
719 2067 1144 2145 superscripsit
1217 2073 1320 2125 aut
1390 2067 1450 2124 in
1520 2067 1782 2144 margine
1849 2058 2108 2126 addidit.
2200 2064 2268 2124 ad
2339 2064 2513 2146 haec,
2588 2086 2841 2146 quorum

546 2191 792 2252 magnus
839 2181 932 2232 est
978 2190 1283 2251 numeruS,
1334 2172 1625 2232 accedunt
1672 2172 1779 2232 alia
1830 2174 1954 2251 ipsa
1995 2190 2231 2251 quoque
2271 2175 2512 2251 antiquo
2551 2182 2839 2256 tempore,

543 2281 647 2341 sed
695 2279 932 2359 paulum
983 2279 1213 2339 diverso
1263 2279 1454 2358 modo,
1507 2286 1574 2338 ut
1622 2278 1874 2358 videtur,
1922 2280 2159 2358 scripta,
2207 2278 2279 2338 de
2320 2280 2539 2358 quibus
2578 2281 2835 2342 dubitari

544 2394 761 2466 potest,
808 2394 1011 2446 utrum
1058 2388 1181 2465 ipsa
1233 2403 1476 2464 quoque
1524 2384 1597 2444 ab
1638 2384 1844 2444 eodem
1886 2387 2196 2465 scriptore,
2245 2388 2350 2465 qui
2387 2395 2590 2465 postea
2630 2388 2840 2449 collato

545 2496 864 2574 archetypo
924 2494 1326 2575 apographum
1385 2496 1673 2574 correxit,
1729 2511 1803 2553 an
1851 2493 1923 2553 ab
1972 2493 2084 2553 alio
2134 2496 2353 2575 scripta
2402 2497 2539 2555 sint.
2631 2495 2702 2555 ab
2749 2496 2841 2556 his

543 2605 716 2684 plane
772 2604 1002 2664 diversa
1060 2610 1200 2663 sunt
1255 2602 1391 2683 alia,
1466 2620 1615 2681 quae
1673 2600 1857 2662 multo
1918 2604 2251 2662 recentiore
2310 2612 2575 2684 tempore
2631 2603 2724 2664 vel
2779 2607 2838 2664 in

545 2714 693 2791 ipsis
725 2729 729 2733 ·
760 2709 956 2770 verbis
1023 2717 1290 2770 correcta
1347 2708 1438 2768 vel
1496 2710 1558 2768 in
1618 2707 1984 2787 marginibus
2043 2709 2338 2788 adscripta
2398 2720 2564 2785 sunt,
2633 2713 2838 2790 quinto

545 2819 776 2879 decimo
835 2816 1069 2878 saeculo
1128 2834 1246 2875 non
1301 2817 1653 2894 antiquiora.
1752 2834 1899 2875 usus
1958 2824 2048 2876 est
2104 2816 2216 2876 hoc
2274 2817 2477 2878 codice
2534 2818 2840 2879 Mercerus

541 2929 602 2986 in
640 2927 797 2985 notis
836 2924 907 2984 ad
945 2922 1204 2983 Nonium
1244 2941 1304 3001 p.
1344 2919 1446 2983 61.
1488 2919 1592 2983 62.
1632 2919 1782 2983 302.
1824 2919 1995 2983 1103
2035 2930 2095 2983 et
2133 2924 2191 2981 in
2223 2921 2359 2983 Tac.
2399 2924 2587 2984 annal.
2627 2939 2704 2984 111
2732 2921 2838 2985 42.

543 3043 746 3113 postea
780 3031 1081 3092 Gesnerus
1120 3037 1181 3089 et
1212 3029 1614 3090 Schneiderus
1654 3029 1863 3089 eodem
1901 3032 1993 3089 usi
2035 3038 2190 3110 sunt,
2230 3047 2260 3089 e
2292 3030 2509 3109 quibus
2539 3030 2840 3092 Gesnerus

547 3140 919 3201 collationem
968 3157 1000 3197 a
1038 3137 1351 3197 Theodoro
1391 3136 1615 3216 Ryckio
1656 3138 1888 3218 factam,
1936 3144 2004 3196 ut
2041 3138 2121 3196 ait
2157 3137 2341 3213 praef.
2379 3157 2434 3216 p.
2474 3153 2591 3220 vn,
2636 3138 2842 3198 habuit

547 3246 950 3307 Schneiderus
999 3244 1264 3304 codicem
1315 3262 1449 3304 cum
1500 3244 1760 3304 editione
1809 3241 2206 3303 Comeliniana
2253 3241 2325 3303 ab
2372 3243 2589 3305 Ioanne
2639 3244 2838 3305 Fride·

541 3358 666 3415 rico
714 3354 1009 3413 Gronovio
1059 3349 1337 3412 collatum
1388 3369 1454 3411 se
1510 3349 1791 3411 habuisse
1841 3349 2051 3411 scribit
2087 3351 2272 3429 praef.
2310 3371 2365 3431 p.
2406 3366 2499 3412 IX.
2539 3352 2639 3412 sed
2679 3329 2838 3412 uterss

546 3481 660 3541 que
707 3477 893 3539 pauca
942 3478 1012 3519 ex
1060 3478 1130 3519 eo
1177 3458 1492 3519 adnotavit.

720 3566 952 3628 Codex
990 3565 1079 3626 La
1101 3567 1541 3625 urentianus
1571 3562 1676 3645 30,
1711 3563 1793 3626 10
1821 3568 1881 3625 in
1911 3566 2271 3626 membranis
2302 3566 2523 3627 formae
2555 3570 2841 3628 maximae

545 3683 756 3756 quarto
805 3673 1034 3733 decimo
1074 3671 1310 3732 saeculo
1349 3675 1611 3751 scriptus
1649 3681 1782 3752 post
1819 3672 2070 3734 Vitruvii
2107 3672 2179 3732 de
2219 3672 2618 3735 architectura
2655 3674 2840 3735 libros

543 3783 721 3844 habet
774 3781 883 3840 hos
931 3779 1172 3840 Catonis
1229 3787 1289 3839 et
1336 3778 1617 3840 Varronis
1678 3779 1875 3840 libros,
1971 3782 2216 3860 paginae
2274 3780 2542 3841 bifariam
2600 3782 2840 3862 divisae,

545 3893 839 3969 scriptura
887 3886 1123 3965 elegans
1162 3885 1378 3946 litteris
1417 3890 1579 3947 vario
1621 3887 1794 3947 modo
1834 3889 1892 3946 in
1933 3895 2247 3967 utramque
2287 3906 2568 3949 versuum
2608 3896 2838 3966 partem

542 3999 711 4058 flexis
757 4003 819 4056 et
865 3995 1183 4075 exornatiS,
1230 3993 1431 4054 multis
1480 3997 1659 4055 etiam
1706 3996 1994 4055 inauratis
2042 4003 2102 4055 et
2148 3997 2341 4075 pictiS‚
2390 4014 2460 4055 ex
2510 4013 2580 4055 eo
2619 4013 2837 4073 genere

545 4112 662 4186 est,
730 4102 887 4182 quod
951 4101 1225 4180 gallicum
1293 4104 1596 4163 cursivum
1657 4102 1793 4161 olim
1851 4102 1965 4161 dici
2034 4101 2275 4163 solebat.
2382 4101 2621 4161 Catonis
2686 4100 2840 4160 liber

544 4213 733 4291 prima
783 4208 997 4269 scheda
1046 4208 1272 4269 abscisa
1322 4208 1628 4270 mutilatus
1664 4210 1875 4288 incipit
1912 4228 1962 4270 c.
2000 4206 2060 4290 3,
2107 4208 2148 4270 2
2188 4212 2483 4271 oleariam
2521 4212 2840 4270 uinariam

545 4321 708 4379 dolia
763 4319 967 4376 multa.
1062 4314 1343 4376 Varronis
1400 4311 1563 4375 liber'
1598 4318 1827 4395 primus
1876 4324 1936 4376 et
1982 4317 2198 4376 tertius
2246 4318 2373 4376 sine
2422 4317 2838 4396 praescriptio-

547 4425 723 4485 nibus
763 4424 990 4503 scripti‚
1037 4425 1097 4482 in
1139 4425 1313 4483 tertio
1356 4425 1531 4482 etiam
1572 4422 1933 4502 subscriptio
1975 4425 2190 4483 omissa
2231 4431 2337 4503 est,
2390 4427 2570 4484 totius
2607 4441 2840 4485 omnem

546 4539 907 4595 consecutus
934 4563 1008 4572 -
1036 4535 1294 4608 exposui
1319 4532 1553 4592 habeto.
1604 4531 1895 4607 Explicit.
1941 4540 2079 4610 post
2108 4533 2368 4610 primum
2402 4539 2599 4591 autem
2622 4539 2682 4591 et
2701 4539 2837 4591 ante
