3178 5185
917 416 1177 470 RERVM
1213 415 1694 470 RVSTICARVM
1730 416 1865 471 LIB.
1904 416 1957 470 II
1998 416 2031 471 7
2489 407 2612 473 193

336 577 581 646 partum
645 589 785 631 cum
848 574 1145 632 matribus
1211 576 1271 632 in
1331 575 1621 649 pabulum
1676 576 2151 650 prodiyendum,
2216 594 2292 636 ne
2352 578 2613 649 unyulas

337 685 580 738 teneras
629 680 934 738 conburat
977 686 1230 739 stercus.
1321 678 1457 739 inde
1505 698 1534 738 a
1584 679 1810 740 decimo
1861 681 1954 741 die
2011 689 2142 761 post
2191 690 2422 760 partum
2469 680 2615 760 pulli

335 802 466 843 cum
518 784 813 845 matribus
860 787 919 844 in
969 804 1183 864 pascua
1229 785 1578 866 prodigendi
1626 794 1790 868 sunt,
1848 807 1922 847 ne
1980 796 2211 849 stercus
2258 790 2319 848 in
2368 787 2641 869 stabulis·

334 889 582 970 ungulas
636 910 842 951 eorum
900 892 1225 953 comburat.
1299 892 1537 952 brevius
1585 893 1658 953 de
1715 893 1918 954 eadem
1975 913 2039 955 re
2094 897 2397 973 praecepit
2443 894 2611 954 Colu-

336 997 502 1058 mella
546 998 616 1057 vl
655 996 760 1079 27,
795 996 875 1059 12
915 1003 1213 1075 paulatim
1263 1003 1483 1061 deinde
1521 1004 1958 1077 producendus
1995 1005 2116 1062 erit
2147 1005 2613 1078 providendum-

332 1124 448 1181 que
493 1125 571 1166 ne
613 1112 887 1167 stercore
932 1110 1193 1182 unqulas
1240 1109 1485 1168 adurat.

510 1212 772 1291 Edent]
815 1215 1021 1274 Edunt
1056 1213 1298 1295 Merula,
1335 1217 1503 1275 edint
1539 1213 1818 1275 Heinsius
1857 1217 1915 1275 in
1957 1214 2125 1296 Verg.
2167 1218 2309 1278 Aen.
2338 1214 2612 1278 x11801.

336 1321 520 1381 futuri
567 1322 854 1399 temporis
903 1339 1047 1381 usus
1095 1339 1268 1400 quam
1318 1321 1432 1382 late
1480 1329 1679 1400 pateat
1725 1324 1785 1381 in
1832 1326 2190 1404 praeceptiS,
2246 1344 2317 1384 ex
2376 1324 2466 1384 his
2515 1342 2610 1402 ap-

335 1427 565 1505 parebit
611 1427 913 1506 exempliS,
964 1427 988 1487 I
1035 1425 1129 1507 12,
1176 1425 1207 1487 1
1259 1436 1476 1489 contra
1525 1435 1728 1490 ventos
1765 1433 1872 1504 qui
1914 1433 2307 1492 saluberrimi
2352 1435 2412 1492 in
2461 1449 2614 1506 aqro

330 1537 585 1615 flabunt,
631 1534 709 1596 ib.
748 1533 789 1595 2
835 1538 1010 1610 siqua
1058 1543 1240 1596 erunt
1283 1539 1419 1597 loca
1459 1540 1788 1612 palustria,
1843 1535 1938 1618 17,
1971 1535 2010 1598 6
2048 1543 2157 1614 qui
2192 1540 2614 1616 praestabunt,

339 1639 433 1723 19,
462 1640 504 1704 3
553 1661 711 1717 quae
759 1645 903 1716 aori
946 1644 1188 1702 colendi
1223 1660 1413 1703 causa
1451 1650 1652 1723 erunt,
1698 1641 1802 1723 22,
1836 1641 1868 1703 1
1911 1662 2069 1718 quae
2105 1648 2282 1705 nasci
2310 1652 2614 1721 poterunt,

334 1746 433 1829 31,
463 1745 507 1810 5
551 1754 608 1810 si
644 1755 833 1826 prata
883 1752 1125 1824 irriyua
1171 1751 1447 1824 habebiS,
1505 1748 1580 1809 ib.
1629 1768 1788 1825 quae
1843 1754 2024 1811 insita
2073 1759 2277 1827 erunt,
2333 1748 2448 1832 45,
2477 1749 2518 1811 2
2564 1755 2618 1811 si

334 1860 465 1917 loca
514 1864 698 1917 erunt
734 1855 1098 1931 friqidiora‚
1156 1856 1233 1916 ib.
1280 1860 1336 1917 si
1387 1864 1568 1917 erunt
1625 1860 1844 1918 imbres
1887 1862 2105 1932 secuti,
2159 1857 2243 1920 47
2294 1867 2354 1920 et
2407 1878 2615 1925 eorum

332 1967 605 2024 molliora
652 1972 834 2025 erunt
877 1971 1105 2025 natura
1172 1967 1522 2039 cacumina,
1571 1961 1676 2044 54,
1709 1965 1742 2026 1
1803 1983 1921 2025 uva
1980 1985 2115 2026 cum
2176 1971 2296 2027 erit
2352 1975 2614 2040 matura,

334 2069 404 2131 ib.
444 2068 485 2131 2
535 2089 695 2145 quae
752 2075 1033 2132 calcatae
1086 2090 1242 2132 uvae
1297 2077 1503 2151 erunt,
1566 2067 1678 2151 55,
1713 2069 1753 2131 2
1814 2090 1972 2146 quae
2026 2091 2209 2133 manu
2265 2077 2439 2148 tanqi
2493 2092 2613 2135 non

325 2186 638 2258 poterunt,
694 2178 770 2240 ib.
819 2183 928 2253 qui
979 2183 1235 2254 quatiet,
1294 2178 1346 2238 ΙΙ
1387 2175 1443 2260 7,
1477 2177 1558 2239 14
1605 2183 1661 2239 si
1696 2178 1904 2255 friqus
1964 2184 2106 2253 erit,
2167 2176 2349 2261 1119,
2381 2177 2420 2241 8
2477 2199 2613 2241 cum

326 2288 695 2361 parturient,
734 2284 809 2346 ib.
846 2282 927 2345 15
957 2304 1092 2346 cum
1123 2290 1243 2346 iam
1275 2290 1500 2362 pinnas
1536 2288 1858 2367 habebunt,
1906 2283 1999 2365 16,
2029 2282 2115 2348 35
2150 2304 2307 2360 quae
2336 2289 2614 2349 crebrius

334 2395 490 2452 inter
536 2411 603 2452 se
641 2395 1019 2468 puynabunt.

509 2496 596 2559 14
659 2498 755 2558 Ab
822 2499 1196 2559 undecimo
1264 2499 1375 2559 die
1443 2517 1668 2578 usque
1738 2499 1817 2560 ad
1877 2509 2208 2579 quartum
2265 2499 2635 2560 decimum>

330 2606 632 2667 dandum
700 2606 1043 2666 hordeum
1092 2607 1394 2667 cottidie
1450 2606 1887 2667 adicientem
1934 2606 2378 2684 minutatim]
2451 2609 2612 2669 Adii-

330 2717 546 2774 ciendo
612 2731 684 2773 ex
749 2715 1018 2792 principe
1086 2712 1341 2773 editione
1412 2712 1581 2793 vulgo
1639 2723 1945 2792 receptum
2010 2723 2161 2793 erat,
2228 2719 2613 2780 adiicientem

336 2818 737 2882 Schneiderus
768 2822 1045 2881 restituit.
1120 2820 1192 2879 de
1230 2823 1565 2881 accusativo
1605 2823 1900 2901 participii
1930 2831 2063 2901 post
2100 2823 2387 2899 gerundia
2419 2825 2610 2901 posito

332 2927 450 2987 dixi
507 2926 531 2985 Ι
570 2924 686 3007 23,
726 2923 784 2987 3.
877 2926 1088 2986 deinde
1145 2931 1308 3001 quod
1359 2930 1591 2989 decimo
1647 2935 1867 3002 quarto
1930 2932 2028 2988 die
2077 2928 2306 3004 feceris
2361 2933 2614 2991 coniecit

334 3033 604 3113 UrsinuS,
652 3033 808 3112 quod
859 3032 1261 3094 Schneiderus
1307 3034 1592 3112 probavit.

508 3140 604 3200 Ab
652 3159 731 3200 eo
782 3148 1099 3218 tempore
1146 3140 1615 3201 mediocriter
1653 3140 2143 3219 extriendnm]
2185 3145 2613 3206 Exercendum

334 3245 574 3307 Merula.
667 3265 963 3308 emercere
1009 3248 1081 3308 de
1129 3247 1328 3308 labore
1384 3266 1674 3326 equorum
1724 3248 1881 3309 ‘dixit
1927 3247 2243 3310 Columella
2287 3249 2357 3309 Vl
2394 3249 2497 3332 27,
2535 3251 2608 3313 11

330 3373 521 3428 neque
576 3372 759 3430 opere
813 3372 1007 3429 neque
1065 3373 1252 3415 cursu
1309 3363 1748 3431 exerceantur,
1814 3358 1957 3416 item
2021 3355 2095 3416 de
2150 3375 2366 3435 pecore
2429 3357 2611 3419 Varro

335 3459 384 3519 Π
424 3459 478 3541 1,
519 3458 604 3522 22
655 3469 913 3537 propter
971 3465 1218 3523 nimium
1265 3463 1532 3522 laborem
1592 3470 1700 3523 aut
1753 3470 1970 3523 contra
2026 3467 2254 3525 nullam
2309 3469 2611 3527 exercita·

331 3572 549 3629 tionem
596 3575 705 3628 aut
748 3572 819 3649 si,
866 3587 1002 3629 cum
1049 3573 1423 3643 exercueris,
1469 3573 1672 3629 statim
1717 3573 1850 3630 sine
1895 3573 2212 3634 intervallo
2260 3575 2458 3633 cibum
2507 3581 2617 3633 aut

325 3679 626 3750 potionem
673 3677 931 3736 dederis.
1009 3663 1532 3754 ineptum'autem
1591 3684 1685 3736 est
1739 3676 1896 3754 quod
1947 3676 2266 3738 Salmasius
2321 3681 2382 3739 in
2431 3678 2611 3740 Solin.

331 3798 383 3858 p.
420 3778 510 3842 40
558 3783 813 3842 coniecit
857 3785 1258 3856 striqandum.
1360 3781 1364 3787 ’

510 3883 595 3948 15
659 3886 879 3967 Equis
927 3888 1110 3967 quod
1158 3888 1286 3961 alii
1340 3897 1507 3949 sunt
1553 3889 1631 3949 ad
1692 3907 1838 3950 rem
1890 3890 2269 3950 militarem
2325 3889 2610 3967 idonei]

333 3995 493 4069 Equi
536 4013 608 4054 ex
656 3993 858 4054 codice
909 4013 964 4054 m
1016 3994 1314 4056 Iucundus
1371 3995 1548 4057 dedit.
1629 4016 1663 4057 e
1718 4001 1852 4071 quis
1899 3997 2194 4057 Victorius
2253 3999 2508 4057 coniecit
2555 4007 2615 4058 et

332 4103 414 4162 sic
462 4120 638 4182 saepe
699 4101 862 4181 loqui
913 4101 1232 4162 Varronem
1292 4103 1616 4164 adnotavit:
1674 4103 1947 4164 similiter
2004 4104 2228 4164 dictum
2285 4123 2318 4164 e
2363 4108 2497 4179 quis
2552 4107 2610 4165 in

335 4208 422 4268 his
469 4208 637 4270 libris
685 4208 900 4287 legitur
948 4208 999 4268 ΙΙ
1045 4209 1096 4290 1,
1129 4206 1216 4270 20
1262 4229 1296 4270 e
1352 4214 1486 4285 quis
1533 4214 1642 4285 qui
1678 4214 1830 4287 puri
1872 4218 2038 4284 sunt,
2098 4210 2121 4269 1
2158 4206 2217 4292 5,
2247 4207 2305 4271 3.
2353 4211 2377 4270 I
2422 4210 2520 4292 16,
2552 4210 2612 4273 2.

334 4313 409 4374 111
449 4313 504 4397 1,
534 4314 593 4377 9.
668 4316 804 4377 hinc
842 4316 981 4377 olim
1021 4316 1263 4378 Victorii
1304 4320 1711 4380 coniecturam
1750 4318 2022 4399 probavi3
2060 4322 2387 4379 sententiae
2429 4322 2611 4400 magis

335 4425 645 4483 convenire
712 4424 944 4484 videtur
1009 4428 1172 4500 equi,
1240 4425 1397 4504 quod
1464 4426 1602 4486 inde
1671 4426 1743 4486 ab
1809 4426 2015 4486 Aldina
2082 4426 2340 4486 editione
2411 4445 2612 4507 recep-

336 4538 456 4592 tum
503 4539 645 4594 erat.

438 4642 588 4682 VABR.
619 4652 724 4680 mm.
753 4652 884 4681 Bvsv.
941 4643 1002 4681 11.
2121 4639 2185 4686 13
