3178 5185
780 423 1041 478 RERVM
1079 422 1559 479 RVSTICARVM
1597 424 1732 478 LIB.
1770 424 1852 477 ΠΙ
1894 416 2148 480 11—12
2491 414 2624 479 275

338 575 474 637 dera
534 595 591 655 p.
632 572 779 637 454.
873 595 1007 637 nam
1064 596 1257 657 neque
1314 597 1344 638 a
1402 577 1720 639 Columella
1779 581 1841 639 in
1895 577 2131 657 pabulo.
2167 576 2427 638 a'natium
2477 595 2622 638 uvae

338 682 728 764 appellantur,
777 702 969 762 neque
1019 682 1341 745 Varronem
1386 685 1499 746 hoc
1545 688 1920 765 praecepisse
1961 683 2324 746 credendum
2372 691 2480 766 est,
2519 683 2621 744 sed

334 789 406 851 de
454 789 673 869 pabulo
720 808 1041 868 porcorum
1090 790 1142 850 11
1177 788 1239 873 4,
1281 789 1364 853 10
1404 795 1623 870 scripta
1672 801 1812 853 sunt
1847 792 2011 874 haec,
2050 794 2197 853 dari
2229 794 2422 852 solent
2455 794 2620 851 vina-

332 915 445 957 cea
494 915 572 958 ac
617 900 790 975 scopi
833 916 913 958 ex
959 902 1107 958 uvis.

510 1018 555 1082 4
617 1021 705 1083 Et
752 1024 857 1083 sic
902 1023 1261 1102 pascendo
1311 1024 1501 1084 fiunt
1545 1022 1885 1103 pingues]
1927 1025 2054 1085 Sed
2085 1027 2177 1085 sic
2215 1023 2518 1083 Iucundus
2564 1031 2622 1082 et

334 1128 548 1189 deinde
596 1128 812 1208 reliqui
860 1129 1137 1191 editores,

508 1260 615 1313 XII
656 1250 689 1313 1
761 1255 1119 1314 Percontati
1160 1252 1414 1331 plurima
1462 1253 1815 1334 apographa,
1863 1257 2255 1330 perconctati
2295 1252 2622 1314 Politianus

329 1363 529 1420 miuus
577 1368 870 1442 accurate,
930 1368 994 1420 ut
1039 1360 1301 1442 videtur,
1364 1369 1633 1421 correcta
1691 1359 1945 1420 lectione
2002 1360 2289 1437 principis
2348 1360 2622 1420 editionis

325 1471 738 1545 percunctati.

515 1583 826 1654 Quintus
876 1580 1151 1642 fuluius
1204 1580 1527 1661 lippinus
1584 1581 1859 1644 dicitur
1914 1580 2179 1642 habere
2227 1583 2297 1642 in
2345 1584 2621 1661 tarqui-

330 1692 576 1751 niensi
631 1698 833 1767 septa
890 1690 1140 1767 iugera
1198 1668 1710 1768 quadraginta]
1778 1690 2036 1761 Quintus
2091 1691 2340 1750 Fulvius
2385 1692 2622 1766 lepora-

329 1801 490 1858 rium
539 1800 769 1857 dicitur
815 1797 1045 1857 habere
1093 1799 1154 1856 in
1202 1797 1633 1872 Tarquiniensi
1670 1803 1902 1872 septum
1941 1798 2220 1870 iuqerum
2257 1795 2371 1854 XL
2409 1793 2622 1855 Iucun-

330 1903 460 1965 dus.
535 1903 841 1983 archetypi
879 1902 1194 1963 lectionem
1226 1901 1523 1962 Victorius
1560 1904 1844 1962 restituit.
1919 1902 2192 1980 Lupinus
2223 1899 2623 1961 Schneiderus

330 2029 401 2071 ex
441 2012 714 2091 principe
754 2008 1011 2070 editione
1052 2012 1296 2086 recepit.
1372 2008 1621 2069 eandem
1672 2027 1799 2068 rem
1839 2015 2040 2068 narrat
2076 2007 2304 2068 Plinius
2335 2004 2619 2068 V111211

329 2121 570 2178 vivaria
637 2119 854 2177 horum
909 2122 1371 2190 ceterorumque
1425 2118 1791 2176 silvestrium
1836 2117 2077 2192 primus
2133 2116 2328 2188 toqati
2376 2117 2623 2187 qeneris

331 2227 561 2284 invenit
605 2225 854 2284 Fulvius
890 2222 1204 2299 Lippinus.
1274 2224 1336 2282 in
1382 2222 1812 2296 Tarquiniensi
1839 2220 2015 2297 feras
2045 2237 2309 2297 pascere
2347 2221 2621 2293 instituit,

328 2348 441 2390 nec
471 2332 577 2391 diu
607 2332 940 2389 imitatores
969 2327 1251 2404 defecere
1279 2327 1347 2389 L.
1376 2328 1669 2389 Lucullus
1697 2335 1757 2388 et
1793 2329 1856 2400 Q.
1887 2328 2248 2388 Hortensius
2278 2334 2337 2386 et
2375 2324 2456 2384 IX
2492 2322 2616 2387 173

330 2440 678 2498 coclearum
741 2437 981 2495 vivaria
1046 2437 1308 2495 instituit
1370 2436 1618 2496 Fulvius
1684 2434 1980 2512 Lippinus
2056 2436 2119 2493 in
2191 2433 2626 2508 Tarquiniensi

321 2547 511 2621 paulo
558 2550 700 2605 ante
749 2545 926 2604 civile
972 2543 1206 2624 bellum,
1252 2544 1417 2618 quod
1460 2560 1597 2605 cum
1647 2544 1943 2619 Pompeio
1967 2540 2198 2617 Maqno
2240 2547 2476 2616 qestum
2517 2546 2620 2601 est.
2672 2590 2680 2599 .

507 2667 549 2730 2
602 2668 675 2728 In
715 2667 930 2748 gallia
976 2686 1149 2742 uero
1200 2666 1646 2747 transalpina
1696 2666 1760 2729 T.
1798 2664 2210 2745 pompeius]
2251 2664 2440 2727 Valer.
2472 2664 2620 2725 Max.

205 2834 217 2846 ,
330 2774 430 2834 Vll
469 2771 527 2855 8,
564 2771 609 2835 4
656 2778 795 2835 item
843 2776 1161 2850 Pompeius
1208 2774 1493 2854 Beqinm,
1540 2776 1637 2833 vir
1683 2776 2104 2850 transalpinae
2145 2776 2438 2853 remonis,
2484 2790 2621 2834 cum

332 2888 681 2943 testamento
704 2879 930 2956 fratris
952 2883 1333 2957 praeteritus
1372 2886 1524 2941 esset
1552 2912 1657 2961 —‚
1697 2883 1935 2941 cineres
1966 2878 2193 2955 fratris
2223 2882 2454 2954 quietos
2492 2897 2621 2939 esse

323 3007 544 3066 passus
592 2993 695 3048 est.
788 2986 858 3046 ad
915 2986 1074 3048 hunc
1131 2986 1443 3047 referenda
1501 3004 1633 3047 esse
1691 3003 1842 3065 quae
1889 2984 2072 3045 Varro
2129 2993 2332 3045 narrat
2376 2984 2621 3046 Colerus

329 3097 389 3156 in
437 3094 626 3154 Valer.
664 3093 811 3154 Max.
849 3093 885 3154 l.
926 3112 975 3154 c.
1015 3093 1329 3154 adnotavit.

507 3216 548 3280 3
617 3219 929 3280 Interdius
985 3220 1046 3278 in
1107 3237 1225 3279 uno
1284 3217 1487 3278 codice
1537 3218 1582 3277 Α
1632 3219 1922 3296 scriptum
1986 3224 2103 3292 est,
2164 3216 2267 3277 sed
2326 3225 2619 3296 expuncta

326 3325 527 3387 littera
565 3344 611 3400 s,
660 3333 720 3385 et
764 3327 848 3387 ita
894 3327 956 3385 in
1001 3326 1132 3403 ipso
1182 3324 1499 3404 archetypo
1548 3324 1733 3384 fuisse
1781 3324 2036 3406 videtur,
2084 3326 2352 3385 interdiu
2390 3323 2617 3402 reliqua

329 3430 681 3512 apographa.

504 3553 549 3617 4
615 3555 887 3617 Paucos
934 3558 993 3617 si
1040 3556 1329 3635 lepores
1376 3575 1610 3617 mares
1656 3565 1734 3616 ut
1781 3557 2082 3616 feminas
2127 3555 2622 3615 intromiserit

327 3663 542 3725 breui
587 3673 910 3742 tempore
949 3664 1102 3723 fore
1140 3671 1216 3724 ut
1252 3662 1676 3743 impleatur]
1720 3664 1933 3724 Mares
1970 3666 2034 3723 in
2064 3661 2367 3738 foeminas
2405 3661 2617 3722 lucun-

333 3771 470 3852 duS,
536 3788 739 3830 mares
802 3778 862 3831 et
918 3769 1183 3846 feminas
1239 3769 1677 3849 Schoettgenus
1743 3770 1897 3848 apud
1955 3768 2284 3829 Gesnerum
2350 3771 2618 3829 coniecit.

328 3896 531 3939 mares
579 3895 657 3937 ac
698 3876 963 3953 feminas
1009 3880 1240 3957 scripsi.
1331 3895 1466 3937 nam
1525 3875 1761 3956 lepores
1817 3878 2297 3937 intromittuntur
2353 3876 2414 3934 in
2461 3873 2618 3955 lepo-

329 3986 554 4044 rarium
602 3990 662 4043 et
708 4001 902 4044 mares
950 3990 1011 4044 et
1056 3985 1334 4044 feminae.

510 4098 867 4169 Quattuor
913 4099 1117 4160 modo
1159 4103 1341 4160 enim
1380 4099 1790 4159 intromisit
1827 4099 1896 4157 in
1936 4096 2373 4176 leporarium
2409 4095 2618 4157 breui

329 4206 516 4268 solet
554 4204 867 4285 repleri]
907 4208 1209 4279 Quattuor
1237 4210 1393 4268 enim
1431 4208 1605 4268 modo
1647 4206 2004 4265 intromissis
2032 4201 2257 4277 Merula
2286 4211 2346 4264 et
2376 4202 2618 4264 Schnei-

329 4313 538 4396 deruS‚
598 4318 864 4387 quatuor
918 4317 1076 4373 enim
1132 4317 1306 4375 modo
1361 4317 1417 4374 si
1470 4314 1874 4373 intromiseris
1929 4309 2246 4370 iucundus,
2329 4317 2619 4387 quattuor

326 4422 501 4481 modo
550 4422 707 4480 enim
755 4422 1152 4480 intromiserit
1198 4421 1427 4501 scripsi,
1482 4418 1538 4478 h.
1582 4438 1633 4479 e.
1682 4420 1732 4477 si
1789 4415 1964 4477 modo
2024 4422 2304 4495 quattuor
2348 4418 2616 4477 intromi-

327 4528 491 4587 serit.
566 4528 724 4587 enim
772 4526 949 4585 tertio
986 4524 1118 4585 loco
1154 4526 1419 4605 positum
1455 4524 1673 4604 legitur
1711 4523 1737 4584 1
1781 4521 1880 4606 18,
1914 4521 1949 4584 7
1993 4526 2214 4584 bivium
2251 4524 2421 4585 nobis
2460 4526 2617 4585 enim

2086 4621 2194 4679 18*
