3178 5185
569 356 698 419 208
1552 335 1931 410 V'Aussonls

568 530 627 583 et
666 523 915 610 Remum
962 519 1279 583 educavit?
1368 540 1487 582 non
1535 524 1698 600 ipsos
1747 539 1982 601 quoque
2021 521 2205 581 fuisse
2243 529 2512 599 pastores
2550 521 2863 602 obtinebit,

566 629 724 708 quod
771 628 1065 689 Parilibus
1121 631 1495 708 potissimum
1553 628 1873 689 condidere
1929 625 2182 688 urbem‘?
2284 647 2400 688 non
2457 628 2640 708 idem,
2699 630 2861 708 quod

565 736 748 796 multa
814 738 990 796 etiam
1048 754 1207 797 nunc
1264 755 1336 796 ex
1395 743 1595 796 vetere
1653 737 1926 795 instituto
1983 734 2180 795 bubus
2238 743 2297 795 et
2353 733 2562 795 ovibus
2620 735 2862 816 dicitur,

565 853 626 902 et
683 843 838 922 quod
898 861 997 902 aes
1045 843 1522 921 antiquissimum
1570 842 1727 921 quod
1777 850 1869 902 est
1923 842 2127 903 flatum
2174 861 2389 921 pecore
2437 850 2529 902 est
2573 850 2864 923 notatum,

469 950 550 1014 10
570 957 630 1009 et
676 949 832 1029 quod
882 949 1075 1030 urbiS,
1123 968 1257 1010 cum
1307 950 1541 1010 condita
1588 957 1696 1030 est,
1748 957 1917 1014 tauro
1966 957 2027 1009 et
2072 968 2243 1010 vacca
2292 968 2407 1028 qua
2455 957 2655 1010 essent
2701 952 2861 1009 muri

560 1064 620 1116 et
674 1065 879 1135 portae
937 1057 1273 1137 definitum,
1340 1065 1400 1117 et
1457 1057 1643 1137 quod,
1707 1056 1963 1136 populus
2017 1056 2318 1116 Romanus
2374 1075 2509 1117 cum
2566 1056 2859 1118 lustratur

558 1163 1073 1244 suovitaurilibus‚
1156 1166 1645 1242 circumaguntur
1735 1182 1937 1224 verres
2012 1165 2166 1223 aries
2241 1171 2476 1244 tauruS,
2562 1173 2623 1224 et
2695 1165 2858 1243 quod

557 1275 794 1333 nomina
845 1271 1027 1332 multa
1067 1270 1353 1331 habemus
1393 1270 1463 1330 ab
1505 1279 1766 1349 utroque·
1800 1264 2034 1352 pecore‚'
2082 1289 2111 1330 a
2152 1273 2373 1330 maiore
2413 1278 2474 1331 et
2512 1289 2542 1330 a
2579 1267 2858 1331 minore?

556 1398 595 1440 a
633 1382 866 1439 minore
901 1377 1168 1457 PorciuS‚
1214 1377 1479 1456 OviniuS,
1528 1377 1851 1458 Caprilius3
1898 1380 1984 1438 sic
2032 1396 2064 1437 a
2102 1379 2324 1437 maiore
2362 1377 2659 1458 EquitiuS,
2699 1377 2853 1438 Tau-

554 1488 707 1546 rius:
773 1488 1121 1564 cognomina
1186 1485 1585 1563 adsignificari
1651 1485 1807 1564 quod
1874 1484 2184 1567 dicuntur,
2251 1494 2317 1545 ut
2380 1486 2535 1545 Anni
2604 1484 2851 1564 Caprae,
2888 1502 2946 1541 ιο

556 1591 751 1652 Statili
798 1591 1007 1672 Tauri,
1056 1592 1345 1671 Pomponi
1393 1590 1606 1652 vituli:
1657 1593 1742 1651 sic
1791 1611 1821 1652 a
1871 1591 2202 1669 pecudibus
2251 1592 2349 1652 alii
2393 1592 2582 1653 multi.

458 1706 534 1761 11
740 1697 1007 1759 Relicum
1072 1705 1163 1758 est
1228 1697 1300 1757 de
1367 1700 1615 1758 scientia
1679 1697 1987 1777 pastorali,
2054 1699 2127 1758 de
2194 1717 2310 1777 qua
2366 1706 2457 1759 est
2512 1699 2853 1778 dicendum,

552 1804 707 1885 quod
777 1804 981 1866 Scrofa
1048 1812 1280 1885 noster,
1356 1806 1453 1864 cui
1518 1803 1665 1864 haec
1729 1811 1890 1865 aetas
1957 1804 2150 1864 defert
2217 1822 2418 1865 rerum
2486 1808 2854 1866 rusticarum

550 1914 813 1973 omnium
870 1910 1151 1992 palmam,
1209 1930 1325 1990 quo
1382 1910 1596 1971 melius
1654 1917 1877 1991 potest,
1936 1911 2110 1970 dicet.
2203 1911 2352 1971 Cum
2410 1915 2854 1974 convertissent

548 2022 610 2079 in
667 2038 804 2079 eum
861 2037 964 2079 ora
1023 2037 1256 2098 omneS,
1314 2017 1545 2096 Scrofa,
1603 2015 1823 2097 Igitur,
1880 2020 2099 2098 inquit,
2156 2024 2247 2077 est
2304 2020 2549 2078 scientia
2606 2021 2848 2097 pecoris
2882 2034 2938 2075 ιε

547 2126 795 2204 parandi
851 2145 918 2186 ac
973 2126 1284 2205 pascendi,
1340 2134 1406 2185 ut
1461 2124 1695 2184 fructus
1745 2143 1919 2202 quam
1966 2126 2199 2202 possint
2245 2125 2487 2185 maximi
2532 2128 2849 2205 capiantur

547 2252 619 2293 ex
667 2253 754 2313 eo,
802 2252 835 2292 a
882 2233 1100 2312 quibus
1147 2235 1274 2311 ipsa
1321 2233 1572 2310 pecunia
1613 2233 1912 2291 nominata
1950 2240 2056 2291 est.
2152 2250 2284 2291 nam
2325 2233 2518 2292 omnis
2554 2235 2848 2311 pecuniae

452 2346 530 2402 12
553 2360 738 2421 pecus
776 2341 1240 2401 fundamentum.
1332 2356 1398 2398 ea
1437 2346 1637 2417 partes
1675 2338 1854 2398 habet
1890 2357 2120 2419 novem,
2166 2338 2454 2399 discretas
2492 2347 2585 2399 ter
2622 2349 2847 2422 ternas,

545 2456 609 2509 ut
656 2450 734 2507 sit
779 2466 895 2507 una
942 2447 1016 2506 de
1064 2444 1394 2505 minoribus
1440 2445 1788 2525 pecudibuS,
1836 2447 2008 2506 cuius
2053 2463 2271 2523 genera
2308 2447 2438 2523 tria,
2486 2465 2624 2507 oves
2663 2466 2846 2527 capra

545 2574 672 2636 suS‚
730 2554 913 2616 altera
967 2553 1040 2613 de
1088 2570 1303 2631 pecore
1353 2554 1603 2633 maiore,
1661 2555 1721 2613 in
1770 2571 1887 2632 quo
1936 2559 2077 2614 sunt
2122 2555 2266 2614 item
2313 2553 2382 2614 ad
2436 2559 2557 2615 tres
2605 2557 2843 2634 species
2873 2566 2928 2608 20

2923 962 2955 1001 U!

720 2857 746 2904 1
806 2852 1055 2921 pastores
1110 2851 1278 2905 fuisse
1335 2866 1472 2905 corr.
1532 2850 1702 2905 fuisse
1757 2853 2013 2920 pastores
2059 2850 2115 2903 Β
2295 2856 2327 2903 2
2389 2849 2663 2919 parilibus
2723 2850 2840 2906 VA

537 2939 806 3011 palilibus
843 2957 981 2996 corr.
1020 2939 1296 3009 parilibus
1320 2940 1376 2993 Β
1520 2947 1552 2994 3
1593 2939 1790 3011 etiam]
1831 2942 2014 2994 extam
2043 2956 2181 2994 corr.
2214 2939 2386 2993 etiam
2413 2938 2469 2993 Β
2615 2946 2648 2993 4
2674 2941 2841 2994 nota.-

536 3032 655 3086 tum
735 3029 846 3083 VB
925 3032 1263 3097 nontantum
1332 3031 1385 3082 A
1614 3034 1645 3082 5
1719 3028 1873 3083 urbis
1933 3028 2111 3083 PAB
2184 3028 2316 3083 urbs
2381 3045 2475 3083 mv
2690 3045 2838 3096 quae

537 3121 722 3173 essent
756 3119 811 3171 Β
850 3136 958 3192 que
1009 3120 1195 3173 essent
1235 3118 1290 3171 P
1333 3135 1442 3187 que
1491 3120 1680 3172 essent
1725 3134 1863 3172 corr.
1913 3116 2010 3187 qui
2057 3117 2244 3172 essent
2280 3117 2336 3171 A
2382 3117 2480 3185 qui
2518 3120 2702 3172 essent
2736 3136 2836 3172 mv

537 3225 650 3276 qua.
688 3211 875 3261 essent
910 3209 1137 3262 coniecit
1175 3207 1445 3262 Gesnerus
1592 3215 1623 3260 6
1664 3206 1812 3275 quod
1849 3209 1914 3260 in
1948 3207 2197 3276 maryine
2232 3207 2499 3274 scriptum
2535 3207 2599 3260 in
2633 3207 2689 3260 Β

539 3314 667 3350 cum
720 3294 992 3350 lustratur
1030 3297 1324 3350 Iucundus
1369 3314 1495 3349 cum
1542 3295 1874 3349 lustraretur
1919 3294 2094 3348 VAB
2205 3302 2234 3350 7
2285 3294 2742 3349 suouitaurilibus
2782 3296 2842 3349 P

549 3386 826 3440 Victorius
871 3384 1325 3440 suouitaulilibus
1363 3400 1501 3439 corr.
1553 3383 2014 3438 suoui'taurilibus
2050 3384 2105 3436 Β
2153 3382 2568 3438 suouitauribus
2604 3384 2659 3437 A
2698 3384 2835 3439 soli-

537 3474 834 3529 taurilibus
862 3492 894 3529 v
1005 3478 1037 3527 8
1077 3491 1111 3528 a
1138 3474 1351 3528 minore
1392 3474 1548 3528 semel
1573 3476 1838 3542 scriptum
1866 3475 1929 3527 in
1969 3473 2174 3539 VAB,
2214 3475 2297 3528 bis
2315 3475 2506 3542 posuit
2536 3474 2833 3528 Iucundus

635 3606 665 3653 9
696 3600 913 3668 portius
933 3600 988 3653 A
1088 3598 1302 3654 taurins
1327 3599 1443 3652 ΡΑ
1471 3563 1665 3653 tantbs
1686 3598 1742 3651 B
1770 3599 1963 3652 taurus
1994 3615 2025 3651 v
2129 3603 2195 3651 ιο
2234 3596 2615 3667 adsignificari
2648 3598 2831 3652 PAR

535 3687 904 3758 assignificari
952 3705 982 3742 v
1201 3690 1263 3740 ut
1312 3686 1465 3741 anini
1512 3704 1713 3756 caprae
1756 3686 1873 3740 PB
1921 3688 1983 3740 ut
2028 3686 2250 3740 aninica
2299 3702 2400 3755 pre
2437 3686 2490 3739 A
2540 3689 2612 3740 ut·
2654 3685 2830 3740 Annii

535 3794 736 3847 caprae
792 3795 839 3834 v.
917 3776 1108 3830 ‘Vetus
1164 3777 1342 3845 ledia,
1400 3775 1478 3829 Vt
1532 3776 1686 3829 anini
1745 3775 1968 3844 caprae’
2030 3774 2306 3829 Victorius
2523 3781 2584 3828 11
2646 3774 2831 3830 staffili

420 3890 423 3893 ·
531 3866 681 3921 tauri
725 3866 898 3920 VAB
936 3864 1152 3919 Statilii
1188 3863 1357 3918 Tauri
1407 3863 1683 3919 Victorius
1860 3863 2128 3933 pomponi
2184 3863 2351 3917 uituli
2396 3864 2513 3917 Am
2557 3865 2828 3933 pomponi

530 3955 738 4010 uitulos
775 3956 891 4010 PB
928 3953 1218 4025 pomponii
1254 3952 1433 4008 Vituli
1469 3971 1501 4007 v

678 4052 742 4099 12
788 4045 1020 4099 relicum
1058 4044 1237 4098 PAB
1281 4043 1555 4111 reliquum
1594 4060 1642 4096 v.
1718 4042 1799 4097 De
1847 4041 2084 4097 scientia.
2117 4041 2389 4111 pastorali
2425 4041 2483 4095 in
2521 4058 2721 4110 genere
2758 4046 2824 4098 in

529 4137 778 4204 maryine
814 4135 1039 4190 rubrica
1076 4135 1129 4187 A
1275 4133 1345 4186 de
1382 4149 1493 4200 qua
1528 4132 1677 4201 quod
1717 4134 1802 4186 est
1838 4131 2134 4186 dicendum
2182 4132 2419 4186 Ursinus
2565 4134 2632 4183 14
2672 4132 2825 4187 dicet

536 4224 859 4279 Pelisserius
887 4225 1040 4292 apud
1061 4222 1374 4277 Turnebum
1401 4223 1522 4276 adv.
1544 4226 1597 4287 4,
1618 4227 1653 4274 6
1675 4219 1787 4274 dici
1817 4221 1983 4274 VAB
2079 4226 2145 4275 15
2173 4219 2358 4287 inquit
2375 4219 2471 4273 Bv
2493 4218 2684 4287 inquid
2706 4221 2822 4274 PA

640 4319 704 4367 17
736 4329 872 4367 exea
906 4311 1082 4366 VAB
1180 4310 1305 4380 ipsa
1332 4310 1570 4380 pecunia
1598 4310 1718 4364 AB
1746 4311 1868 4379 ipsa
1896 4311 2158 4379 pecuaria
2196 4310 2248 4363 V
2341 4308 2611 4379 pecuniae
2640 4309 2823 4362 PAB

529 4401 825 4470 pecuariae
871 4419 903 4454 v
1052 4405 1117 4453 18
1175 4400 1439 4454 discretas
1476 4400 1573 4452 Bv
1612 4399 1895 4453 deserebas
1937 4399 2053 4453 PA
2099 4405 2148 4453 et
2186 4398 2393 4454 codices
2444 4396 2677 4452 Victorii
2721 4399 2817 4453 ad-

528 4495 636 4545 not.
675 4489 720 4542 Ι
748 4496 847 4558 28,
884 4493 924 4543 2
1083 4494 1148 4543 19
1196 4488 1266 4542 de
1313 4488 1462 4544 mino
1496 4492 1504 4556 Ι
1534 4486 1843 4556 pecudibus
1879 4489 1935 4542 A
2043 4540 2048 4543 Α
2080 4504 2212 4543 oues
2254 4487 2438 4541 PAB
2474 4487 2598 4540 ouis
2635 4504 2669 4542 v
