3178 5185
822 357 1080 413 RERVM
1114 356 1586 413 RVSTIOARVM
1624 357 1759 412 LIB.
1798 359 1820 412 I
1861 355 2100 415 24—27
2491 358 2618 424 165

329 523 636 584 observant
695 531 764 584 ut
822 523 1006 584 ridica
1052 525 1188 583 vitis
1233 524 1306 584 ad
1355 526 1842 603 septemtrionem
1889 543 2095 587 versus
2141 532 2403 606 tegatur3
2459 533 2520 586 et
2565 528 2616 586 si

327 648 640 709 cupressos
698 633 885 711 vivaS,
939 649 1049 709 pro
1105 631 1311 691 ridicis
1369 649 1516 710 quas
1574 633 1873 711 inserunt,
1933 631 2192 692 alternos
2240 632 2480 693 ordines
2525 635 2612 693 in-

322 747 572 818 ponunt,
621 756 818 816 neque
865 755 966 797 eos
1013 754 1286 798 crescere
1334 736 1509 797 altius
1558 755 1735 815 quam
1781 738 1998 798 ridicas
2044 741 2372 819 patiantur,
2419 757 2612 818 neque

320 851 562 924 propter
612 862 716 904 eos
765 851 832 905 ut
878 844 1155 904 adserant
1198 846 1373 925 viteS,
1421 844 1580 923 quod
1629 846 1786 905 inter
1833 863 1896 904 se
1942 844 2088 906 haec
2135 847 2390 907 inimica.

275 963 296 1002 5
489 952 712 1029 Agrius
758 949 1092 1032 Fundanio,
1149 950 1394 1031 Vereor,
1452 953 1671 1032 inquit,
1730 970 1803 1012 ne
1860 961 1994 1012 ante
2055 952 2369 1014 aeditimus
2416 955 2613 1015 veniat

317 1057 453 1137 huc,
523 1075 702 1135 quam
768 1057 867 1118 hic
934 1057 1002 1118 ad
1066 1065 1342 1137 quartum
1404 1065 1617 1119 actum.
1671 1057 2073 1137 ,vindemiam
2130 1060 2285 1120 enim
2344 1069 2609 1140 expecto,

317 1163 473 1224 Bono
522 1166 722 1225 animo
779 1182 872 1244 66,
925 1149 1120 1243 inquit
1167 1163 1404 1245 Scrofa,
1465 1184 1532 1225 ac
1579 1165 1817 1225 fiscinas
1866 1165 2077 1244 expedi
2124 1176 2185 1225 et
2232 1185 2458 1227 urnam.
2552 1176 2611 1229 et
2649 1167 2859 1229 XXVII

319 1273 592 1349 quoniam
640 1278 911 1349 tempora
958 1272 1213 1332 duorum
1262 1288 1548 1349 generum
1597 1278 1761 1352 sunt,
1811 1290 1996 1332 unum
2043 1272 2269 1354 annale,
2317 1274 2475 1352 quod
2524 1275 2611 1335 sol

318 1378 567 1438 circuitu
635 1396 746 1438 suo
811 1378 969 1459 finit,
1035 1377 1286 1439 alterum
1349 1385 1754 1458 menstruum,
1820 1379 1977 1458 quod
2044 1379 2182 1440 luna
2248 1381 2609 1440 circumiens

250 1496 294 1535 1⁰
317 1484 693 1564 conprendit,
757 1487 926 1564 prius
982 1485 1174 1545 dicam
1229 1485 1302 1545 de
1360 1485 1499 1545 sole.
1602 1487 1732 1546 eius
1792 1504 2006 1546 cursus
2064 1485 2290 1547 annalis
2346 1489 2607 1565 primum

230 1609 234 1613 ·
317 1591 434 1650 sere
481 1593 728 1652 circiter
776 1593 963 1652 ternis
1010 1590 1315 1652 mensibus
1362 1591 1432 1652 ad
1482 1591 1716 1652 fructus
1763 1600 1855 1652 est
1897 1593 2121 1653 divisus
2158 1596 2220 1653 in
2258 1608 2364 1654 1111
2403 1597 2607 1673 partiS,

318 1706 373 1757 et
424 1698 582 1758 idem
644 1697 926 1759 subtilius
974 1697 1484 1777 sesquimensibus
1529 1701 1593 1760 in
1641 1714 1768 1761 nx:
1824 1702 1883 1759 in
1932 1714 2063 1778 ΗΠ,
2119 1699 2276 1778 quod
2325 1700 2609 1762 dividitur

316 1805 371 1863 in
414 1823 519 1865 ver
566 1813 627 1866 et
672 1813 959 1867 aestatem
1006 1813 1065 1865 et
1111 1811 1460 1866 autumnum
1509 1812 1569 1865 et
1609 1805 1882 1866 hiemem.
1973 1824 2111 1866 vere
2150 1808 2409 1867 sationes
2448 1815 2656 1887 quae2

318 1911 487 1993 fiunt,
534 1920 756 1973 terram
806 1912 1014 1972 rudem
1061 1912 1449 1990 proscindere
1498 1919 1751 1992 oportet,
1801 1930 1949 1991 quae
1997 1920 2138 1973 sunt
2186 1931 2257 1972 ex
2304 1932 2371 1972 ea
2420 1920 2605 1994 enata,

247 2025 293 2066 1⁵
318 2020 657 2097 priusquam
706 2037 779 2079 ex
824 2021 899 2079 iis
947 2019 1087 2097 quid
1136 2019 1381 2078 seminis
1424 2017 1613 2098 cadat,
1662 2026 1729 2079 ut
1767 2021 1887 2079 sint
1925 2020 2284 2101 exradicata3
2333 2027 2393 2080 et
2430 2021 2606 2081 simul

318 2125 529 2203 glaebis
579 2125 705 2204 [ac]
757 2124 880 2186 sole
927 2125 1338 2204 percalefactis
1386 2128 1647 2204 aptiores
1695 2125 1889 2185 facere
1937 2127 2007 2187 ad
2046 2127 2458 2205 accipiendum
2496 2129 2602 2187 im-

317 2231 472 2292 brem
548 2241 610 2293 et
687 2233 759 2293 ad
827 2251 978 2311 opus
1043 2231 1337 2292 faciliores
1401 2232 1719 2313 relaxatas3
1795 2251 1987 2312 neque
2054 2251 2120 2293 ea
2187 2235 2384 2294 minus
2447 2234 2604 2295 binis

318 2340 617 2421 arandum,
684 2349 779 2401 ter
844 2339 1072 2401 melius,
1172 2346 1393 2399 aestate
1457 2339 1592 2399 fieri
1650 2357 1877 2400 messes
1937 2349 2245 2421 oportere,
2309 2345 2651 2402 autumno3

450 2572 474 2619 1
527 2566 601 2620 ad
650 2563 1087 2635 septentrionem
1126 2581 1179 2619 m
1216 2564 1288 2619 ab
1326 2564 1707 2634 septentrione
1745 2563 1801 2620 A
1839 2582 1873 2620 3
1910 2564 2293 2636 septentrione
2342 2566 2460 2622 VB

314 2655 528 2724 tegatur
573 2654 688 2709 VB
732 2656 964 2725 tegatur
1011 2670 1148 2709 corr.
1197 2655 1405 2724 figatur
1440 2656 1624 2709 eadem
1661 2671 1832 2709 manu
1866 2661 1929 2709 ut
1964 2657 2180 2710 videtur
2216 2656 2272 2711 A
2307 2657 2513 2726 figatur
2548 2676 2600 2713 m

444 2749 475 2796 2
523 2741 808 2813 inponunt
843 2742 899 2798 A
944 2741 1244 2812 imponunt
1291 2743 1405 2797 VB
1549 2750 1582 2798 3
1630 2760 1812 2812 neque
1862 2760 1956 2798 eos
1994 2744 2171 2799 PAB
2213 2762 2396 2815 neque
2434 2763 2528 2801 eas
2566 2765 2599 2802 v

444 2849 624 2901 neque
662 2834 892 2902 propter
928 2848 1023 2886 eos
1055 2833 1119 2886 ut
1146 2832 1413 2886 adserunt
1436 2833 1492 2886 P
1515 2849 1696 2902 neque
1726 2836 1956 2902 propter
1985 2849 2079 2888 eos
2108 2837 2173 2889 ut
2202 2836 2458 2889 asserunt
2477 2836 2598 2889 AB

311 2937 482 2990 neque
520 2925 753 2991 propter
789 2938 882 2977 eas
923 2922 1188 2977 adserunt
1214 2938 1246 2975 v
1278 2964 1290 2976 .
1323 2921 1520 2977 ‘Vetus
1558 2922 1730 2990 lectio,
1770 2922 1963 2990 Neque
2000 2924 2231 2992 propter
2267 2940 2361 2979 eos
2398 2926 2462 2978 ut
2500 2925 2596 2979 ad-

311 3012 517 3076 serunt,
567 3012 675 3066 etc.
722 3017 773 3065 et
807 3012 984 3079 paulo
1028 3027 1230 3079 supra,
1277 3011 1467 3080 Neque
1512 3027 1599 3066 603
1646 3011 1893 3066 crescere’
1953 3011 2227 3067 Victorius
2370 3019 2404 3066 4
2457 3014 2598 3069 11366

309 3098 367 3150 in
400 3100 647 3168 margine
681 3100 947 3169 scriptum
983 3100 1047 3154 in
1083 3101 1139 3155 Β

444 3193 476 3242 5
516 3187 746 3259 Agrius]
787 3189 867 3243 De
904 3187 1041 3242 1111ει
1077 3191 1236 3258 parte
1273 3190 1336 3243 in
1373 3191 1622 3258 marqine
1658 3188 1714 3242 A
1858 3205 2054 3243 uereor
2089 3187 2276 3257 inquit
2319 3189 2373 3242 V
2402 3208 2599 3246 uereor

307 3273 498 3345 inquid
534 3277 594 3331 A
637 3276 826 3347 inquit
871 3294 1066 3332 uereor
1104 3279 1160 3333 Β
1305 3275 1567 3332 editimus
1607 3277 1812 3332 ueniad
1849 3277 1903 3330 A
2050 3283 2080 3331 6
2120 3278 2214 3332 1116
2249 3280 2314 3333 in
2348 3281 2597 3350 marqi‘ne

276 3432 289 3445 ⁸
308 3368 568 3435 scriptum
603 3368 668 3420 in
697 3367 753 3420 Β
900 3372 930 3420 ’1
968 3367 1150 3434 inquit
1184 3366 1297 3421 VB
1329 3365 1526 3434 inquid
1554 3367 1610 3421 A
1754 3367 1955 3436 expedi
1984 3369 2043 3420 et
2068 3367 2125 3421 P
2147 3367 2407 3437 expediet
2434 3369 2594 3424 ABv

439 3462 470 3508 9
510 3455 659 3526 finit]
704 3455 847 3508 fiunt
884 3461 946 3510 ut
981 3457 1217 3522 videtur,
1255 3472 1391 3510 corr.
1432 3454 1556 3509 finit
1595 3458 1647 3509 A
1796 3463 1861 3511 10
1899 3456 2251 3524 comprendit
2286 3457 2407 3510 AB
2443 3474 2595 3512 com-

302 3542 597 3612 prehendit
641 3543 695 3596 V
836 3548 900 3597 11
951 3543 1164 3599 diuisus
1211 3543 1386 3598 inima
1432 3544 1614 3614 partis
1652 3545 1770 3597 AB
1818 3544 2028 3600 diuisos
2076 3546 2136 3598 in
2171 3544 2289 3600 ima
2324 3546 2500 3615 partis
2542 3547 2599 3599 P

303 3632 509 3687 diuisus
547 3632 606 3686 in
643 3634 910 3702 quattuor
944 3633 1121 3702 partis
1145 3634 1302 3688 totus
1330 3651 1364 3689 v
1475 3639 1539 3688 12
1569 3635 1630 3688 in
1657 3632 1760 3686 ΠΧ
1788 3633 1965 3688 ΡΑΒ
1992 3634 2051 3687 111
2081 3635 2207 3688 octo
2236 3651 2267 3689 v
2375 3632 2435 3687 in
2464 3633 2592 3706 IIII]

302 3724 448 3830 111111
467 3776 774 3845 posteriore
792 3777 907 3830 loco
928 3778 980 3829 A
1076 3781 1141 3830 13
1170 3777 1500 3831 autumnum
1530 3778 1589 3831 et
1617 3776 1840 3832 hiemen
1858 3776 1914 3831 A
1944 3778 2250 3831 autunnum
2271 3779 2330 3832 et
2347 3751 2592 3832 hiemem

296 3851 351 3918 'B
387 3869 734 3921 auctunnum
776 3866 835 3920 et
860 3866 1115 3933 hyemem
1156 3865 1209 3918 V
1311 3867 1556 3920 sationes
1596 3867 1830 3922 Ursinus
1858 3866 2130 3921 stationes
2166 3865 2340 3921 VAB
2445 3882 2591 3934 quae

300 3955 432 4009 fiunt
473 3955 663 4010 PAB
711 3954 988 4022 quaedam
1035 3954 1176 4008 fiunt
1211 3971 1244 4009 v
1391 3960 1458 4009 14
1503 3971 1647 4022 quae
1700 3956 1851 4026 sunt]
1891 3972 2034 4023 quae
2074 3954 2188 4009 sint
2222 3955 2278 4008 Β
2423 3960 2488 4009 15
2527 3956 2592 4009 ut

301 4043 408 4098 sint
439 4045 603 4099 Amv
653 4046 720 4098 ut
768 4043 843 4096 sit
879 4043 993 4098 ΡΒ
1138 4045 1196 4097 et
1241 4044 1409 4097 simul
1456 4042 1668 4099 claenis
1716 4061 1780 4098 ac
1819 4044 1937 4100 sole
1975 4043 2363 4114 percalefactis
2405 4043 2590 4098 PAB

298 4136 351 4187 et
393 4134 561 4189 simul
607 4131 767 4187 cauis
814 4131 885 4185 ab
932 4133 1050 4187 sole
1097 4132 1492 4202 percalefactis
1528 4150 1561 4188 v
1594 4174 1605 4185 .
1636 4134 1697 4186 c’
1739 4133 1922 4207 glebis
1959 4134 2023 4188 in
2057 4134 2308 4204 margine
2341 4133 2587 4202 adscrip-

296 4224 362 4277 sit
389 4224 445 4277 P
470 4267 482 4279 .
518 4224 627 4278 ‘Et
665 4220 839 4276 simul
874 4220 1092 4290 glaebis
1131 4239 1166 4275 3
1203 4223 1320 4276 sole
1356 4221 1747 4291 pei-calefactis
1777 4265 1788 4277 .
1819 4222 1915 4277 Ita
1953 4224 2126 4277 locum
2153 4221 2387 4289 restitui,
2424 4227 2589 4276 antea

296 4315 429 4367 enim
467 4314 669 4380 Gauis,
707 4312 956 4366 mendose
992 4312 1056 4365 in
1091 4312 1340 4366 omnibus
1377 4312 1592 4367 excusis
1631 4312 1904 4381 leqebatur
1934 4333 1946 4365 :
1976 4315 2131 4364 uetus
2159 4310 2312 4365 lectio
2341 4309 2580 4365 Claebis’

301 4400 565 4458 Victorius
724 4405 786 4454 17
827 4416 1008 4469 neque
1047 4415 1171 4455 eam
1219 4401 1453 4455 Ursinus
1598 4401 1781 4455 minus
1820 4400 1965 4454 binis
1995 4399 2172 4453 PAB
2210 4398 2393 4454 minus
2431 4398 2516 4454 bis
2552 4417 2585 4455 v

428 4498 492 4548 18
531 4493 817 4547 autumno
855 4488 911 4543 A
949 4490 1197 4544 autunno
1236 4490 1289 4544 B
1329 4490 1570 4544 auctfino
1618 4489 1673 4544 V
