3178 5185
851 400 1114 454 RERVM
1149 399 1625 454 RVSTICARVM
1664 400 1795 455 LIB.
1833 398 1885 451 Π
1927 395 1958 447 1
2428 398 2558 463 209

303 575 492 627 natura
548 568 787 627 discreti
851 566 1033 626 boves
1097 568 1249 627 asini
1312 568 1468 645 equi.
1571 568 1749 626 tertia
1814 584 1952 644 pars
2018 573 2110 625 est
2164 567 2226 625 in
2281 568 2558 644 pecuaria

302 692 442 752 quae
490 692 593 733 non
637 680 953 752 parantur,
1007 681 1075 734 ut
1121 692 1193 733 ex
1238 675 1313 733 iis
1360 674 1629 751 capiatur
1675 673 1931 753 fructuS‚
1988 673 2089 732 sed
2139 680 2384 751 propter
2431 691 2557 733 eam

301 788 395 839 aut
439 799 501 840 ex
544 799 601 839 ea
647 789 807 860 sunt,
855 780 1004 841 muli
1048 799 1226 841 canes
1270 787 1555 858 pastores,
1650 769 1859 839 harum
1908 797 2022 839 una
2071 797 2337 858 quaeque
2385 781 2446 839 in
2496 798 2559 839 se

299 886 567 965 generalis
637 890 826 965 partis
901 887 1080 947 habet
1154 888 1465 947 minimum
1530 905 1818 967 novenas,
1901 905 2153 965 quarum
2216 888 2276 945 in
2344 904 2559 963 pecore

253 994 537 1071 ⁵parando
578 995 948 1055 necessariae
996 1002 1295 1073 quattuor,
1343 993 1562 1053 alterae
1610 996 1671 1052 in
1719 993 2017 1072 pascendo
2065 993 2340 1069 totidem3
2395 1011 2561 1071 prae-

296 1108 448 1160 terea
507 1104 827 1161 communis
894 1119 1026 1161 una.
1117 1103 1198 1161 ita
1256 1101 1406 1161 fiunt
1463 1102 1728 1161 omnium
1784 1108 1983 1179 partes
2039 1102 2347 1162 minimum
2404 1108 2561 1160 octo·
2635 1170 2642 1176 .

295 1210 445 1285 ginta
504 1217 555 1267 et
614 1227 760 1289 una,
826 1217 887 1268 et
951 1208 1189 1287 quidem
1253 1210 1623 1269 necessariae
1681 1227 1790 1268 nec
1845 1226 2075 1286 parvae.
2175 1210 2433 1286 primum
2489 1210 2657 1267 ut13

296 1314 497 1375 bonum
554 1334 729 1393 pares
785 1333 999 1396 pecuS‚
1065 1334 1250 1375 unum
1309 1318 1463 1376 scire
1521 1323 1782 1394 oportet,
1851 1334 1964 1394 qua
2022 1323 2210 1375 aetate
2267 1333 2562 1394 quamque

292 1421 557 1498 pecudem
622 1441 834 1500 parare
901 1422 1237 1501 habereque
1301 1423 1592 1501 expediat.
1693 1424 1893 1501 itaque
1949 1424 2011 1482 in
2067 1421 2291 1482 bubulo
2349 1440 2563 1501 pecore

232 1539 275 1577 ¹⁰
296 1530 521 1588 minoris
566 1530 760 1588 emitis
808 1529 1142 1589 anniculam
1190 1538 1250 1590 et
1298 1548 1474 1608 supra
1524 1529 1730 1590 decem
1778 1546 2085 1607 annorum,
2134 1528 2290 1606 quod
2340 1547 2371 1587 a
2408 1528 2565 1589 bima

295 1643 385 1694 aut
456 1637 619 1695 trima
685 1636 948 1696 fructum
1016 1637 1173 1695 ferre
1237 1638 1448 1714 incipit
1511 1654 1705 1715 neque
1771 1635 2004 1714 longius
2069 1644 2205 1713 post
2270 1636 2565 1696 decimum

295 1759 496 1801 annum
555 1742 839 1821 procedit.
941 1761 1075 1803 nam
1140 1745 1329 1821 prima
1395 1751 1555 1803 aetas
1621 1745 1813 1802 omnis
1876 1744 2112 1820 pecoris
2179 1749 2239 1803 et
2294 1750 2553 1832 entrema
2584 1747 2662 1803 14

295 1848 514 1909 sterilis.
602 1868 634 1909 e
684 1857 965 1928 quattuor
1012 1850 1194 1910 altera
1241 1869 1379 1929 pars
1427 1858 1518 1910 est
1565 1851 1826 1927 cognitio
1874 1850 2096 1909 formae
2144 1851 2323 1910 unius
2370 1852 2568 1909 cuius-

295 1974 397 2033 que
442 1956 710 2037 pecudiS‚
768 1957 960 2036 qualis
1007 1959 1100 2017 sit.
1193 1959 1388 2035 magni
1436 1959 1594 2017 enim
1642 1959 1919 2037 interest,
1966 1958 2136 2016 cuius
2185 1957 2346 2017 modi
2392 1975 2567 2035 quae-

229 2071 270 2110 15
294 2080 396 2140 que
433 2064 524 2143 sit,
560 2063 630 2123 ad
672 2064 953 2123 fructum.
1026 2066 1105 2123 ita
1144 2066 1346 2141 potius
1382 2064 1593 2124 bovem
1634 2072 1840 2124 emunt
1878 2064 2163 2124 cornibus
2192 2063 2567 2141 nigrantibus

295 2188 453 2247 quam
499 2170 661 2250 albis,
711 2189 949 2249 capram
996 2170 1247 2249 amplam
1296 2189 1472 2250 quam
1519 2190 1776 2253 parvam,
1825 2189 1962 2231 sues
2009 2189 2261 2249 procero
2300 2187 2567 2251 corpore,

296 2276 568 2354 capitibus
623 2285 692 2338 ut
744 2279 866 2337 sint
912 2278 1127 2355 parviS.
1219 2278 1392 2337 tertia
1440 2295 1580 2354 pars
1628 2285 1745 2354 est,
1806 2255 1922 2356 quo
1973 2279 2050 2337 sit
2096 2279 2346 2337 seminio
2394 2294 2567 2355 quae-

295 2383 542 2444 rendum.
635 2384 748 2444 hoc
797 2385 1034 2444 nomine
1083 2385 1241 2443 enim
1288 2385 1439 2443 asini
1486 2384 1700 2444 Arcadi
1747 2386 1810 2444 in
1857 2384 2101 2444 Graecia
2150 2383 2460 2461 nobilitati,
2505 2384 2568 2442 in

422 2542 485 2591 18
523 2536 668 2592 asini
705 2536 910 2591 Arcadi
952 2538 1105 2594 Plin.
1145 2543 1198 2607 8,
1236 2542 1343 2594 16¹7

422 2687 448 2734 1
505 2682 708 2735 natura
761 2678 990 2735 discreti
1037 2681 1216 2734 ΡΑΒ
1271 2682 1472 2735 natura
1528 2680 1768 2735 discrete
1814 2681 1959 2736 A²m
2002 2683 2205 2736 natura
2251 2679 2494 2735 discreta
2537 2696 2569 2733 v

418 2769 591 2824 bercia
639 2769 697 2823 A
839 2777 872 2824 2
920 2771 1193 2838 parantur
1237 2770 1292 2823 A
1336 2771 1568 2839 paratur
1622 2769 1732 2823 VB
1876 2777 1907 2824 3
1955 2786 2023 2824 ex
2070 2788 2136 2825 ea
2182 2769 2308 2840 sint,
2340 2769 2479 2822 muli
2516 2768 2570 2821 B

304 2855 559 2914 Victorius
614 2873 721 2913 exa
776 2860 888 2913 sint
942 2859 1080 2912 muli
1125 2858 1183 2912 A
1237 2875 1303 2913 ex
1359 2876 1426 2914 ea
1481 2858 1593 2913 sint
1644 2858 1790 2913 sicut,
1834 2858 1973 2912 muli
2031 2859 2085 2913 V
2125 2876 2192 2913 ex
2238 2875 2305 2912 ea
2351 2856 2463 2912 sint
2507 2859 2571 2910 ut

295 2947 417 3000 muli
450 2959 511 3002 m·
645 2948 848 3002 harum
883 2946 1174 3002 Iucundus
1218 2947 1416 3002 horum
1464 2947 1642 3001 VAB
1786 2954 1821 3001 4
1868 2947 2144 3017 generalis
2188 2946 2365 3016 partis
2400 2945 2573 3000 habet

294 3032 504 3090 hominii
558 3054 808 3092 nouenae
848 3036 966 3090 AB
1021 3036 1298 3106 generalis
1350 3037 1526 3107 partis
1573 3036 1866 3091 hominum
1910 3053 2159 3092 nouenae
2196 3036 2253 3089 P
2291 3034 2569 3104 generalis

296 3120 771 3191 partes‘omnium
828 3141 1074 3180 nouenae
1118 3143 1150 3180 v
1329 3142 1562 3195 peccore
1609 3126 1664 3179 A
1845 3133 1876 3181 6
1934 3126 2243 3180 communis
2289 3139 2402 3177 una
2457 3113 2569 3177 ‘VB

297 3215 558 3268 communi
606 3216 738 3269 sunt
783 3215 838 3268 A
887 3215 1194 3269 eommunis
1249 3217 1379 3268 sunt
1424 3216 1488 3269 ut
1522 3232 1577 3269 m
1720 3216 1859 3269 fiant
1895 3216 1950 3269 A
1987 3232 2122 3270 corr.
2170 3215 2311 3268 fiunt
2347 3212 2430 3266 A2

297 3302 521 3357 omnium
568 3305 760 3373 partes
809 3303 989 3379 VAB
1036 3320 1227 3358 omnes
1272 3305 1463 3372 partes
1507 3321 1560 3358 m
1598 3304 1894 3359 Iucundus
2090 3310 2122 3358 8
2167 3320 2340 3357 unum
2384 3302 2573 3357 delevit

305 3388 517 3446 Ursinus
701 3397 734 3446 9
797 3392 1115 3460 habereque
1148 3395 1155 3459 Ι
1187 3390 1386 3461 pediat
1439 3394 1494 3446 A
1678 3393 1897 3461 ‘Itaque
1964 3393 2177 3464 [itaque
2239 3391 2298 3446 in
2362 3391 2572 3446 bubulo

299 3495 475 3546 pecore
519 3483 588 3536 in
624 3481 861 3536 editione
907 3481 1207 3553 Victorius]
1248 3481 1479 3536 minoris
1515 3481 1701 3537 emitis
1738 3481 2072 3537 anniculam.
2152 3480 2327 3551 Quam
2361 3486 2574 3536 secutus

297 3581 400 3620 sum
446 3571 750 3636 lectionem,
797 3575 847 3624 et
892 3571 1081 3625 excusi
1114 3571 1371 3624 nonnulli
1407 3571 1703 3638 habebant,
1749 3576 1798 3626 et
1833 3588 2005 3626 manu
2039 3571 2235 3640 scripti
2270 3587 2463 3625 omnes.
2504 3601 2569 3610 —

298 3655 352 3708 in
383 3659 742 3713 uetustissimo
778 3659 877 3714 hoc
911 3664 1128 3714 tantum
1165 3661 1445 3714 diuersum
1482 3665 1618 3727 erat,
1659 3661 1804 3729 quod
1839 3658 2076 3728 Emptum
2108 3675 2215 3728 pro
2252 3660 2475 3726 Emitis,
2510 3660 2574 3712 in

300 3759 348 3797 eo
372 3747 626 3816 scriptum
655 3745 754 3801 est’
795 3746 1070 3802 Victorius
1091 3791 1103 3803 .
1124 3749 1356 3815 fortasse
1381 3746 1614 3803 minoris
1643 3747 1847 3802 emitur
1875 3747 2134 3802 annicula
2266 3764 2498 3818 peccore
2519 3747 2574 3800 A

424 3842 486 3889 10
524 3834 716 3891 emitis
746 3835 1062 3890 anniculam
1084 3853 1115 3890 v
1145 3836 1348 3906 emptis
1379 3840 1591 3907 (eptam
1620 3837 1933 3906 corr.‘ept·.is
1953 3837 2027 3904 A)
2059 3834 2376 3891 anniculam
2397 3836 2572 3890 ΡΑΒ

425 3930 486 3978 12
522 3924 764 3994 pecoris
787 3927 845 3978 eb
882 3928 1130 3980 extrema
1168 3924 1281 3978 VB
1308 3926 1527 3994 pecoris
1557 3927 1713 3980 extat
1740 3927 1813 3994 A,
1852 3927 1945 3980 sed
1970 3928 2060 3980 tat
2085 3927 2150 3980 in
2173 3921 2375 3981 raswra
2402 3925 2485 3979 Α.2
2511 3930 2575 3979 ut

300 4011 506 4081 videtur,
540 4013 793 4084 pectoris
831 4015 918 4068 est
943 4030 997 4066 m
1108 4019 1171 4066 13
1212 4013 1419 4069 sterilis
1447 4013 1543 4068 Bv
1583 4015 1801 4070 sterelis
1828 4014 1941 4067 PA
2053 4021 2120 4068 14
2158 4014 2315 4069 cuius
2354 4028 2573 4082 queque

301 4101 432 4155 modi
465 4119 704 4172 queque,
742 4102 834 4156 sed
870 4117 1089 4170 queque
1117 4103 1308 4170 priore
1344 4105 1457 4158 loco
1484 4105 1714 4158 deletum
1740 4104 1795 4157 A
1891 4109 1955 4157 15
1994 4102 2078 4157 ita
2105 4103 2291 4173 potius
2319 4103 2439 4156 AB
2466 4103 2572 4156 ita·

304 4203 395 4255 que
425 4191 613 4261 potius
665 4191 720 4244 V
861 4196 926 4244 17
964 4188 1142 4244 tercia
1177 4191 1232 4244 A
1341 4194 1428 4246 est
1453 4194 1880 4262 superscriptum
1917 4194 1981 4247 in
2006 4191 2064 4245 A
2171 4192 2571 4262 quaerendum]

302 4280 584 4344 parandum
637 4279 875 4334 Ursinus
984 4285 1050 4334 18
1089 4279 1278 4334 arcadi
1314 4281 1433 4334 AB
1471 4281 1703 4336 archadi
1744 4283 1798 4335 P
1831 4280 2113 4342 archadici
2150 4298 2196 4335 v.
2273 4280 2371 4335 ‘In
2405 4299 2575 4336 manu

303 4369 499 4436 scriptis
553 4368 797 4424 Arcadi:
852 4369 1117 4436 Arcadii,
1175 4386 1241 4424 ex
1288 4371 1521 4440 antiqua
1565 4371 1844 4439 scriptura
1892 4372 1995 4440 leyi
2033 4375 2241 4439 posset,
2295 4375 2359 4424 ut
2401 4387 2576 4439 supra

306 4451 531 4524 Pecuari,
550 4474 665 4528 pro
694 4457 975 4524 Pecuarii,
1012 4456 1221 4526 Statili,
1243 4474 1352 4527 pro
1381 4458 1598 4513 Statilii
1621 4477 1785 4514 :nam
1810 4461 1907 4514 hoc
1934 4460 2099 4514 etiam
2125 4464 2327 4514 ueteres
2354 4460 2579 4514 librarii

304 4540 380 4597 hic
409 4544 723 4603 seruabant’
778 4545 1052 4600 Victorius

2042 4635 2152 4689 14*
