3178 5185
859 399 1120 455 RERVM
1157 399 1638 456 RVSTICARVM
1674 398 1809 454 LIB.
1850 399 1902 452 H
1945 398 1978 451 1
2445 398 2575 463 203

297 570 461 630 rariis
504 575 561 628 et
605 569 872 648 piscinis,
963 586 996 628 e
1045 569 1198 648 quis,
1245 568 1524 646 quoniam
1570 566 1643 626 de
1692 567 1819 645 agri
1865 565 2098 626 cultura
2145 564 2363 626 librum
2411 564 2565 626 Fun·
2589 571 2625 628 6

298 676 492 737 daniae
534 677 707 736 uxori
754 682 999 753 propter
1037 676 1167 734 eius
1206 674 1456 734 fundum
1493 674 1626 754 feci,
1671 673 1800 754 tibi,
1845 672 2027 752 Niger
2063 671 2320 733 Turrani
2355 682 2579 755 noster,

299 786 403 863 qui
434 782 804 843 vehementer
840 780 1153 842 delectaris
1190 798 1425 860 pecore,
1462 787 1782 859 propterea
1822 780 1979 859 quod
2019 786 2076 839 te
2116 781 2574 859 empturientem

290 892 355 949 in
423 908 648 969 campos
703 889 936 950 Macros
1000 890 1071 949 ad
1138 897 1462 950 mercatum
1528 888 1833 948 adducunt
1897 887 2109 948 crebro
2173 888 2386 968 pedes,
2460 906 2575 967 quo

244 995 517 1057 ⁵facilius
569 993 902 1074 sumptibus
958 995 1142 1056 multa
1198 994 1582 1074 poscentibus
1630 997 1962 1077 ministres,
2021 994 2177 1075 quod
2227 1013 2297 1053 eo
2348 993 2576 1061 facilius

291 1102 520 1182 faciam,
565 1100 721 1180 quod
770 1109 831 1162 et
876 1104 1003 1182 ipse
1049 1104 1358 1182 pecuarias
1406 1101 1591 1161 habui
1635 1103 1907 1186 grandes,
1961 1105 2022 1163 in
2070 1101 2279 1181 Apulia
2326 1103 2576 1161 oviarias

290 1217 352 1270 et
406 1211 468 1268 in
517 1207 761 1269 Reatino
817 1210 1120 1289 equariaS,
1177 1207 1346 1288 [qua]
1404 1208 1476 1268 de
1532 1225 1598 1268 re
1655 1211 1933 1286 pecuaria
1989 1207 2249 1268 breviter
2303 1225 2370 1267 ac
2419 1226 2576 1267 sum-

289 1317 489 1376 matim
549 1332 898 1394 percurram
967 1333 1041 1374 ex
1105 1313 1483 1375 sermonibus
1548 1317 1772 1375 nostris
1838 1315 2089 1375 conlatis
2152 1334 2289 1376 cum
2344 1317 2417 1375 iis
2475 1317 2576 1394 qui

288 1424 590 1503 pecuarias
651 1420 993 1482 hahuerunt
1056 1423 1119 1481 in
1176 1420 1358 1500 Epiro
1415 1440 1684 1503 magnaS,
1750 1431 1876 1483 tum
1924 1442 2060 1483 cum
2116 1424 2366 1501 piratico
2422 1421 2575 1482 hello

220 1534 267 1574 1⁰
290 1531 445 1590 inter
460 1529 663 1590 Delum
694 1537 755 1589 et
784 1527 1047 1589 Siciliam
1069 1527 1348 1589 Graeciae
1380 1528 1671 1589 classibus
1700 1547 2054 1607 praeessem.
2093 1530 2370 1607 incipiam
2392 1529 2576 1589 hinc*

461 1637 605 1698 Cum
633 1636 898 1696 Menates
937 1635 1330 1719 discessisset,
1369 1636 1677 1697 Cossinius
1716 1636 1878 1716 mihi,
1916 1635 2036 1696 Nos
2075 1644 2132 1696 te
2164 1654 2282 1696 non
2312 1636 2566 1697 dimitte·
2605 1638 2630 1699 1

286 1763 442 1825 muS,
494 1745 719 1824 inquit,
772 1750 1087 1821 antequam
1144 1742 1242 1802 illa
1297 1744 1411 1803 tria
1458 1742 1801 1823 explicariS,
1859 1761 2009 1821 quae
2057 1761 2338 1822 coeperas
2387 1761 2577 1822 nuper

288 1849 505 1932 dicere,
568 1868 707 1911 cum
756 1868 962 1910 sumus
1008 1850 1385 1929 interpellati.
1479 1850 1643 1921 Quae
1700 1846 1856 1909 tria?
1919 1852 2115 1928 inquit
2158 1850 2447 1933 MurriuS,
2501 1869 2575 1911 an

288 1977 350 2018 ea
414 1976 560 2037 quae
616 1957 766 2017 mihi
820 1957 964 2017 here
1012 1957 1216 2017 dixisti
1270 1957 1342 2017 de
1398 1958 1716 2036 pastoricia
1772 1952 1883 2016 re?
2002 1954 2147 2038 Ista,
2211 1959 2406 2037 inquit
2460 1957 2576 2033 ille,

220 2090 264 2131 ιε,
288 2084 430 2145 quae
476 2071 757 2143 coeperat
794 2063 891 2124 hic
930 2064 1246 2144 disserere,
1295 2083 1445 2144 quae
1484 2071 1645 2124 esset
1682 2064 1866 2144 origo,
1915 2081 2066 2142 quae
2105 2064 2377 2146 dignitas,
2425 2084 2576 2144 quae

288 2190 403 2253 arS,
457 2190 593 2233 cum
649 2178 888 2250 poetam
944 2190 1144 2232 sesum
1199 2174 1393 2233 visere
1448 2172 1846 2251 venissemuS,
1901 2172 1965 2229 ni
2020 2170 2237 2231 medici
2291 2172 2576 2233 adventus

385 2368 416 2416 2
453 2362 672 2416 turrani
699 2361 824 2416 AB
852 2361 1101 2415 Turanni
1138 2361 1192 2415 V
1296 2368 1327 2416 7
1369 2360 1515 2427 ‘Qua
1541 2360 1611 2414 de
1639 2375 1699 2414 re
1726 2359 2005 2429 pecuaria.
2039 2360 2250 2427 Omnes,
2276 2377 2409 2429 quos
2437 2362 2578 2428 aidi,

264 2452 483 2516 *codices
529 2451 903 2520 consentiunt,
947 2467 1117 2522 quare
1159 2456 1348 2506 temere
1392 2450 1610 2518 aliquid
1646 2450 1872 2504 uariare
1906 2450 1995 2504 hic
2030 2451 2189 2504 nolui
2223 2472 2237 2504 ε
2264 2467 2417 2505 nanc
2443 2452 2578 2520 quid

289 2541 522 2610 suspicer
557 2556 641 2596 me
668 2555 829 2610 posse
863 2540 980 2595 sine
1019 2540 1186 2609 calpa
1205 2539 1456 2609 proferre
1483 2539 1740 2594 arbitror.
1796 2539 2010 2608 Opinoi·
2037 2544 2359 2595 commutato
2387 2541 2579 2596 ordine

288 2630 566 2685 uerborum
608 2629 789 2695 Quare
828 2630 897 2684 de
935 2629 1224 2699 pecuaria,
1262 2629 1368 2700 leyi
1403 2628 1610 2684 debere’
1665 2628 1939 2683 Victorius
2082 2645 2195 2697 qua
2236 2630 2429 2684 delevit
2478 2630 2576 2685 Ur-

289 2706 432 2773 auiis
540 2725 574 2773 8
614 2718 836 2773 collatis
882 2718 1061 2774 VAB
1168 2734 1292 2771 cum
1331 2716 1403 2772 iis
1446 2717 1627 2771 PAB
1664 2734 1788 2771 cum
1827 2717 1915 2771 his
1951 2734 1984 2771 v
2093 2724 2125 2771 9
2163 2718 2486 2787 peccuarias
2523 2719 2580 2774 A

420 2813 487 2861 10
525 2806 799 2877 incipiam
836 2806 968 2862 hinc
1000 2809 1008 2877 Ι
1042 2807 1179 2861 Cum
1216 2807 1466 2862 Menates
1506 2806 1571 2874 V,
1609 2807 1708 2861 ubi
1742 2807 1819 2861 ad
1853 2807 2105 2861 Menates
2141 2808 2205 2862 in
2241 2810 2486 2878 mamyine
2520 2807 2578 2861 in

204 2962 207 2965 y
292 2896 513 2965 antiquo
560 2897 644 2950 sic
692 2899 814 2950 erat
959 2897 1081 2950 HIC
1128 2895 1666 2950 INTERMISIMVS
1706 2896 2002 2963 adscripsit
2042 2896 2109 2961 P,
2157 2894 2437 2966 incipiunt
2475 2897 2577 2965 (in-

293 2983 486 3054 cipiam
534 2987 611 3054 m)
665 2984 813 3039 hinc.
859 2986 952 3040 hic
1006 2984 1421 3040 intermisimus.
1515 2984 1653 3039 Cum
1699 2987 1952 3039 menates
2006 2985 2285 3053 (menaces
2334 2986 2409 3052 m)
2460 2986 2578 3039 Am

292 3070 543 3144 incipiam
595 3072 727 3127 hinc
762 3076 771 3142 Ι
806 3073 944 3128 Cum
982 3077 1233 3129 menates
1270 3080 1509 3130 extrema
1543 3091 1730 3129 versus
1757 3079 1922 3143 parte
1949 3078 2077 3143 post
2113 3072 2244 3127 hinc
2279 3090 2458 3127 vacua
2492 3091 2576 3128 re-

293 3161 411 3217 licta
453 3165 528 3219 Β.
609 3161 771 3215 ‘Cum
827 3161 1118 3217 Maenates
1174 3162 1540 3218 discessisset.
1627 3165 1773 3217 Ante
1826 3164 1973 3217 hwnc
2027 3163 2201 3216 locam
2256 3162 2320 3215 in
2375 3163 2578 3230 optimo

296 3252 460 3306 codice
493 3251 807 3307 maioribus
845 3253 1019 3307 literis
1053 3253 1185 3307 haec
1219 3253 1391 3307 uerba
1426 3253 1635 3321 scripta
1672 3258 1829 3320 sunt,
1868 3249 1988 3306 HIC
2024 3250 2104 3305 IN
2109 3249 2576 3305 TERMISIMVS.

292 3338 361 3392 In
392 3342 603 3397 emetis
638 3341 803 3395 etiam
839 3341 971 3396 aliis
1006 3358 1177 3396 manu
1212 3343 1433 3412 scriptis
1468 3343 1596 3410 ipsa
1630 3341 1845 3396 inueni’
1899 3340 2175 3395 Victorius

391 3472 452 3519 11
481 3465 839 3522 discessisset
865 3465 919 3519 V
940 3433 1739 3522 dissoessissetA-discs'ssisetB
1829 3466 2109 3520 Cossinius
2130 3465 2245 3520 VA
2264 3430 2579 3521 cossintsB

419 3572 519 3611 nos
570 3556 627 3610 te
675 3570 787 3608 non
835 3554 1183 3610 dimittemus
1230 3555 1414 3626 inquit
1448 3574 1501 3611 m
1547 3557 1712 3612 noste
1758 3572 1870 3609 non
1908 3555 2267 3610 demittemus
2304 3555 2488 3624 inquit
2522 3554 2580 3610 A

298 3657 441 3697 nosse
484 3661 602 3699 non
651 3642 1010 3698 demittemus
1045 3643 1228 3713 inquit
1268 3646 1386 3700 PB
1422 3646 1652 3716 ignosce
1690 3662 1802 3700 non
1841 3640 2188 3700 dimittemus
2224 3645 2408 3714 inquit
2443 3647 2502 3698 te
2538 3661 2570 3698 v

491 3738 562 3786 12
601 3730 705 3785 illa
740 3732 855 3786 tria
900 3732 954 3786 V
986 3731 1122 3788 ”illa
1158 3732 1306 3788 ”tria
1341 3736 1398 3789 Β
1434 3735 1547 3788 tria
1581 3733 1685 3789 illa
1721 3733 1837 3788 Am
2053 3749 2280 3803 ceperas
2316 3733 2374 3789 A

302 3821 359 3871 13
393 3821 572 3876 dicere
611 3838 740 3875 cum
779 3838 966 3875 sumus
993 3823 1261 3893 Anqelias
1298 3822 1481 3877 dicere
1519 3841 1709 3877 sumus
1737 3823 1920 3878 PAB
1948 3823 2131 3878 dicere
2160 3838 2285 3876 cum
2313 3823 2518 3876 fuimus
2545 3838 2578 3877 v

422 3909 607 3979 inquit
651 3908 765 3963 VB
800 3909 1000 3980 inquid
1036 3910 1092 3964 A
1237 3917 1306 3965 14
1344 3928 1487 3982 quae
1525 3912 1667 3966 mihi
1703 3912 1836 3967 here
1876 3912 2064 3968 dixisti
2098 3911 2220 3969 AB
2257 3927 2401 3980 quae
2438 3911 2579 3964 mihi

302 3993 416 4052 here
459 3998 654 4054 dixisti
702 3998 848 4052 mihi
900 3998 957 4052 P
1009 4016 1153 4067 quae
1199 3999 1309 4054 tria
1354 4000 1487 4057 here
1535 4001 1727 4056 dixisti
1772 4000 1913 4056 mihi
1957 4019 1990 4056 v
2133 4002 2244 4054 ista
2288 3999 2474 4067 inquit
2520 4001 2578 4055 Β

302 4079 396 4138 ista
425 4084 622 4158 inquid
650 4089 706 4141 A
744 4087 894 4142 insta
929 4105 1000 4142 an
1039 4087 1176 4157 quid
1202 4088 1260 4143 P
1290 4089 1441 4145 insta
1474 4090 1665 4159 inquit
1690 4107 1722 4144 v
1861 4096 1928 4146 15
1967 4091 2231 4160 coeperat
2262 4089 2379 4142 PB
2417 4105 2577 4157 cepe-

303 4173 380 4226 rat
403 4176 454 4229 A
481 4193 750 4246 coeperas
776 4193 808 4230 v
917 4175 1187 4232 disserere
1225 4178 1336 4232 VA
1364 4178 1700 4235 disseserere
1718 4181 1774 4234 Β
1884 4187 1950 4234 16
1981 4179 2118 4234 Cum
2146 4178 2344 4232 Petam
2370 4177 2576 4232 fessum

305 4259 462 4318 uisere
487 4265 856 4331 uenissemus,
893 4265 954 4318 ni
979 4267 1185 4321 medici
1212 4267 1487 4325 aduentus
1511 4286 1615 4323 nos
1645 4269 2033 4339 interrupisset
2061 4269 2358 4323 Iucunda-3.
2416 4267 2580 4324 ‘Cum

305 4352 471 4415 petam
505 4355 738 4411 fessum.
814 4353 1135 4410 Maculosus
1170 4358 1260 4411 hic
1295 4358 1444 4412 locus
1479 4359 1543 4412 in
1579 4360 1827 4428 antiquis
1862 4358 2262 4427 eaeemplaribus
2298 4363 2388 4426 est,
2432 4364 2481 4412 et
2516 4360 2580 4413 in

310 4442 519 4498 omnium
545 4445 774 4514 optimc,
812 4449 945 4498 ‘nota
981 4445 1253 4514 adposita,
1292 4448 1604 4501 damnatas.
1661 4448 1952 4517 Receptam
1986 4448 2076 4502 hic
2111 4448 2274 4502 etiam
2303 4447 2579 4503 lectionem

310 4536 608 4590 conseo-uani
638 4554 656 4587 .·
683 4538 915 4587 ueterem
948 4551 1123 4604 name,
1161 4536 1491 4591 caicwimodi
1525 4537 1630 4591 illa
1664 4543 1766 4604 est,
1800 4538 2060 4592 studiosis
2096 4553 2392 4607 exponam,
2441 4536 2579 4592 Cum
