3178 5185
631 429 715 495 48
1314 438 1695 496 COMMENT.
1731 441 1813 494 IN
1849 439 2225 495 VARRONIS

632 592 1027 653 demittendae
1077 601 1215 654 sunt
1263 603 1658 656 macerantur.
1743 596 2121 675 conpluvium
2170 603 2367 656 autem
2414 594 2608 655 lacum
2656 593 2811 674 dicit,
2851 594 2908 652 in

634 718 809 778 quem
874 701 1132 762 interdiu
1191 701 1493 763 canalibus
1550 721 1699 782 aqua
1767 705 1836 764 ad
1896 703 2255 764 cotidianum
2320 702 2501 763 boum
2566 710 2628 762 et
2685 702 2909 781 pecoris

636 825 813 867 usum
852 807 1108 891 ducitur,
1148 812 1604 893 semipiscinam‚
1638 828 1788 889 quae
1826 810 2099 871 dimidiae
2138 812 2401 890 piscinae
2441 810 2686 869 sormam
2724 807 2908 869 habet.

632 933 769 976 eum
815 919 957 977 velit
1002 917 1055 976 si
1101 934 1308 976 verum
1357 925 1467 998 est,
1504 917 1575 978 ad
1626 911 1930 978 dominum
1978 917 2144 978 villae
2192 917 2469 998 refertur,
2508 919 2611 997 qui
2658 915 2801 976 haec
2836 916 2908 974 ita

630 1025 909 1106 instituit,
948 1032 1014 1084 ut
1050 1041 1188 1103 pars
1226 1022 1391 1085 lacus
1428 1026 1585 1085 intra
1625 1024 1945 1105 stylobatas
1984 1028 2075 1086 sit.
2139 1025 2246 1085 sed
2285 1028 2479 1104 aptius
2517 1043 2648 1085 esse
2687 1023 2911 1084 videtur

632 1130 789 1208 quod
836 1129 1062 1190 Merula
1110 1131 1371 1211 dederat,
1408 1150 1555 1193 reum
1604 1123 1780 1209 venit,
1828 1132 1885 1193 h.
1918 1152 1967 1195 e.
2007 1152 2141 1193 cum
2189 1132 2352 1194 lacus
2399 1134 2555 1193 intra
2604 1130 2910 1211 stylobatas

632 1240 814 1299 venit.
906 1242 1207 1299 interdius
1253 1238 1473 1318 legitur
1520 1238 1572 1301 11
1619 1238 1719 1322 10,
1759 1237 1801 1300 5
1848 1249 1909 1300 et
1956 1239 2033 1298 111
2076 1238 2174 1322 1-2,
2213 1238 2284 1321 33
2336 1242 2606 1300 interdiu
2653 1236 2818 1299 121.

808 1341 852 1405 4
936 1344 1208 1405 Cohors
1293 1349 1618 1410 exterior
1694 1346 1949 1408 crebro
2025 1356 2275 1428 operta
2350 1348 2772 1408 stramentis
2843 1362 2910 1405 ac

632 1451 834 1530 palea
884 1452 1254 1514 occulcata
1301 1453 1611 1534 pedibus
1658 1454 2012 1535 pecudum
2060 1455 2151 1515 sit
2198 1456 2531 1514 ministra
2580 1452 2801 1513 fundo
2838 1469 2911 1511 ex

632 1576 707 1618 ea
757 1559 943 1637 quod
992 1559 1364 1639 evehatur]
1404 1564 1505 1622 Fit
1539 1565 1820 1623 ministra
1852 1561 2066 1641 funda,
2103 1569 2172 1621 ut
2214 1565 2295 1622 sit
2339 1580 2418 1622 ex
2464 1579 2539 1621 ea
2586 1563 2752 1636 quod
2794 1577 2910 1620 eve-

633 1668 820 1726 hatur
884 1665 1204 1729 Iucundos,
1296 1671 1652 1729 sententiam
1717 1671 1951 1747 aperuit
2008 1667 2410 1729 Schneiderus
2476 1668 2792 1746 adscriptis
2846 1667 2913 1725 iis

636 1791 786 1851 quae
834 1775 895 1833 in
956 1777 1298 1853 geoponicis
1355 1774 1550 1858 1122,
1587 1774 1631 1837 2
1679 1769 1898 1855 scripta
1955 1784 2120 1856 sunt,
2184 1768 2423 1836 πολλοὶ
2491 1766 2566 1835 δὲ
2630 1767 2741 1834 καὶ
2801 1763 2913 1851 τὴν

634 1874 941 1961 καλάμην
991 1873 1151 1962 μετὰ
1196 1873 1271 1943 τὸ
1318 1883 1589 1965 θερίσαι
1638 1876 2009 1955 ἐκτίλαντες
2053 1873 2489 1964 ὑπέστρωσαν
2535 1888 2678 1954 τοῖς
2721 1874 2910 1962 θρέμ-

634 2001 872 2068 μασιν,
920 1984 1032 2050 ἵνα
1091 1990 1600 2069 συμπατηθεῖσα
1659 1981 1771 2048 καὶ
1816 1986 1906 2074 τῷ
1971 1979 2153 2074 οὔρῳ
2211 1994 2623 2049 συσσαπεῖσα
2678 1982 2912 2067 κόπρος

637 2090 926 2175 γένηται.
1020 2095 1201 2156 verba
1247 2095 1535 2156 brevitate
1576 2096 1813 2156 dicendi
1859 2099 1920 2156 in
1969 2096 2228 2156 relativis
2275 2098 2588 2156 sententiis
2633 2094 2788 2155 haud
2833 2096 2911 2154 in·

635 2204 805 2265 solita
861 2204 1209 2265 obscuriora
1265 2204 1416 2264 facta
1474 2212 1641 2264 sunt:
1698 2202 1914 2263 cohors
1972 2223 2106 2265 cum
2169 2202 2381 2263 crebro
2449 2204 2790 2263 stramentis
2852 2218 2911 2260 ac

633 2283 798 2392 palea
847 2319 1053 2392 operta
1092 2319 1151 2371 et
1187 2309 1441 2390 pedibus
1478 2310 1778 2390 pecudum
1818 2310 2119 2371 occulcata
2160 2319 2269 2394 est,
2306 2312 2582 2371 ministra
2619 2311 2686 2371 fit
2723 2308 2911 2389 fundo,

635 2419 789 2504 dum·
833 2418 1079 2499 praebet
1137 2418 1226 2478 vel
1284 2420 1578 2480 ministrat
1635 2417 1854 2498 aliquid
1913 2418 2071 2499 quod
2129 2418 2298 2479 evehi
2354 2421 2558 2498 possit.
2651 2417 2910 2479 similiter

634 2527 788 2587 dicta
839 2536 979 2586 sunt
1022 2525 1186 2609 haec,
1234 2524 1260 2584 I
1303 2523 1401 2607 16,
1440 2524 1480 2587 2
1527 2528 1753 2587 habent
1789 2560 1877 2570 —
1916 2529 2178 2587 invectos
2225 2534 2608 2604 opportunos,
2657 2544 2812 2602 quae
2855 2527 2909 2584 in

628 2635 825 2711 fundo
855 2652 1002 2712 opus
1039 2640 1195 2711 sunt,
1235 2632 1313 2694 111
1343 2631 1402 2715 9,
1433 2631 1473 2695 6
1512 2652 1708 2709 neque
1736 2653 1855 2710 per
1892 2652 1998 2695 eas
2034 2639 2360 2710 quiequam
2396 2638 2492 2695 ire
2530 2638 2691 2695 intro
2714 2635 2908 2711 possit,

635 2761 793 2818 quae
820 2760 1044 2803 nocere
1070 2745 1261 2803 solent
1282 2746 1547 2818 qallinis,
1572 2739 1673 2824 16,
1696 2739 1735 2803 8
1767 2744 2056 2803 obturant
2083 2745 2285 2804 omnia
2306 2775 2381 2785 —
2397 2760 2579 2819 quam
2608 2746 2909 2804 erithaeen

636 2853 946 2927 appellant
996 2851 1234 2911 Graeci.

814 2956 1217 3017 Secundum
1299 2957 1543 3018 uillam
1627 2957 1763 3018 duo
1839 2957 2104 3018 habere
2178 2965 2469 3038 oportet
2542 2956 2905 3019 stercilina

636 3072 1043 3126 autumnum
1092 3063 1426 3124 bifariam
1473 3063 1789 3124 diuisum
1839 3064 2140 3126 alteram
2187 3044 2372 3127 enim
2421 3074 2696 3145 partem
2754 3064 2908 3125 fleri

637 3181 928 3254 oportet
983 3171 1232 3233 uillam
1289 3190 1542 3232 nouam
1609 3171 1908 3233 alteram
1964 3183 2286 3235 ueterem
2341 3173 2501 3234 tolli
2555 3176 2626 3234 in
2681 3189 2908 3252 agrum

636 3280 821 3360 quod
871 3282 1057 3341 enim
1105 3297 1309 3358 quam
1367 3296 1624 3339 recens
1673 3280 1857 3359 quod
1914 3281 2288 3341 confacuit
2342 3277 2625 3357 melius]
2677 3282 2906 3340 Autum-

636 3405 778 3449 num
834 3386 938 3447 AB
997 3394 1056 3447 et
1118 3386 1305 3447 codex
1352 3384 1675 3467 CaesenaS,
1732 3394 2026 3448 autunum
2083 3386 2463 3449 Florentinus
2511 3406 2568 3448 m
2628 3396 2687 3448 et
2742 3386 2907 3446 editio

637 3497 918 3575 princeps
966 3512 999 3553 a
1036 3493 1322 3553 Politiano
1370 3512 1489 3554 non
1538 3504 1825 3555 correcta.
1890 3497 1951 3555 in
2001 3495 2318 3575 archetypo
2368 3502 2718 3556 autumnum
2763 3492 2905 3552 vide·

635 3610 736 3663 tur
784 3604 1071 3681 scriptum
1122 3601 1324 3682 fuisse,
1369 3610 1575 3681 postea
1624 3611 1963 3662 correctum
2013 3610 2122 3663 aut
2165 3620 2368 3663 unum.
2461 3607 2719 3664 alteram
2764 3603 2906 3662 enim

637 3713 698 3771 in
756 3716 999 3787 partem
1058 3708 1226 3784 ferri
1278 3716 1513 3785 oportet
1566 3729 1601 3770 e
1655 3699 1797 3771 villa
1853 3727 2068 3770 novum
2117 3714 2351 3785 fimum,
2410 3712 2609 3770 altera
2664 3714 2906 3768 veterem

635 3821 763 3879 tolli
823 3821 887 3878 in
948 3834 1183 3891 ayrum.
1276 3820 1441 3891 quod
1496 3821 1654 3878 enim
1720 3835 1900 3893 quam
1965 3835 2205 3891 reeens,
2262 3820 2426 3892 quod
2487 3834 2623 3878 eum
2676 3815 2906 3892 faciunt

634 3928 845 3986 melius
900 3924 1149 4005 Merula,
1205 3929 1463 3985 alteram
1527 3928 1685 3986 enim
1743 3928 1803 3985 in
1857 3931 2100 4001 partem
2160 3922 2328 3999 ferri
2388 3929 2623 3999 oportet
2684 3940 2717 3981 e
2775 3922 2904 3980 villa

636 4050 852 4093 novum
902 4035 1138 4113 fimum,
1185 4051 1264 4093 ex
1321 4036 1521 4093 altera
1576 4039 1839 4093 veterem
1897 4035 2026 4093 tolli
2090 4034 2153 4092 in
2216 4048 2452 4106 ayrum.
2542 4032 2705 4106 quod
2762 4030 2905 4089 enim

637 4139 904 4216 infertur
950 4158 1182 4221 reeens,
1228 4143 1425 4200 minus
1473 4141 1721 4216 bonum,
1769 4142 1837 4199 id
1879 4156 2014 4200 eum
2054 4140 2300 4213 flaeuit,
2347 4140 2559 4199 melius
2603 4134 2903 4211 Iucundus,

637 4252 894 4308 alteram
941 4251 1097 4309 enim
1138 4255 1382 4324 partem
1421 4245 1591 4323 ferri
1633 4253 1868 4323 oportet
1912 4266 1946 4307 e
1990 4250 2134 4308 villa
2186 4263 2417 4319 novam,
2465 4250 2719 4307 alteram
2761 4248 2900 4303 vete·
2974 4290 2980 4297 .

636 4374 764 4416 rem
812 4358 941 4417 tolli
982 4354 1280 4416 Victorius
1325 4357 1388 4415 in
1436 4353 1685 4433 reliquis
1731 4353 2000 4414 Aldinam
2049 4353 2370 4414 editionem
2419 4360 2677 4413 secutus.
2756 4348 2904 4424 quod

640 4467 797 4523 enim
844 4481 1024 4538 quam
1081 4482 1297 4524 reeens
1343 4465 1507 4537 quod
1551 4461 1904 4538 eonfraeuit
1947 4465 2182 4538 meliuS,
2230 4458 2321 4522 ‘id
2377 4469 2469 4521 est
2522 4468 2725 4538 utpote
2778 4471 2898 4516 cum

636 4568 848 4630 melius
897 4564 1004 4629 sit'
1045 4570 1326 4653 Scaliger,
1371 4573 1537 4645 quod
1580 4576 1670 4630 est
1714 4587 1895 4644 quam
1939 4588 2157 4631 reeens
2202 4572 2366 4645 quod
2409 4567 2754 4643 eonfmeuit
2793 4579 2897 4622 me·
