3178 5185
515 392 646 458 274
1198 399 1578 454 ΟΟΜΜΕΝΤ.
1618 399 1699 453 IN
1734 398 2109 454 VARRONIS

514 555 823 635 archetypi
859 553 1172 615 lectionem
1212 553 1510 615 Victorius
1547 556 1829 634 restituit,
1877 552 1981 614 sed
2018 556 2143 614 sint
2179 571 2252 614 ex
2291 551 2500 613 Aldina
2543 550 2798 612 editione

516 664 787 725 retinuit.
879 669 938 722 et
994 663 1186 740 aptior
1240 660 1353 721 hoc
1408 660 1538 721 loco
1588 661 1821 721 videtur
1882 679 2012 721 esse
2070 661 2483 721 coniunctivus
2528 660 2592 719 in
2639 677 2801 737 prae-

516 772 705 850 ceptis
753 769 825 830 de
880 767 1295 846 nessotrophio
1344 767 1781 848 constituendo,
1828 785 2003 846 quam
2051 767 2422 827 indicativus,
2495 765 2600 826 sed
2638 783 2801 845 prae-

513 885 676 938 terea
734 884 877 938 ante
935 894 1009 937 ea
1063 875 1443 936 retinendum
1500 882 1658 936 erat:
1709 882 1954 954 apparet
2011 876 2170 934 enim
2223 891 2432 953 parum
2496 880 2631 950 apte
2690 871 2802 932 dici

517 990 660 1044 ante
705 1002 811 1044 eas
856 983 1211 1043 vestibulum
1269 1000 1509 1058 earum,
1565 990 1634 1043 ut
1689 981 1760 1041 ad
1819 981 2271 1060 significandum
2326 979 2523 1040 locum
2578 981 2640 1039 in
2689 996 2804 1057 quo

509 1107 650 1150 aves
704 1088 972 1150 habitant
1027 1091 1189 1168 ipsae
1238 1107 1374 1149 aves
1432 1088 1757 1167 appellatae
1815 1090 1952 1150 sint.
2043 1091 2243 1167 itaque
2300 1088 2516 1166 scripsi
2574 1089 2637 1146 in
2686 1103 2805 1161 qua

513 1199 845 1257 secundum
879 1198 1180 1272 parietem
1225 1198 1350 1256 sint
1385 1202 1546 1256 tecta
1593 1196 1838 1270 cubilia,
1887 1201 2029 1255 ante
2075 1212 2150 1254 ea
2197 1195 2551 1254 vestibulum
2591 1210 2803 1253 earum

513 1310 935 1377 exaequatum.
1009 1320 1362 1381 quamquam
1412 1304 1635 1362 rectius
1674 1309 1801 1362 erat
1832 1304 1953 1382 sic,
1999 1303 2229 1361 cubilia
2268 1318 2499 1376 earum,
2548 1306 2694 1361 ante
2732 1317 2805 1360 ea

511 1412 868 1470 vestibulum
915 1416 1341 1484 exaequatum.
1434 1408 1708 1469 similiter
1755 1409 1827 1469 de
1885 1408 2117 1487 gallinis
2165 1425 2344 1485 supra
2390 1404 2449 1488 9,
2492 1405 2527 1468 7
2585 1408 2808 1485 scripta

514 1525 654 1577 sunt
700 1516 875 1590 haec,
934 1519 996 1576 in
1034 1520 1279 1593 pariete
1334 1519 1586 1577 exclusa
1643 1519 1766 1576 sint
1809 1517 2040 1576 cubilia
2087 1532 2330 1575 earum:
2391 1521 2533 1574 ante
2579 1517 2687 1594 sit,
2744 1519 2810 1573 ut

508 1625 661 1698 aaut,
708 1625 1064 1683 vestibulum
1087 1626 1398 1699 saeptum.

688 1728 973 1790 Canalis
1021 1730 1089 1788 in
1137 1747 1341 1808 quam
1390 1736 1460 1789 et
1506 1728 1713 1790 cibus
1759 1731 2059 1815 ponitur
2106 1731 2173 1789 in
2236 1731 2329 1790 iis
2375 1737 2442 1789 et
2498 1730 2805 1789 inmitti—

512 1845 631 1898 tur
668 1833 873 1915 aqua]
908 1836 980 1895 In
1012 1853 1192 1911 quam
1231 1842 1291 1896 et
1327 1838 1501 1896 cibus
1530 1840 1784 1913 ponitur
1824 1844 1883 1898 et
1920 1823 2259 1897 immittitur
2287 1854 2451 1911 aqua
2480 1835 2806 1917 IucunduS‚

511 1947 573 2004 in
632 1961 812 2019 quam
860 1949 921 2003 et
965 1945 1137 2003 cibus
1175 1946 1431 2019 ponitur
1477 1946 1552 2003 iis
1600 1961 1729 2022 sqq.
1776 1942 2092 2005 Victorius,
2185 1946 2248 2003 in
2294 1960 2475 2018 quam
2523 1949 2583 2003 et
2633 1943 2808 2003 cibus

510 2054 823 2127 inponitur
869 2052 945 2110 iis
993 2051 1224 2128 scripsi.
1318 2052 1611 2125 inponere
1669 2049 1943 2110 similiter
1991 2050 2216 2110 dictum
2265 2057 2356 2109 est
2402 2048 2482 2109 Ill
2524 2046 2629 2131 14,
2666 2047 2709 2109 2
2755 2051 2813 2108 si

512 2159 855 2219 adduxeris
895 2158 1106 2229 fistula
1163 2162 1221 2216 et
1266 2159 1331 2216 in
1379 2173 1512 2216 eam
1569 2158 1927 2216 mammillas
1982 2159 2340 2233 inposueris,
2431 2174 2560 2216 rem
2617 2157 2805 2234 ipsam

512 2282 627 2324 una
667 2282 803 2324 cum
841 2261 1055 2342 pabulo
1095 2263 1354 2322 anatium
1394 2264 1732 2322 accuratius
1771 2261 2089 2339 descripsit
2117 2260 2437 2322 Columella
2467 2260 2601 2321 VIII
2634 2258 2737 2341 15,
2766 2258 2807 2322 6

509 2375 712 2432 statim
760 2373 981 2431 deinde
1017 2375 1353 2445 perpetuus
1400 2371 1784 2429 canaliculus
1821 2370 1991 2428 humi
2027 2370 2346 2445 depressus
2388 2374 2808 2441 construatur,

503 2497 622 2554 per
667 2495 841 2553 quem
880 2478 1103 2536 cotidie
1139 2478 1318 2535 mixti
1352 2492 1490 2536 cum
1527 2492 1692 2550 aqua
1734 2476 1861 2534 cibi
1894 2477 2264 2534 decurrant:
2308 2478 2400 2535 sic
2428 2476 2588 2534 enim
2609 2476 2805 2551 pabu-

511 2587 678 2646 latur
726 2586 795 2644 id
833 2601 1029 2658 penus
1077 2585 1293 2643 avium.
1374 2584 1731 2658 qratissima
1792 2588 1882 2643 est
1926 2600 2069 2642 esca
2125 2585 2437 2643 terrestris
2484 2584 2808 2657 leyuminis

504 2693 798 2767 panicum
837 2697 894 2749 et
930 2692 1157 2749 milium
1204 2707 1318 2749 nec
1355 2707 1475 2750 non
1514 2697 1574 2750 et
1609 2691 1920 2750 hordeum.
1995 2692 2108 2749 sed
2133 2690 2239 2749 ubi
2271 2692 2447 2765 copia
2478 2695 2584 2770 est,
2626 2692 2807 2749 etiam

506 2799 687 2870 qlans
726 2814 803 2856 ac
840 2798 1101 2855 vinacea
1132 2798 1529 2871 praebentur.
1607 2799 1896 2871 aquatilis
1935 2802 2135 2856 autem
2174 2797 2300 2856 cibi
2332 2798 2390 2855 si
2413 2799 2493 2856 sit
2514 2794 2807 2871 facultas,

512 2906 702 2963 datur
758 2919 1106 2963 cammarus
1153 2909 1212 2963 et
1255 2905 1467 2963 rivalis
1512 2904 1835 2978 hallecula,
1882 2905 1979 2962 vel
2027 2904 2205 2976 siqua
2250 2908 2392 2962 sunt
2448 2904 2811 2963 incrementi

504 3013 695 3088 parvi
713 3012 1043 3084 fluviorum
1081 3013 1391 3071 animalia.
1457 3011 1599 3070 item
1641 3027 1890 3088 geopon.
1928 3007 2057 3068 XIV
2094 3005 2198 3090 23,
2228 3005 2271 3069 2
2305 3000 2571 3090 τροφὴν
2610 3002 2685 3069 δὲ
2715 3005 2808 3080 εἰς

512 3107 748 3197 ὀχετὸν
785 3107 1031 3189 ὕδατος
1073 3110 1434 3196 ἐμβλητέον
1476 3119 1665 3176 σῖτον
1698 3105 1739 3195 ἢ
1769 3110 2055 3197 κέγχρον
2093 3104 2409 3196 ἣκριθάς
2446 3103 2486 3193 ἢ
2525 3113 2806 3194 γίγαρτα

511 3216 972 3305 πεφυραμένα,
1020 3216 1131 3283 διὰ
1163 3216 1236 3283 δὲ
1282 3217 1534 3302 χρόνου
1579 3214 1765 3295 τινὸς
1808 3216 1919 3283 καὶ
1956 3212 2236 3304 ἀκρίδας
2274 3209 2314 3300 ἢ
2354 3218 2656 3303 καρίδας,
2694 3215 2801 3280 καὶ

512 3323 637 3391 ὅσα
694 3330 970 3409 λιμναῖα
1025 3318 1067 3409 ἢ
1134 3321 1425 3409 ποτάμια
1487 3321 1752 3401 τούτοις
1805 3321 2231 3409 παραπλήσια
2295 3320 2578 3389 εἰώθασι
2645 3330 2801 3407 λαμ-

508 3428 767 3517 βάνειν.

689 3540 731 3603 3
804 3541 901 3603 Ne
968 3561 1048 3603 eo
1115 3542 1445 3604 inuolare
1511 3542 1753 3622 aquila
1823 3543 2059 3620 possit
2123 3559 2306 3602 neue
2372 3560 2448 3602 ea
2513 3542 2800 3603 euolare

511 3648 713 3727 anas]
784 3650 945 3711 Neve
999 3669 1079 3711 ex
1136 3669 1211 3711 ea
1267 3654 1511 3711 evolare
1568 3649 1724 3710 edita
1780 3648 1919 3709 inde
1975 3668 2007 3709 a
2062 3650 2330 3728 principe
2388 3648 2649 3709 editione
2704 3668 2798 3709 ex-

512 3756 809 3835 emplaria.
902 3755 1094 3818 deleto
1142 3759 1494 3836 pronomine
1543 3776 1636 3838 ea,
1685 3755 1840 3836 quod
1889 3774 2085 3835 neque
2134 3756 2205 3816 ad
2251 3764 2441 3816 retem
2493 3755 2799 3817 commode

511 3863 729 3923 referri
774 3869 975 3940 potest
1031 3882 1224 3941 neque
1286 3881 1396 3941 pro
1454 3861 1731 3923 adverbio
1787 3861 2021 3943 haberi,
2079 3864 2289 3942 scripsi
2345 3880 2491 3924 neve
2543 3866 2800 3924 evolare.

511 3969 736 4031 Colum.
776 3967 905 4028 Vlll
948 3966 1046 4050 15,
1081 3967 1115 4030 1
1164 3974 1332 4031 locus
1369 3973 1597 4048 planus
1645 3972 1894 4045 eliqitur
1932 3972 2101 4045 isque
2150 3972 2421 4030 munitur
2464 3971 2804 4031 sublimiter

502 4079 730 4153 pedum
777 4078 1125 4151 quindecim
1163 4080 1456 4158 maceria,
1505 4078 1725 4137 deinde
1763 4079 1978 4137 clatris
2013 4074 2408 4154 superpositis
2443 4081 2541 4138 vel
2568 4080 2805 4152 prandi

511 4186 753 4270 macula
812 4184 1043 4243 retibus
1100 4187 1471 4259 conteqitur,
1527 4201 1605 4243 ne
1661 4190 1771 4244 aut
1827 4186 2112 4244 evolandi
2161 4187 2242 4244 sit
2286 4189 2556 4259 potestas
2604 4187 2799 4245 dome·

511 4292 681 4350 sticis
728 4290 940 4349 avibus
987 4295 1098 4348 aut
1141 4292 1362 4364 aquilis
1410 4296 1469 4350 et
1514 4291 1916 4365 accipitribus
1963 4292 2286 4351 involandi.

691 4393 1035 4455 Pabulum
1083 4396 1173 4454 iis
1222 4395 1431 4455 datur
1482 4396 1807 4455 triticum
1855 4394 2197 4457 hordeum
2248 4398 2535 4457 uinacei
2581 4397 2800 4475 uuae]

523 4502 684 4561 Uvae
711 4500 1027 4562 delendum
1057 4511 1158 4564 aut
1200 4506 1447 4564 vinacei
1471 4522 1550 4564 ex
1578 4522 1698 4564 uva
1738 4501 2119 4564 scribendum
2158 4522 2289 4564 esse
2327 4505 2561 4564 monuit
2586 4504 2803 4567 Ponte·
