3178 5185
899 378 1160 480 RERVM
1198 424 1679 509 RVSTICARVM
1715 425 1852 481 LIB.
1889 426 1968 479 III
2008 424 2044 479 2
2488 417 2613 481 231

332 598 536 657 cenae,
566 597 725 655 quae
753 588 917 640 nunc
947 582 1418 641 innumerabiles
1447 582 1727 640 excande
1749 578 1996 654 fuciunt
2028 597 2331 640 annonam
2363 585 2620 642 macelli.

335 688 587 760 reliquis
645 688 823 746 annis
870 689 1142 746 omnibus
1197 696 1256 747 et
1310 689 1471 747 lzanc
1536 688 1888 761 expectabis
1941 698 2230 747 summam
2285 695 2367 761 et,
2421 705 2618 764 spero,

329 811 448 853 non
496 793 611 852 tibi
654 795 946 868 decoquet
991 796 1298 867 ornithon,
1355 793 1409 852 h.
1449 812 1499 853 e.
1548 800 1607 852 et
1653 810 1942 852 summam
2001 811 2180 872 supra
2233 793 2449 853 dictam
2498 812 2616 853 non

330 901 687 977 assequeris*
738 906 797 958 et
852 899 1159 982 ornithon,
1227 909 1291 960 ut
1338 917 1541 981 spere,
1610 917 1724 959 non
1782 898 2032 959 deficiet.
2117 902 2404 960 maximus
2457 901 2614 959 enim

332 1006 566 1066 fructus
614 1024 685 1065 ex
733 1005 1047 1065 ornithone
1096 1008 1327 1084 capitur
1366 1015 1511 1086 tum,
1558 1023 1695 1064 cum
1743 1005 1949 1083 epulae
1988 1005 2257 1085 publicae
2307 1005 2394 1066 vel
2435 1024 2615 1066 cenae
2660 1082 2664 1091 ι

330 1111 714 1190 collegiorum
765 1111 930 1191 fiunt,
979 1111 1198 1189 quibus
1248 1115 1504 1190 pretium
1553 1130 1756 1172 rerum
1809 1112 2100 1173 venalium
2148 1122 2426 1193 augetur3
2481 1113 2614 1172 reli-

325 1220 459 1297 quis
508 1219 705 1298 anniS‚
763 1217 978 1296 quibus
1036 1236 1138 1278 eae
1195 1237 1313 1279 non
1373 1226 1537 1299 sunt,
1600 1220 1865 1296 quamvis
1913 1218 1982 1278 ad
2033 1219 2278 1279 eandem
2326 1237 2612 1279 summam

327 1343 442 1385 uon
491 1326 902 1407 perveniatur,
958 1333 1154 1386 tamen
1214 1325 1344 1385 illae
1403 1328 1705 1404 pastiones
1767 1344 1939 1386 suum
2000 1327 2260 1386 fructum
2310 1326 2614 1406 praebent.

327 1440 451 1492 tum
500 1433 561 1491 in
609 1431 721 1514 his,
767 1439 982 1507 quotus
1028 1436 1281 1508 quisque
1317 1436 1473 1494 enim
1521 1441 1612 1494 est
1658 1452 1872 1509 onnuS,
1911 1451 2028 1508 quo
2065 1452 2186 1494 non
2226 1436 2432 1494 videas
2470 1453 2612 1511 epu-

323 1542 445 1598 lum
502 1545 611 1598 aut
670 1541 1039 1616 triumphum
1097 1547 1207 1600 aut
1269 1543 1526 1615 collegio
1591 1558 1711 1602 non
1777 1544 2044 1617 epulari,
2106 1543 2430 1618 repetitum
2490 1560 2612 1603 non

323 1644 629 1704 offendere
670 1663 787 1704 non
826 1644 1076 1706 debebat
1116 1646 1401 1707 editores:
1440 1646 1639 1724 nullus
1670 1647 1793 1706 sere
1832 1665 2022 1706 annus
2060 1653 2169 1728 est,
2207 1666 2324 1726 quo
2365 1647 2605 1727 epulum

294 1756 425 1811 ‘aut
473 1751 841 1830 triumphum
899 1771 1015 1812 non
1065 1752 1260 1813 videas
1318 1760 1420 1813 aut
1479 1771 1595 1831 quo
1653 1752 1894 1831 collegia
1953 1753 2182 1832 epulari
2228 1772 2346 1813 non
2393 1753 2610 1815 videas,

324 1857 580 1936 denique
652 1876 718 1917 ea
776 1876 925 1936 quae
985 1868 1235 1934 restant,
1300 1878 1459 1934 quae
1516 1879 1681 1921 nunc
1748 1860 2216 1920 innumerabiles
2280 1863 2611 1921 incendunt

324 1982 653 2039 annonam,
717 1984 786 2025 ex
835 1968 1143 2044 superiore
1190 1966 1320 2027 loco
1369 1969 1568 2046 inepte
1627 1968 1876 2046 repetita
1935 1985 2066 2027 esse
2123 1975 2392 2045 apparet,
2454 1969 2610 2027 sicut

322 2070 724 2132 Schneiderus
772 2073 1136 2150 significavit.

501 2175 579 2238 17
650 2179 959 2240 Abuccius
1008 2186 1067 2239 et
1111 2179 1225 2239 hoc
1272 2179 1501 2245 locoet
1538 2176 1708 2259 1116,
1738 2175 1778 2240 6
1823 2180 1936 2240 fuit
1973 2181 2034 2239 in
2073 2179 2412 2260 archetyp0‚
2450 2179 2607 2257 quod

319 2283 595 2345 Hertzius
645 2285 832 2346 annal.
882 2285 1083 2364 philol.
1131 2305 1179 2345 a.
1229 2282 1398 2347 1873
1457 2305 1512 2365 p.
1564 2283 1691 2347 337
1752 2286 2031 2346 defendit.
2124 2288 2403 2347 Albutius
2467 2285 2605 2345 olim

320 2400 576 2469 utroque
624 2391 754 2451 loco
813 2411 883 2452 ex
938 2394 1209 2472 principe
1258 2392 1518 2452 editione
1569 2399 1876 2471 receptum
1933 2401 2076 2454 erat.
2162 2401 2427 2453 ceterum
2483 2410 2607 2451 ser·

324 2500 483 2557 moni
531 2496 839 2577 VarroniS‚
899 2516 1074 2576 quem
1133 2500 1337 2576 paucis
1393 2500 1792 2581 interpositiS,
1847 2502 1958 2559 secl
1993 2505 2251 2575 propter
2297 2501 2609 2559 luxuriam

320 2608 515 2681 inquit
553 2624 701 2686 sqq.,
749 2607 929 2666 Axius
976 2606 1471 2689 interpellaverat,
1515 2606 1663 2666 haec
1712 2608 2151 2667 continuantur.

498 2712 729 2773 Minus
786 2711 1027 2771 decem
1086 2709 1314 2788 milia]
1384 2712 1592 2772 Minus
1650 2714 1809 2772 dena
1866 2715 2054 2773 millio
2112 2712 2265 2772 edita
2331 2711 2468 2773 inde
2534 2712 2605 2773 ab

318 2819 528 2880 Aldina
579 2818 835 2879 editione
886 2817 1255 2897 exemplaria.

500 2925 586 2985 Se
654 2943 868 3004 supra
936 2932 1222 2984 centum
1294 2924 1486 2984 milia
1552 2943 1583 2984 e
1651 2924 1824 2984 uilla
1882 2934 2343 3003 recepturum
2402 2926 2606 3005 agro]

319 3034 504 3112 Acro,
537 3030 694 3110 quod
727 3033 787 3091 in
819 3032 992 3090 editis
1022 3030 1158 3091 in'de
1192 3049 1221 3090 a
1255 3032 1521 3109 principe
1562 3031 1820 3091 editione
1851 3030 2288 3111 exemplaribus
2319 3033 2605 3092 omissum

321 3158 514 3219 neque
584 3156 614 3197 a
672 3137 961 3197 Politiano
1020 3156 1091 3197 ex
1149 3136 1352 3198 codice
1412 3137 1754 3198 adnotatum
1811 3122 1930 3220 est,
1990 3138 2208 3199 habent
2273 3138 2606 3217 apographa

319 3247 543 3326 omnia,
600 3252 763 3305 recte
823 3242 1040 3303 delevit
1085 3243 1336 3305 Merula:
1393 3243 1628 3305 videtur
1686 3246 1841 3303 enim
1892 3263 1962 3304 ex
2012 3263 2079 3304 eo
2129 3244 2284 3323 quod
2337 3247 2607 3323 sequitur

321 3371 434 3427 aye
481 3358 682 3412 ortum
730 3367 879 3410 esse.
955 3339 988 3411 e
1043 3353 1185 3410 villo
1240 3349 1425 3410 deleri
1481 3349 1669 3411 voluit
1716 3349 1995 3432 UrsinuS,
2052 3369 2131 3411 ex
2190 3351 2296 3410 illu
2353 3352 2607 3411 coniecit

318 3458 639 3520 GesneruS.

496 3565 637 3643 Age
678 3582 813 3623 non
853 3563 925 3624 M.
966 3562 1134 3623 Cato
1175 3581 1402 3642 nuper
1440 3581 1595 3623 cum
1634 3562 1873 3623 lucilli
1919 3564 2200 3641 accepit
2239 3563 2535 3623 tutelam
2575 3583 2607 3624 e

316 3673 626 3752 piscinis
673 3672 829 3730 eius
877 3670 1350 3748 quadraginta
1403 3668 1696 3729 milibus
1735 3671 2079 3729 sestertis
2127 3668 2457 3729 uendidit
2504 3673 2607 3749 pi-

317 3778 489 3855 scis]
530 3778 757 3838 Lucilli
801 3778 975 3835 etiam
1033 3776 1218 3836 codex
1267 3774 1794 3854 Sangermanensis
1842 3774 2197 3835 Columellae
2236 3773 2365 3833 VIII
2408 3773 2516 3857 16,
2547 3775 2606 3858 5,

317 3887 516 3946 lucilii
542 3882 777 3943 codices
807 3881 1087 3942 Macrobii
1119 3881 1353 3942 Saturn.
1393 3881 1472 3941 lII
1498 3878 1597 3961 15,
1620 3878 1675 3942 6.
1730 3885 1944 3943 luculli
1969 3881 2120 3961 apud
2153 3881 2474 3942 Varronem
2506 3882 2604 3943 ha-

318 3991 459 4051 bent
490 3990 626 4050 libri
657 3989 1023 4048 recentiores
1043 3990 1413 4067 etimpressa
1433 3988 1569 4048 inde
1601 4007 1633 4047 a
1661 3990 1932 4067 principe
1955 3989 2211 4048 editione
2234 3989 2604 4068 exemplaria.

320 4106 409 4158 est
456 4104 655 4157 autem
694 4094 978 4156 Lucullus
1007 4094 1176 4154 Lucii
1204 4093 1455 4175 Luculli,
1494 4096 1598 4173 qui
1636 4105 1843 4155 contra
1871 4094 2268 4170 Mithridatem
2307 4098 2606 4175 pugnavit,

320 4203 493 4284 filiuS‚
532 4203 707 4263 euius
755 4200 999 4262 tutelam
1039 4199 1180 4260 Cato
1220 4201 1547 4262 avunculus
1585 4200 1845 4280 gerebat.
1922 4203 2181 4279 piscinae
2221 4201 2603 4262 Lucullorum

320 4310 634 4370 laudantur
691 4326 721 4366 a
782 4306 1041 4367 Varrone
1090 4304 1266 4387 1113,
1309 4305 1392 4368 10
1448 4316 1507 4368 et
1566 4305 1754 4388 17,.8.
1838 4310 2212 4382 quadraqies
2266 4312 2606 4369 sestertium

326 4417 578 4476 coniecit
626 4414 880 4473 Ursinus
937 4433 1004 4473 ex
1064 4413 1251 4474 Plinio
1290 4414 1370 4474 IX
1412 4411 1540 4475 170
1586 4400 1708 4496 ΙΪῈΙ
1740 4415 1855 4473 'IIS
1889 4417 2169 4490 piscinae
2225 4433 2263 4474 a
2320 4413 2606 4489 defuncto

323 4526 418 4584 illo
476 4524 740 4582 veniere.
826 4538 961 4580 cum
1011 4519 1287 4580 Varronis
1331 4521 1548 4581 vcodice
1606 4522 1987 4581 censentiunt
2042 4520 2275 4581 codices
2323 4520 2607 4583 Macrobii
