3178 5185
761 386 1022 441 RERVM
1059 384 1541 441 RVSTIOARVM
1579 386 1716 441 LIB.
1758 387 1784 439 I
1825 384 2066 442 20-22
2477 379 2560 443 67

298 544 356 603 fit
399 545 460 603 in
506 542 607 603 levi
655 552 839 620 terra,
896 541 1307 622 neglegentius
1363 541 1679 602 coniuncta
1735 542 1877 602 'sunt
1931 541 2114 603 altera
2161 543 2298 603 duo.
2372 549 2434 604 et
2476 546 2563 603 ad

297 654 477 711 molas
519 657 572 711 et
614 652 701 710 ad
743 668 819 710 ea
865 648 1130 710 ediderat
1173 648 1495 711 IucunduS.

471 755 729 817 Exinde
787 764 864 816 ut
916 755 1163 835 pabuli
1222 755 1541 816 facultas
1598 755 1743 834 est]
1802 758 2074 817 Proinde
2119 754 2394 816 Ursinus,
2466 774 2568 817 ex·

300 866 436 925 inde
483 863 772 924 Gesnerus
821 863 1087 924 defendit
1131 861 1260 923 coll.
1299 862 1325 922 I
1362 860 1477 946 24,
1506 862 1548 925 3
1596 866 1820 924 exinde
1864 870 1934 924 ut
1967 881 2116 924 vasa
2154 866 2392 924 olearia
2427 869 2571 938 quot

296 977 349 1030 et
419 976 637 1046 quanta
722 970 1006 1030 habeant.
1115 967 1384 1030 Plautina
1460 971 1589 1030 eius
1672 988 1819 1030 usus
1895 968 2159 1049 exempla
2233 970 2570 1049 composuit

298 1075 603 1138 Lorenzius
668 1079 731 1137 in
786 1075 973 1136 Plaut.
1031 1075 1257 1136 Mostel.
1306 1072 1454 1138 227.
1539 1080 1687 1137 exin
1742 1077 1814 1138 de
1873 1085 2140 1157 tempore
2198 1074 2422 1136 dictum
2480 1082 2571 1134 est

295 1180 319 1240 Ι
352 1180 455 1265 28,
480 1180 533 1244 2.
572 1180 675 1266 31,
706 1182 765 1245 3.

467 1287 504 1351 5
565 1290 640 1350 In
699 1291 1132 1369 confragoso
1189 1292 1374 1351 enim
1431 1289 1605 1351 haec
1670 1308 1746 1351 ac
1804 1290 2108 1351 difficili
2164 1288 2571 1350 ualentiora

298 1398 673 1475 parandum
739 1407 810 1459 et
875 1400 1123 1477 potius
1187 1416 1261 1457 ea
1331 1414 1512 1476 quae
1569 1415 1698 1476 per
1753 1415 1824 1458 se
1883 1397 2201 1458 fructum
2269 1396 2571 1456 reddere

299 1503 598 1582 possint]
649 1506 725 1565 In
766 1503 1132 1580 confrayoso
1171 1507 1329 1564 enim
1368 1522 1445 1564 ac
1484 1503 1733 1580 difficili
1773 1508 1929 1565 haec
1966 1506 2307 1564 valentiora
2337 1521 2573 1578 paran-

306 1612 440 1670 dum
481 1619 537 1672 et
563 1614 767 1688 potius
815 1630 905 1686 ea,
953 1629 1112 1687 quae
1152 1615 1291 1688 plus
1331 1609 1609 1686 fructum
1655 1614 1919 1672 reddere
1956 1617 2213 1687 possunt
2254 1609 2573 1670 iucundus,

303 1719 522 1779 restitui
567 1728 828 1779 veterem
876 1718 1209 1779 lectionem.
1285 1734 1419 1777 nam
1462 1736 1579 1793 per
1624 1726 1689 1778 se
1730 1715 2005 1792 fructum
2054 1720 2318 1778 reddere
2355 1715 2575 1777 (licitur

302 1823 370 1883 de
424 1825 689 1908 utilitate,
748 1843 924 1903 quam
979 1842 1187 1884 vaccae
1248 1832 1307 1883 et
1367 1825 1519 1884 asini
1567 1795 1744 1884 etssm
1801 1832 2039 1902 praeter
2095 1826 2220 1902 agri
2279 1823 2573 1884 culturam

305 1930 591 2008 praebent.
664 1931 1073 2011 neglegentior
1129 1937 1328 1992 autem
1384 1929 2062 1991 verborum'collocatio
2117 1932 2179 1989 in
2234 1929 2575 1990 huiusmodi

305 2037 813 2117 compositionibus
855 2056 974 2098 non
1015 2037 1202 2097 aliena
1243 2043 1334 2098 est
1371 2035 1443 2097 ab
1483 2055 1597 2098 usu
1636 2035 1934 2119 Varronis,
1973 2036 1998 2095 I
2033 2034 2132 2118 19,
2163 2034 2204 2096 2
2240 2041 2577 2113 superioris

306 2144 516 2204 domini
550 2148 818 2205 instituto
850 2151 909 2204 et
935 2147 1292 2226 vicinorum,
1340 2141 1443 2225 24,
1473 2141 1517 2204 4
1553 2146 1881 2204 cacumina
1912 2146 2275 2219 populorum
2312 2146 2576 2204 serenda

306 2256 361 2308 et
399 2253 881 2326 harundinetum,
928 2248 1014 2313 26
1056 2254 1311 2325 fiscinas
1359 2254 1585 2328 expedi
1629 2258 1690 2313 et
1732 2268 1971 2325 urnam,
2020 2247 2123 2331 27,
2164 2248 2203 2311 3
2253 2268 2389 2311 cum
2431 2255 2573 2325 θεῖα

307 2360 548 2419 cortices
610 2377 692 2420 ex
758 2360 1052 2418 imbribus
1117 2365 1381 2418 careant
1444 2365 1504 2419 et
1562 2360 1793 2434 glacie,
1828 2356 1963 2417 ·ubi
2028 2364 2088 2417 et
2149 2358 2210 2417 in
2272 2356 2579 2418 codicibus

309 2466 571 2525 omissum
619 2463 836 2545 addidi,
881 2462 988 2545 40,
1018 2462 1059 2525 3
1108 2467 1168 2524 in
1216 2468 1383 2525 sicco
1421 2472 1480 2526 et
1524 2483 1736 2525 macro
1784 2468 1915 2525 loco
1953 2472 2013 2524 et
2049 2468 2354 2546 arqilloso,
2398 2462 2509 2547 40,
2536 2462 2580 2525 4

303 2573 538 2645 plantae
587 2575 779 2658 solum
833 2573 1136 2652 stabilius,
1205 2588 1323 2646 quo
1379 2574 1563 2633 latius
1620 2578 1730 2632 aut
1787 2573 2035 2632 radices
2074 2569 2329 2647 facilius
2385 2575 2582 2654 mittit,

306 2675 381 2735 111
415 2675 468 2760 9,
494 2675 577 2738 20
623 2681 842 2739 evulsis
888 2697 969 2739 ex
1014 2682 1129 2739 alis
1168 2680 1377 2755 pinnis
1424 2686 1483 2739 et
1527 2698 1561 2740 e
1608 2681 1830 2739 cauda.

469 2791 594 2845 XXI
661 2784 886 2846 Canes
949 2787 1196 2865 potius
1262 2803 1416 2846 cum
1483 2785 1840 2864 dignitate
1906 2794 1975 2845 et
2041 2804 2247 2846 acres
2314 2804 2581 2866 paucos

310 2889 684 2954 habendum
734 2910 941 2972 quam
989 2892 1251 2953 multos
1299 2910 1475 2971 quos
1523 2893 2028 2953 consuefacias
2074 2895 2325 2971 potius
2363 2901 2581 2954 noctu

310 3000 594 3078 uigilare
662 3007 732 3061 et
797 2999 1123 3060 interdiu
1188 2998 1477 3060 clausos
1542 2998 1895 3077 dormire]
1963 3001 2055 3060 De
2115 3001 2397 3077 canibus,
2452 3004 2583 3061 sine

310 3109 509 3179 quibus
560 3109 773 3182 utique
827 3110 971 3168 villa
1018 3124 1246 3184 parum
1308 3113 1439 3167 tuta
1494 3109 1589 3167 sit.
1682 3108 1875 3166 Canes
1921 3109 2127 3182 potius
2182 3124 2311 3185 sqq.
2358 3106 2582 3167 Merula

312 3215 618 3292 anteposita
665 3212 924 3293 rubrica,
975 3231 1153 3292 quam
1200 3231 1270 3273 ex
1317 3215 1410 3294 iiS,
1458 3231 1608 3292 quae
1649 3215 1708 3273 in
1750 3214 1864 3273 fine
1905 3215 2115 3292 capitis
2156 3213 2582 3274 undevicesimi

311 3321 363 3377 in
413 3319 576 3380 libris
632 3322 856 3398 scripta
923 3329 1118 3400 erant,
1183 3322 1660 3381 concinnaverat.
1734 3337 1871 3380 cum
1928 3321 2227 3394 dianitate
2282 3320 2354 3380 de
2414 3324 2579 3381 asino

311 3423 516 3487 dictum
570 3434 665 3487 est
711 3423 932 3507 116,3
990 3444 1127 3488 cum
1184 3430 1482 3502 diqnitate
1536 3434 1608 3487 ut
1658 3430 1762 3503 sit,
1819 3435 1879 3486 et
1936 3426 2208 3487 similiter
2264 3426 2337 3487 de
2400 3428 2583 3487 forma

310 3533 421 3592 suis
473 3530 629 3612 114,
670 3531 711 3594 3
770 3551 844 3594 ea
902 3541 991 3594 est
1046 3551 1183 3594 cum
1240 3537 1639 3610 amplitudine
1694 3536 2114 3594 membrorum.
2191 3537 2394 3610 potius
2448 3543 2586 3613 post

310 3640 724 3715 consuefacias
770 3658 842 3699 ex
890 3638 1320 3719 superioribuS,
1368 3648 1436 3700 ut
1483 3640 1737 3723 videtur,
1784 3643 2105 3719 repetitum
2155 3639 2359 3701 delevi.

470 3745 561 3806 De
618 3745 995 3807 indomitis
1052 3745 1634 3825 quadripedibus
1690 3766 1767 3807 ac
1824 3764 2082 3826 pecore
2140 3746 2583 3826 faciendum]

310 3852 668 3913 Faciendum
724 3851 912 3913 deleri
969 3851 1155 3913 voluit
1211 3852 1474 3932 Scaliger
1530 3850 1830 3933 tamquam
1887 3862 2083 3913 ortum
2151 3872 2222 3912 ex
2288 3852 2587 3934 lemmate,

311 3959 452 4035 quod
501 3958 742 4038 quidem
789 3961 851 4019 in
899 3959 1173 4038 capitulis
1220 3959 1400 4020 huius
1446 3958 1586 4019 libri
1633 3962 1925 4039 scriptum
1964 3968 2073 4040 est,
2120 3961 2192 4020 Si
2218 3967 2409 4036 prata
2446 3967 2588 4021 sunt

310 4066 364 4123 in
402 4064 613 4140 funde,
655 4084 846 4142 pecus
892 4084 1013 4127 non
1062 4073 1166 4141 est,
1214 4069 1364 4142 quid
1406 4071 1486 4127 sit
1524 4066 1901 4143 faciendum.
1973 4065 2133 4126 hunc
2182 4065 2483 4127 Gesnerus
2528 4076 2587 4127 et

315 4168 703 4232 Schneiderus
752 4175 944 4233 secuti
991 4180 1149 4254 sunt,
1197 4191 1407 4252 parum
1454 4176 1665 4234 attenti
1712 4173 1782 4234 ad
1841 4172 2190 4234 brevitatem
2246 4173 2479 4234 dicendi
2525 4175 2587 4233 in

310 4275 393 4337 bis
445 4281 779 4359 praeceptis
828 4287 1188 4360 usurpatam.
1262 4298 1399 4340 nam
1460 4283 1521 4340 in
1568 4281 1684 4341 fine
1741 4281 1870 4341 eius
1926 4282 2112 4359 partis
2170 4298 2319 4358 quae
2377 4287 2469 4339 est
2514 4279 2587 4340 de

313 4386 635 4447 semivocali
682 4384 901 4464 genere
957 4389 1342 4447 instrumenti
1396 4385 1660 4449 breviter
1707 4385 2153 4468 praescribitur,
2201 4386 2343 4464 quid
2391 4386 2463 4446 de
2501 4388 2587 4446 in-

314 4490 538 4554 domitis
587 4492 1074 4577 quadripedibuS,
1121 4496 1181 4553 in
1231 4493 1448 4572 quibus
1495 4513 1679 4574 pecus
1727 4502 1836 4569 est,
1884 4493 2121 4553 domino
2161 4492 2325 4553 fundi
2369 4494 2586 4553 facien-

1532 4618 1538 4622 .
2084 4592 2163 4648 5*
