3178 5185
836 362 1096 417 RERVM
1129 362 1606 418 RVSTICARVM
1646 363 1779 417 LIB.
1817 362 1843 415 Ι
1881 357 2125 413 41--44
2514 365 2637 430 181

347 529 718 604 fecundiora,
788 538 856 591 ut
920 530 1136 590 femina
1204 549 1376 609 quam
1443 549 1566 591 mas
1635 538 1693 591 et
1757 550 1867 610 pro
1922 534 2195 611 portione
2251 533 2311 591 in
2369 532 2640 610 virgultis

342 638 499 697 item.
610 640 815 717 itaque
890 638 1064 718 ficus,
1136 637 1326 699 malus
1400 640 1616 716 punica
1692 646 1752 697 et
1818 640 1952 699 vitis
2016 647 2261 718 propter
2326 639 2636 709 femineam

342 744 647 805 mollitiam
712 745 786 805 ad
851 745 1239 805 crescendum
1295 764 1506 826 prona,
1572 754 1778 806 contra
1832 745 2024 823 palma
2081 753 2139 806 et
2195 764 2517 825 cupressus
2573 751 2688 807 et5

340 852 464 911 olea
519 854 581 912 in
641 852 969 912 crescendo
1026 852 1219 913 tarda:
1279 855 1341 911 in
1398 852 1510 912 hoc
1568 855 1726 912 enim
1782 853 2074 913 umidiora
2132 856 2308 932 quam
2364 852 2636 913 aridiora.

280 977 310 1015 5
343 978 519 1037 quare
587 977 660 1018 ex
730 966 890 1019 terra
960 962 1160 1037 potius
1224 962 1286 1019 in
1345 960 1692 1042 ⁴seminariis
1757 959 2030 1020 surculos
2096 960 2167 1019 de
2224 961 2395 1020 ficeto
2462 979 2636 1039 quam

339 1083 515 1143 grana
584 1061 665 1125 de'
725 1067 837 1125 fico
905 1066 1141 1143 expedit
1206 1065 1487 1147 obruere,
1561 1073 1798 1145 praeter
1864 1068 1916 1125 si
1980 1065 2151 1126 aliter
2214 1085 2501 1147 nequeaS,
2573 1074 2637 1127 ut

339 1173 628 1251 siquando
689 1175 825 1252 quis
882 1182 1045 1234 trans
1102 1192 1262 1234 mare
1319 1175 1544 1233 semina
1601 1175 1836 1232 mittere
1894 1181 1997 1233 aut
2051 1173 2188 1233 inde
2246 1180 2447 1251 petere
2495 1173 2635 1233 vult.

338 1286 466 1340 tum
511 1282 674 1339 enim
724 1281 1066 1341 resticulam
1116 1299 1223 1359 per
1269 1282 1440 1360 ficos,
1498 1298 1645 1358 quas
1692 1279 1950 1360 edimus,
2008 1287 2269 1340 maturas
2315 1287 2634 1359 perserunt

337 1394 394 1447 et
450 1406 574 1468 eaS,
642 1407 781 1447 cum
839 1389 1216 1468 inaruerunt,
1282 1386 1620 1466 conplicant
1672 1405 1738 1447 ac
1788 1405 1904 1465 quo
1953 1386 2158 1447 volunt
2204 1388 2475 1467 mittunt,
2532 1386 2636 1446 ubi

251 1512 309 1551 ιο
337 1493 583 1554 obrutae
633 1497 694 1554 in
746 1497 1062 1555 seminario
1109 1496 1357 1573 pariant.
1450 1496 1534 1553 sic
1582 1512 1798 1571 genera
1848 1493 2113 1575 ficorum,
2161 1493 2326 1553 chiae
2365 1512 2431 1554 ac
2471 1493 2686 1558 chal-6

336 1602 558 1662 cidicae
607 1612 669 1661 et
716 1602 905 1681 lydiae
945 1603 1255 1681 africanae,
1293 1603 1434 1661 item
1475 1581 1674 1661 cetera
1713 1601 2103 1660 transmarina
2144 1601 2204 1659 in
2242 1599 2464 1660 Italiam
2506 1620 2636 1680 per·

336 1707 461 1769 lata.
560 1709 744 1768 simili
793 1709 865 1769 de
915 1727 1108 1788 causa,
1156 1708 1318 1768 oleae
1359 1726 1563 1768 semen
1603 1726 1739 1768 cum
1780 1709 1857 1773 sit
1895 1706 2208 1787 nuculeuS,
2257 1707 2413 1785 quod
2454 1726 2524 1767 ex
2564 1727 2633 1767 eo

333 1816 561 1876 tardius
611 1815 1006 1877 enascebatur
1053 1815 1198 1875 colis
1247 1834 1421 1894 quam
1470 1833 1541 1874 ex
1591 1813 1738 1895 aliis,
1786 1813 1918 1873 ideo
1957 1815 2157 1892 potius
2196 1816 2256 1873 in
2296 1817 2635 1875 seminariis

333 1922 530 2005 taleaS,
599 1942 749 2002 quas
816 1923 954 2003 dixi,
1020 1924 1292 1983 serimus,
1402 1923 1464 1982 in
1528 1922 1738 2001 primis
1804 1920 2084 1981 observes
2149 1939 2223 1979 ne
2290 1923 2351 1981 in
2408 1928 2627 1982 terram
2666 1924 2820 1985 XLll

247 2046 303 2086 15
332 2032 581 2091 nimium
631 2031 857 2091 aridam
905 2038 1008 2090 aut
1055 2032 1292 2112 variam,
1340 2029 1443 2089 sed
1492 2036 1895 2107 temperatam,
1946 2046 2148 2087 semen
2186 2027 2477 2088 demittas
2571 2030 2632 2088 in

331 2139 604 2216 iugerum
654 2156 861 2217 unum,
911 2139 963 2197 si
1009 2144 1101 2197 est
1148 2145 1357 2197 natura
1407 2142 1733 2214 temperata
1774 2143 1951 2215 terra,
2000 2134 2272 2195 scribunt
2311 2153 2461 2213 opus
2500 2153 2631 2195 esse

330 2245 591 2305 medicae
644 2245 1136 2324 sesquimodium.
1227 2244 1285 2304 id
1335 2246 1556 2305 seritur
1603 2245 1713 2322 ita,
1761 2252 1829 2302 ut
1877 2259 2077 2302 semen
2127 2243 2403 2324 iaciatur,
2454 2261 2630 2321 quem

329 2352 399 2412 ad
463 2352 708 2412 modum
778 2351 875 2429 [L]
944 2370 1078 2411 cum
1147 2350 1426 2429 pabulum
1494 2357 1552 2410 et
1609 2352 1974 2414 frumentum
2031 2352 2268 2410 seritur.
2371 2351 2623 2428 cytisum
2665 2352 2843 2413 XLlll

330 2462 550 2534 seritur
613 2462 674 2519 in
736 2468 892 2519 terra
952 2458 1103 2518 bene
1161 2457 1402 2518 subacta
1462 2467 1759 2535 tamquam
1818 2475 2018 2517 semen
2076 2456 2389 2516 brassicae.
2491 2456 2628 2517 inde

246 2582 301 2621 20
327 2566 600 2627 differtur
649 2572 712 2627 et
758 2567 821 2626 in
869 2565 1284 2645 sesquipedem
1333 2565 1601 2645 ponitur,
1660 2572 1761 2625 aut
1807 2566 1985 2625 eliam
2031 2564 2103 2625 de
2152 2565 2338 2644 cytiso
2387 2563 2628 2624 duriore

312 2673 586 2752 ⁴virgulae
638 2672 1073 2754 deplantantur,
1120 2680 1180 2732 et
1224 2674 1303 2731 ita
1353 2674 1631 2750 pangitur
1677 2674 1738 2732 in
1777 2671 2045 2732 serendo,
2139 2678 2421 2731 seruntur
2461 2670 2626 2730 fabae
2663 2674 2841 2735 XLIV

469 2888 497 2935 1
528 2879 894 2936 foecundiora
933 2879 986 2932 V
1126 2879 1369 2933 foemina
1410 2879 1461 2930 V
1592 2885 1623 2932 2
1658 2879 1916 2947 ‘Propter
1944 2877 2278 2933 foemineam
2307 2876 2625 2932 mollitiam.

318 2971 419 3026 Ita
461 2972 667 3026 habent
705 2971 925 3039 antiqui
962 2969 1136 3023 libri:
1167 2984 1279 3022 non
1317 2969 1637 3035 Mollitiem,
1688 2973 1750 3021 ut
1787 2969 1850 3022 in
1886 2967 2117 3022 excusis’
2208 2968 2486 3022 Victorius

318 3059 624 3114 femineam
676 3058 822 3113 A²m
867 3056 1133 3111 feminam
1172 3055 1293 3111 AB
1340 3056 1680 3111 foemineam
1730 3056 1801 3125 V,
1850 3057 1948 3110 ubi
1993 3071 2027 3107 a
2073 3056 2311 3110 litteram
2355 3057 2627 3111 subducta

320 3150 524 3204 lineola
559 3149 778 3202 ‘notavit
821 3147 898 3215 P,
935 3152 999 3201 ut
1036 3152 1166 3201 esset
1203 3145 1496 3213 feminem3
1548 3147 1767 3200 videtur
1794 3147 1987 3214 potius
2025 3162 2054 3199 e
2093 3145 2280 3200 littera
2314 3149 2511 3199 notata
2546 3144 2625 3199 fe-

318 3236 529 3292 minam
568 3238 804 3292 scribere
839 3236 1070 3291 voluisse
1205 3241 1236 3288 3
1276 3234 1573 3288 mollitiam
1608 3234 1785 3289 PAB
1815 3233 2120 3288 molliciam
2147 3251 2179 3287 v
2289 3239 2324 3286 4
2362 3234 2487 3288 olea
2531 3234 2625 3308 inc

316 3325 682 3381 increscendo
721 3325 777 3380 A
932 3325 1210 3379 umidiora
1250 3323 1366 3377 PA
1402 3322 1723 3377 humidiora
1759 3325 1812 3377 B
1825 3342 1854 3378 v
2009 3327 2042 3375 8
2091 3322 2423 3393 posticulam
2464 3327 2624 3395 (corr.

315 3414 644 3470 resticulam
684 3413 787 3483 A2)
835 3431 934 3484 per
972 3413 1105 3467 ficos
1146 3412 1329 3467 PAB
1375 3411 1698 3466 resticulam
1744 3430 1845 3481 per
1892 3414 2027 3466 ficus
2073 3430 2127 3467 m
2164 3429 2264 3482 per
2300 3413 2622 3468 resticulam

317 3505 452 3558 ficos
488 3521 521 3558 v
646 3509 678 3557 9
718 3503 1046 3558 inaruerunt
1083 3502 1202 3556 AB
1227 3502 1501 3556 Victorius
1537 3501 1849 3556 inaruerint
1893 3502 1946 3555 V
2052 3500 2394 3570 complicant
2447 3502 2625 3558 VAB

290 3654 295 3655 ff
426 3593 562 3663 quo]
586 3610 653 3647 co
673 3591 730 3646 A
749 3609 886 3647 corr.
907 3608 1016 3661 quo
1037 3591 1118 3645 ΑΒ
1231 3597 1293 3644 11
1326 3590 1511 3659 lydiae
1534 3589 1821 3644 africanae
1855 3591 1906 3642 V
1921 3588 2089 3644 lidiae
2111 3590 2395 3645 africanae
2409 3592 2465 3645 B
2485 3591 2622 3646 lidie

319 3679 864 3750 affricaneAlydiae
885 3683 943 3736 et
961 3680 1244 3735 africanae
1266 3680 1562 3734 Iucundus
1662 3680 1884 3733 caetera
1913 3679 1966 3733 V
2063 3685 2127 3733 12
2158 3681 2425 3736 nuculeus
2442 3681 2623 3737 PAB

319 3770 548 3825 nucleus
570 3769 759 3824 A²mv
872 3776 936 3823 13
958 3768 1017 3822 in
1038 3767 1349 3823 seminariis
1370 3770 1433 3822 in
1461 3769 1709 3838 maryine
1736 3770 2001 3836 seriptum
2019 3770 2084 3823 in
2102 3770 2158 3823 B
2272 3776 2338 3823 14
2367 3766 2483 3824 dixi
2502 3769 2622 3826 AB

323 3856 563 3913 diximus
614 3859 667 3912 V
773 3875 842 3912 ne
880 3857 940 3911 in
976 3860 1185 3912 terram
1215 3859 1336 3913 AB
1374 3857 1468 3912 uel
1495 3858 1553 3912 in
1583 3860 1790 3912 terram
1832 3857 1885 3910 V
1991 3862 2054 3911 15
2095 3858 2360 3914 demittas
2400 3859 2511 3914 VA
2542 3859 2622 3912 di-

322 3949 512 4002 mittas
543 3950 601 4003 B
718 3954 782 4001 17
821 3947 1039 4002 medica
1077 3946 1551 4016 esesquimodium
1581 3945 1636 4000 A
1746 3947 1827 4000 ita
1863 3948 1927 4000 ul:
1956 3977 2021 3985 -
2054 3946 2255 4001 seritur
2287 3949 2350 4001 in
2376 3950 2623 4017 maryine
2673 3940 2679 3945 ⁴

325 4038 529 4106 scripta
584 4038 650 4090 in
698 4037 753 4091 B
905 4036 1145 4091 iaciatur
1195 4034 1467 4092 Gesnerus
1524 4036 1768 4090 iactatur
1825 4034 2003 4090 VAB
2150 4034 2621 4103 quemadmodum

327 4166 340 4179 .
362 4125 421 4179 L.
461 4144 586 4180 cum
618 4126 738 4180 PB
777 4125 1247 4193 quemadmodum
1279 4169 1290 4180 .
1320 4126 1356 4178 1.
1397 4143 1523 4179 cum
1551 4124 1608 4179 A
1636 4125 2107 4194 quemadmodum
2136 4123 2352 4178 scilicet
2389 4140 2513 4177 cum
2542 4142 2574 4178 v
2606 4168 2620 4181 .

331 4215 458 4270 ‘Pro
495 4216 735 4281 scilicet,
773 4215 838 4268 in
872 4231 1041 4270 manu
1076 4216 1299 4284 scriptis
1336 4216 1616 4270 codicibus
1652 4220 1728 4269 est
1764 4219 1896 4269 nota
1932 4215 2051 4280 illa,
2088 4215 2154 4268 de
2189 4230 2301 4282 qua
2339 4213 2421 4267 bis
2458 4220 2623 4270 antea
2675 4255 2687 4267 .

327 4305 532 4360 locutus
567 4321 724 4370 sum,
764 4320 902 4371 quae
937 4305 1071 4372 quid
1105 4305 1392 4374 siqnifioet,
1430 4321 1544 4358 non
1579 4306 1710 4358 dum
1739 4304 1962 4372 percepi
1991 4323 2004 4355 z
2037 4301 2520 4368 Quemadmodum
2558 4302 2618 4357 L.

325 4411 442 4448 cum
479 4391 787 4464 pabulum'
867 4391 1138 4447 Victorius
1251 4400 1314 4447 19
1353 4396 1642 4462 tamquam
1672 4392 1728 4448 A
1763 4394 2031 4459 tanquam
2073 4390 2186 4445 VB
2294 4395 2360 4444 21
2391 4391 2620 4460 deplan-

322 4484 508 4538 tantur.
552 4483 673 4536 VB
713 4479 1074 4548 deplantatur
1110 4482 1166 4537 A
