3178 5185
858 413 1115 468 RERVM
1155 411 1625 468 RVSTICARVM
1663 412 1798 467 LIB.
1838 414 1861 466 I
1902 413 2053 471 2—3
2489 415 2609 478 131

295 582 571 642 huiusce
643 581 821 660 pedes
888 579 1078 640 solent
1138 579 1364 660 dolere,
1428 583 1488 639 in
1547 581 1742 641 fronte
1799 582 2148 641 contrahere
2206 601 2401 661 rugas,
2502 582 2606 643 Dic
2630 589 2709 646 27

296 688 507 770 sodeS,
562 691 760 767 inquit
798 687 1166 748 Fundanius:
1214 707 1348 748 nam
1388 687 1539 748 malo
1578 688 1652 747 de
1691 690 1839 747 meis
1876 689 2128 768 pedibus
2165 689 2390 770 audire,
2438 709 2613 769 quam

295 814 489 874 quem
556 796 631 856 ad
680 796 918 856 modum
965 796 1149 874 pedes
1197 795 1472 856 betaceos
1520 797 1638 854 seri
1687 802 1973 872 oporteat.
2069 795 2231 855 Stolo
2279 796 2614 877 subridenS‚

294 903 538 984 Dicam,
589 905 801 983 inquit,
849 902 1071 962 eisdem
1122 901 1338 981 quibus
1384 902 1481 962 ille
1533 901 1727 962 verbis
1776 904 2017 981 scripsit
2063 902 2153 961 vel
2200 903 2611 982 Tarquennam

242 1021 267 1060 ⁵
295 1011 543 1089 audivi3
606 1028 739 1070 cum
787 1009 1013 1069 homini
1059 1009 1241 1087 pedes
1290 1009 1488 1069 dolere
1537 1011 1894 1089 coepissent,
1943 1011 2045 1087 qui
2094 1012 2181 1069 tui
2228 1011 2613 1083 meminisset,

294 1120 353 1178 ei
414 1117 662 1177 mederi
710 1134 900 1195 posse.
994 1135 1101 1195 ego
1150 1118 1239 1176 tui
1284 1117 1555 1197 memini,
1613 1117 1852 1176 medere
1900 1117 2047 1175 meis
2095 1116 2371 1195 pedibuS,
2431 1113 2612 1177 ‘terra

295 1233 548 1302 pestem
614 1231 841 1303 teneto,
909 1222 1068 1283 salus
1134 1223 1230 1283 hic
1296 1230 1531 1283 maneto
1598 1225 1659 1283 in
1725 1224 1873 1282 meis
1939 1218 2231 1300 pedibus'.
2343 1222 2454 1283 hoc
2520 1231 2613 1283 ter

294 1333 563 1391 noviens
613 1337 850 1390 cantare
897 1330 1083 1411 iubet,
1129 1338 1347 1390 terram
1387 1338 1647 1411 tangere,
1696 1329 2005 1409 despuere,
2053 1331 2318 1390 ieiunum
2357 1338 2611 1391 cantare.

294 1438 522 1519 Multa,
571 1439 843 1518 inquam,
899 1440 1041 1497 item
1089 1437 1198 1498 alia
1245 1437 1528 1498 miracula
1576 1437 1731 1517 apud
1782 1436 2066 1496 Sasernas
2113 1439 2405 1519 invenieS‚
2454 1457 2603 1516 quae
2627 1444 2706 1499 28

220 1556 271 1595 1⁰
297 1546 508 1604 omnia
570 1552 712 1604 sunt
767 1544 997 1604 diversa
1053 1544 1126 1604 ab
1183 1545 1308 1622 agri
1364 1542 1594 1603 cultura
1653 1552 1714 1615 et
1772 1544 1906 1603 ideo
1961 1543 2339 1621 repudianda.
2433 1543 2616 1614 Quasi

296 1669 464 1731 vero,
508 1653 774 1732 inquam,
812 1669 929 1710 non
969 1650 1121 1730 apud
1162 1659 1394 1711 ceteros
1433 1668 1671 1730 quoque
1702 1652 2026 1727 scriptores
2057 1651 2192 1710 talia
2222 1653 2613 1729 reperiantur.

298 1776 373 1817 an
446 1775 579 1817 non
634 1759 697 1817 in
755 1760 952 1836 magni
1007 1758 1166 1818 illius
1222 1757 1459 1817 Catonis
1516 1756 1694 1834 libro,
1762 1759 1866 1835 qui
1922 1757 1993 1816 de
2052 1759 2178 1836 agri
2233 1758 2466 1818 cultura
2524 1767 2614 1819 est

297 1864 541 1944 edituS,
600 1867 824 1943 scripta
872 1872 1011 1925 sunt
1058 1864 1350 1945 permulta
1399 1863 1639 1946 similia,
1695 1873 1764 1925 ut
1809 1864 1978 1944 haec,
2028 1882 2204 1943 quem
2253 1866 2323 1925 ad
2372 1866 2612 1926 modum

298 1971 649 2050 placentam
707 1973 900 2032 facere
949 1978 1246 2051 oporteat,
1304 1989 1420 2050 quo
1467 1979 1642 2050 pacto
1690 1971 1901 2045 libum,
1961 1989 2073 2050 qua
2122 1973 2350 2032 ratione
2397 1992 2613 2051 pernas

221 2085 270 2127 15
299 2074 571 2138 saliere?
665 2077 813 2138 Illud
862 2097 980 2138 non
1029 2078 1196 2159 dicis,
1243 2080 1439 2156 inquit
1476 2078 1708 2158 AgriuS,
1757 2079 1914 2156 quod
1963 2077 2188 2159 scribit,
2238 2075 2313 2137 ‘si
2361 2078 2504 2138 velis
2553 2082 2611 2138 in

300 2187 587 2244 convivio
655 2184 907 2245 multum
973 2184 1178 2245 bibere
1249 2202 1580 2264 cenareque
1648 2184 1930 2264 libenter,
1998 2192 2132 2244 ante
2190 2204 2320 2245 esse
2379 2193 2614 2264 oportet

300 2291 643 2351 brassicam
692 2292 935 2351 crudam
984 2310 1055 2351 ex
1103 2299 1269 2352 aceto
1317 2291 1512 2370 aliqua
1560 2291 1698 2352 folia
1748 2287 2053 2371 quinque'.

484 2396 710 2479 Igitur,
776 2400 970 2477 inquit
1025 2398 1334 2479 AgrasiuS,
1400 2417 1550 2478 quae
1618 2399 1974 2477 diiungenda
2033 2406 2234 2459 essent
2289 2418 2318 2458 a
2377 2398 2608 2459 cultura
2647 2397 2727 2457 ΙΙΙ

301 2507 482 2565 cuius
524 2505 692 2564 modi
729 2507 865 2586 sint,
903 2508 1181 2584 quoniam
1220 2506 1564 2588 discretum,
1605 2507 1677 2566 de
1714 2509 1788 2566 iis
1825 2506 2005 2567 rebus
2035 2525 2185 2585 quae
2216 2505 2332 2584 [in]
2364 2508 2610 2567 scientia

448 2719 483 2767 5
527 2729 657 2767 cum
696 2713 912 2768 homini
947 2713 1118 2783 pedes
1158 2713 1347 2770 dolere
1386 2714 1705 2785 coepissent
1741 2715 1893 2769 Ptin.
1930 2719 2026 2783 28,
2063 2718 2135 2770 21
2286 2719 2349 2769 15
2388 2715 2435 2769 si
2469 2715 2610 2770 velis

300 2801 359 2855 in
398 2800 676 2857 convivio
717 2801 831 2856 Cat.
872 2803 938 2857 de
975 2804 1100 2872 aqri
1136 2805 1263 2858 cult.
1302 2809 1430 2872 156,
1468 2810 1507 2860 2

453 3006 481 3052 1
534 2997 598 3051 in
639 2998 825 3053 fronte
864 3000 948 3054 bis
983 2999 1275 3067 scriptum,
1321 3000 1413 3054 sed
1439 3000 1743 3068 posteriore
1780 3000 1894 3054 loeo
1931 2999 2160 3053 deletum
2196 3004 2272 3053 est
2315 3000 2379 3052 in
2415 2997 2471 3052 A

303 3089 606 3141 contracte
645 3088 700 3139 A
843 3092 874 3137 ἱ).
914 3087 1102 3155 inquit
1149 3088 1262 3142 VB
1297 3087 1494 3156 inquid
1531 3090 1584 3141 A
1731 3093 1765 3140 4
1801 3086 1987 3156 inquii»
2032 3087 2147 3141 VB
2181 3086 2376 3156 inquid
2414 3087 2470 3141 A

300 3177 687 3244 tarquennam
716 3176 899 3230 PAB
926 3176 1148 3230 tantum
1171 3193 1314 3244 quae
1341 3177 1457 3231 iam
1482 3194 1530 3231 v.
1610 3177 1736 3231 ‘Vel
1757 3176 2146 3245 Tarquennam
2165 3175 2371 3230 audiui.
2449 3176 2612 3231 Vetus

301 3264 434 3319 haec
481 3270 567 3319 est
612 3266 781 3320 lectio.
862 3265 1194 3335 Tarquenna
1237 3282 1457 3335 nomen,
1501 3271 1566 3320 ut
1602 3267 1868 3333 arbitror,
1904 3266 2199 3335 proprium
2248 3266 2605 3334 ‹maynostae’

315 3353 607 3408 Victorius
750 3358 782 3408 5
848 3356 1129 3424 cepissent
1171 3355 1229 3408 A
1373 3359 1405 3408 8
1468 3356 1664 3409 nonies
1722 3355 1775 3408 V
1830 3354 2065 3409 nobiens
2122 3369 2258 3408 corr.
2313 3353 2510 3409 nobies
2555 3356 2610 3410 A

304 3446 389 3538 ¹ilio
426 3444 567 3537 1εὲῗέ
609 3480 666 3533 Β
718 3479 892 3534 nobes
944 3478 1140 3534 nouies
1176 3496 1230 3533 m
1373 3477 1552 3547 iubet]
1601 3478 1760 3532 lubet,
1794 3478 1852 3531 B
1996 3478 2268 3547 despuere
2316 3479 2609 3533 Iracundus

304 3573 577 3642 dispuere
634 3569 816 3623 VAB
967 3574 999 3621 9
1046 3568 1227 3622 multa
1271 3568 1456 3636 inquit
1501 3567 1773 3622 Gesnerus
1930 3573 1991 3620 11
2043 3568 2291 3622 caeteros
2348 3567 2402 3620 V
2543 3572 2607 3620 15

307 3660 512 3715 saliere
550 3658 736 3713 PAB
772 3658 940 3712 salire
969 3675 1001 3712 v
1144 3655 1330 3726 inquit
1362 3656 1476 3711 VB
1503 3655 1703 3724 inquid
1729 3656 1785 3710 A
1934 3662 1998 3710 16
2038 3672 2379 3725 coenareque
2419 3656 2473 3708 V

309 3756 373 3804 17
413 3746 642 3819 aliqua]
682 3747 798 3801 alia.
832 3747 888 3801 A
926 3745 1040 3800 alia
1073 3747 1168 3800 uel
1206 3744 1398 3815 aliqua
1433 3763 1484 3799 m

452 3844 524 3893 18
562 3834 751 3906 inquit
788 3817 901 3891 V'B
928 3836 1126 3905 inquid
1155 3835 1209 3888 A
1353 3834 1608 3904 agrasius
1648 3833 1761 3888 VA
1788 3832 1975 3903 agrius
2003 3835 2060 3889 B
2205 3840 2269 3888 19
2309 3834 2606 3888 discretum

309 3929 453 3984 stolo
534 3943 663 3980 cum
738 3925 1046 3995 aspexisset
1110 3922 1348 3980 scrofam
1413 3925 1477 3978 tu
1540 3923 1726 3991 inquit
1788 3923 2008 3993 (inquid
2063 3924 2139 3993 A)
2196 3926 2254 3979 et
2307 3923 2493 3977 aetate
2550 3927 2609 3978 et

308 4017 522 4072 honore
583 4016 659 4074 et,
697 4014 932 4069 scientia
987 4013 1138 4083 quod
1191 4013 1446 4084 praestas
1504 4013 1676 4082 (quod
1732 4018 1864 4083 ‘p-rffs
1910 4014 1986 4082 A)
2044 4013 2228 4068 dicere
2284 4011 2454 4065 debes
2508 4010 2606 4066 ille

309 4123 420 4161 non
475 4104 754 4176 grauatus
810 4102 879 4156 de
933 4101 1003 4157 iis
1058 4103 1223 4157 rebus
1279 4119 1422 4171 quae
1476 4100 1775 4156 inscientia
1830 4100 1906 4155 sib
1955 4100 2250 4156 incolendo
2297 4116 2397 4154 nos
2445 4100 2609 4155 docet

310 4212 396 4249 ars
462 4194 527 4249 id
592 4210 667 4247 an
733 4190 868 4261 quid
929 4190 1086 4245 aliud
1150 4193 1208 4246 et
1271 4209 1305 4245 a
1367 4189 1571 4260 quibus
1636 4191 1949 4246 carceribus
2032 4191 2288 4245 decurrat
2351 4188 2606 4243 admetas

314 4284 591 4353 (admetaiz
637 4282 693 4335 A
732 4297 868 4336 cor-r.
880 4322 899 4349 ,
944 4287 1007 4336 ut
1050 4281 1293 4349 videtur,
1340 4280 1566 4335 admeta',
1612 4279 1713 4350 Αἵ)
1758 4280 1999 4350 primum
2045 4278 2230 4347 inquit
2267 4275 2483 4345 (inquid
2530 4278 2607 4348 A)

311 4373 494 4427 PAB
533 4371 859 4426 discretum.
934 4369 1131 4424 Stolon
1159 4391 1171 4423 ε
1203 4387 1328 4423 cum
1367 4369 1673 4439 aspexisset:
1703 4369 1952 4424 Scrofam
1981 4367 2166 4437 inquit
2195 4389 2207 4420 ε
2239 4367 2298 4420 eb
2335 4368 2520 4421 aetate
2550 4368 2609 4422 et

312 4461 533 4517 honore
589 4461 651 4516 et
707 4458 940 4514 scientia.
994 4476 1105 4528 qua
1159 4459 1414 4529 praestas
1445 4460 1671 4513 :dicere
1729 4457 1915 4512 debes
1997 4455 2099 4510 Ille
2154 4472 2267 4509 non
2321 4458 2604 4526 grauatus.

315 4550 393 4604 De
445 4550 517 4605 iis
575 4549 749 4603 rebus
778 4569 791 4600 ε
821 4564 962 4616 quae
1015 4548 1074 4602 in
1125 4545 1363 4602 scientia
1401 4547 1514 4602 sint
1541 4569 1554 4600 :
1585 4547 1734 4617 quod
1769 4543 1831 4598 in
1869 4544 2102 4600 colendo
2138 4563 2243 4601 nos
2281 4545 2446 4600 docet
2473 4567 2486 4599 ε
2516 4562 2604 4599 ars
