3178 5185
555 394 689 460 194
1116 362 1122 367 ’
1539 394 1911 450 VARRONIS

555 570 835 624 sternunt
898 570 960 624 et
1022 569 1236 624 curant
1290 580 1364 623 ne
1422 581 1596 623 umor
1650 569 1753 623 aut
1807 580 1908 623 aer
1962 568 2206 639 tangere
2261 562 2476 641 possit,
2540 560 2664 620 uisi
2731 575 2896 618 cum

556 673 850 750 promitur
913 670 986 731 ad
1050 689 1244 732 usum.
1335 689 1452 749 quo
1519 672 1677 730 enim
1743 671 1989 748 spiritus
2055 687 2174 729 non
2228 670 2525 749 pervenit,
2592 666 2685 728 ibi
2750 683 2893 727 non

556 781 750 840 oritur
795 778 1078 840 curculio.
1145 780 1231 839 sic
1278 778 1583 838 conditum
1621 779 1887 838 triticum
1926 784 2124 837 manet
2160 776 2252 836 vel
2288 794 2473 836 annos
2509 774 2577 856 L,
2625 774 2894 835 milium

505 890 704 947 3vero
750 886 884 966 plus
930 905 1115 946 annos
1163 885 1224 947 C.
1315 904 1496 965 supra
1543 892 1764 945 terram
1811 886 2082 964 granaria
2128 886 2190 944 in
2237 902 2377 962 agro
2426 882 2670 961 quidam
2724 880 2890 942 sub·

556 992 717 1052 limia
782 993 1034 1074 faciunt,
1101 1002 1167 1054 ut
1240 994 1301 1052 in
1365 992 1645 1072 Hispania
1725 994 2002 1053 citeriore
2079 999 2139 1052 et
2200 993 2261 1052 in
2326 989 2538 1069 Apulia
2593 990 2890 1069 quidam,
2950 1003 2978 1042 5

558 1118 711 1178 quae
765 1119 886 1161 non
942 1101 1131 1162 solum
1189 1120 1221 1160 a
1277 1099 1562 1160 lateribus
1618 1118 1728 1179 per
1783 1099 2101 1179 fenestraS,
2158 1098 2262 1159 sed
2318 1100 2495 1158 etiam
2552 1097 2787 1158 subtus
2851 1114 2889 1155 a

345 1204 525 1266 LVIII
561 1208 687 1268 solo
734 1216 947 1270 ventus
994 1208 1259 1286 rege-lare
1297 1209 1503 1287 possit.
1594 1207 1727 1267 faba
1772 1207 2068 1285 legumina
2106 1207 2168 1265 in
2208 1206 2441 1266 oleariis
2479 1207 2636 1266 vasis
2677 1204 2885 1265 oblita

560 1318 762 1376 cinere
809 1315 1024 1395 perdiu
1069 1315 1388 1376 incolumia
1435 1321 1767 1375 servantur.

737 1422 880 1483 Cato
927 1424 1009 1482 ait
1056 1440 1228 1483 uvam
1275 1424 1607 1483 aminneam
1653 1422 2047 1482 minusculam
2085 1429 2146 1481 et
2183 1422 2467 1481 maiorem
2504 1427 2565 1480 et
2601 1421 2883 1499 apiciam

559 1531 620 1589 in
686 1528 816 1589 ollis
882 1529 1358 1590 commodissime
1423 1528 1627 1589 condi:
1691 1527 1897 1589 eadem
1958 1531 2023 1588 in
2088 1546 2227 1608 sapa
2295 1535 2357 1589 et
2409 1535 2606 1588 musto
2665 1534 2882 1588 recte:
2914 1540 2970 1581 ιο

559 1656 706 1716 quas
755 1636 1082 1715 suspendas
1130 1637 1664 1716 opportunissimas
1714 1654 1844 1696 esse
1892 1636 2204 1697 duracinas
2248 1644 2307 1696 et
2344 1637 2649 1696 aminneas
2691 1653 2880 1696 scan-

388 1738 521 1800 LIX
559 1746 767 1804 tiauas,
869 1744 942 1803 de
998 1745 1191 1823 pomis
1237 1743 1557 1824 conditiva,
1615 1743 1767 1803 mala
1833 1743 2127 1825 struthea,
2194 1750 2469 1823 cotonea,
2532 1745 2879 1822 scantiam,

560 1851 901 1932 scaudiana,
950 1850 1275 1911 orbIculata
1323 1857 1382 1910 et
1429 1869 1580 1929 quae
1629 1854 1800 1910 antea
1849 1860 2077 1911 mustea
2124 1851 2438 1931 vocabant,
2485 1868 2645 1911 nunc
2696 1849 2877 1910 meli-

558 1958 710 2019 mela
743 1957 1069 2038 ‘appellant,
1116 1958 1261 2019 haec
1309 1959 1504 2018 omnia
1551 1959 1611 2017 in
1658 1957 1789 2018 loco
1836 1958 2000 2018 arido
2050 1966 2109 2019 et
2153 1958 2369 2036 frigido
2409 1975 2591 2036 supra
2627 1956 2874 2037 paleam

561 2066 751 2143 posita
808 2067 1032 2125 servari
1087 2072 1250 2125 recte
1308 2072 1536 2144 putant.
1631 2073 1690 2125 et
1739 2065 1873 2125 ideo
1922 2064 2312 2144 oporothecas
2360 2067 2465 2145 qui
2510 2065 2738 2126 faciunt
2788 2063 2870 2124 ad
2907 2077 2958 2117 1⁵

561 2171 896 2251 aquilonem
953 2181 1021 2233 ut
1075 2173 1367 2234 fenestras
1424 2171 1681 2232 habeant
1736 2182 1911 2251 atque
1967 2180 2036 2232 ut
2092 2190 2194 2232 eae
2249 2171 2581 2251 perflentur
2627 2178 2873 2254 curant,

707 2422 737 2470 9
777 2414 916 2471 Cato
955 2416 1036 2470 ait
1073 2432 1119 2471 c.
1157 2421 1194 2472 7
1339 2421 1403 2469 11
1444 2415 1729 2471 aminneas
1765 2416 2082 2471 scantianas
2120 2416 2272 2471 Plin.
2312 2421 2409 2483 14,
2445 2420 2519 2472 47

744 2655 773 2702 1
821 2667 892 2704 ne
938 2665 1098 2703 umor
1133 2648 1249 2703 PA
1293 2665 1404 2714 neu
1441 2648 1642 2703 humor
1676 2649 1735 2704 Β
1767 2665 1839 2703 ne
1876 2648 2078 2704 humor
2112 2664 2145 2702 v
2324 2653 2360 2702 4
2404 2647 2556 2718 plus]
2598 2648 2764 2717 uplus
2804 2649 2868 2703 Β

742 2743 774 2793 5
837 2737 1046 2793 fatiunt
1100 2738 1156 2792 A
1389 2738 1640 2808 ampulia
1702 2738 1758 2791 A
1949 2744 1978 2792 7
2045 2754 2300 2806 regerare
2356 2736 2538 2792 PAB
2594 2754 2863 2807 regyrare

562 2843 595 2882 v
625 2869 637 2881 .
669 2829 714 2880 c'
791 2827 1041 2897 regelare
1067 2863 1072 2869 -
1114 2828 1178 2882 in
1249 2828 1496 2897 maryirte
1568 2827 1865 2896 adscripsit
1922 2826 1979 2880 P
2004 2869 2016 2881 .
2050 2826 2285 2881 ‘Ventus
2348 2827 2603 2896 regolare
2665 2827 2861 2897 possit.

562 2916 660 2971 Ita
732 2917 1035 2987 castiyaui,
1107 2917 1170 2971 in
1243 2935 1416 2972 manu
1479 2917 1622 2971 enim
1683 2916 1905 2985 scriptis
1965 2915 2269 2986 Regerare’
2354 2915 2631 2971 Victorius
2658 2957 2671 2969 .
2701 2915 2862 2970 refri-

563 3021 758 3075 gerare
811 3005 1174 3061 Schneiderus
1387 3005 1522 3059 faba
1574 3003 1866 3073 legumina
1919 3005 2099 3059 PAB
2153 3004 2287 3058 faba
2341 3006 2399 3058 et
2452 3005 2738 3075 legumina
2781 3022 2815 3059 v
2845 3047 2860 3059 .

562 3094 753 3149 fabam
791 3097 850 3149 et
886 3093 1175 3162 legumina
1208 3094 1268 3147 in
1308 3092 1532 3149 oleariis
1562 3093 1718 3149 cadis
1747 3093 1925 3149 oblita
1954 3094 2137 3148 cinere
2162 3093 2336 3163 longo
2363 3095 2621 3164 tempore
2650 3094 2861 3149 servari

566 3183 795 3238 Plinius
833 3183 1077 3237 XVIII
1109 3187 1220 3238 307

707 3279 738 3326 9
791 3289 954 3327 uvam
999 3288 1099 3328 om.
1137 3270 1194 3325 A
1366 3278 1433 3326 10
1478 3271 1539 3324 in
1586 3289 1688 3341 spa
1726 3289 1887 3342 sapa,
1934 3273 2027 3327 sed
2072 3289 2176 3341 spa
2211 3272 2441 3327 deletum
2476 3271 2533 3326 A
2703 3273 2762 3327 et
2795 3269 2860 3342 in

563 3361 750 3416 musto
787 3362 844 3415 B
1017 3365 1082 3414 11
1140 3361 1640 3431 opportunissimas
1684 3361 1740 3415 V
1778 3360 2240 3432 oportunissimas
2278 3361 2397 3416 AB
2570 3360 2861 3417 duracinae

567 3452 626 3506 et
670 3449 958 3505 aminneas
1007 3450 1362 3520 (duracinnas
1409 3452 1466 3504 et
1503 3451 1618 3505 ami
1650 3453 1658 3521 Ι
1690 3467 1823 3506 neas
1860 3451 1936 3520 A)
1974 3451 2293 3506 scantianas
2329 3451 2412 3505 De
2449 3452 2633 3520 pomis
2674 3450 2855 3515 condi·

564 3540 686 3596 tiua
712 3540 891 3595 PAB
930 3538 1224 3594 duracinae
1262 3541 1320 3594 et
1357 3539 1606 3594 amineae
1645 3541 1967 3596 scancianas
2006 3540 2304 3597 Conditiua
2330 3557 2362 3594 v
2393 3584 2406 3597 .
2434 3541 2665 3607 fortasse
2703 3542 2861 3595 dura-

567 3631 721 3685 cinae
769 3628 1056 3684 aminneas
1087 3650 1100 3682 ε
1132 3630 1200 3683 de
1238 3629 1422 3698 pomis
1460 3629 1750 3685 conditiva
1895 3636 1959 3684 12
2013 3628 2338 3685 ‘Conditiua
2374 3629 2527 3684 mala
2563 3629 2820 3685 struthea
2848 3671 2861 3684 .

566 3720 712 3774 Ante
749 3721 880 3774 haec
915 3719 1084 3773 uerba
1113 3719 1176 3773 iri
1202 3719 1589 3774 uetustissimis
1618 3720 1776 3774 libris
1803 3720 1886 3773 De
1913 3719 2116 3789 pomis,
2154 3719 2419 3788 scriptum
2446 3725 2523 3773 est
2548 3741 2561 3773 ε
2592 3720 2737 3788 quod
2764 3722 2863 3774 aut

565 3810 980 3878 inscriptionem
1014 3809 1188 3875 fuisse
1225 3809 1484 3876 arbitror,
1520 3826 1659 3880 quae
1695 3809 2016 3876 ostenderet,
2070 3794 2147 3863 de*
2172 3824 2277 3878 quo
2312 3809 2403 3862 hic
2439 3813 2692 3878 ayeretiir
2721 3830 2734 3862 ε
2764 3811 2863 3861 aut

567 3913 631 3954 ea
665 3899 881 3954 ratione
917 3884 1124 3952 dictum
1160 3914 1284 3965 esse,
1322 3915 1433 3967 qua
1469 3914 1582 3953 nori
1619 3900 1789 3953 multo
1818 3903 1946 3967 post
1982 3898 2273 3953 declarabo
2304 3939 2317 3952 .
2346 3896 2461 3951 Hie
2488 3897 2666 3966 paulo
2704 3897 2863 3964 infra

570 3986 898 4054 Quiriniana
926 3989 989 4042 iri
1017 3988 1262 4056 antiquis
1287 4004 1400 4042 ‘nort
1429 3988 1643 4056 inueni,
1671 3989 1766 4042 sed
1775 4003 1885 4057 pro
1904 3989 2006 4043 illa
2025 4004 2154 4043 uoce
2173 3985 2513 4041 Scandiana’
2586 3986 2863 4040 Victorius

712 4078 966 4132 struthea
992 4076 1172 4131 PAB
1201 4079 1448 4132 structea
1482 4094 1516 4131 v
1662 4078 1899 4132 cotonea
1928 4078 2114 4132 PAB
2144 4074 2369 4131 cotonia
2394 4093 2425 4128 v
2571 4073 2865 4129 scantiana

568 4164 877 4222 scandiana
932 4165 1247 4220 orbiculata
1302 4165 1484 4221 VAB
1530 4165 1824 4220 scantiana
1870 4166 2189 4235 quiriniana
2235 4164 2551 4220 orbiculata
2594 4163 2867 4233 Anyelias

679 4262 744 4309 13
782 4254 1083 4310 melamela
1108 4254 1165 4309 A
1267 4260 1335 4309 14
1372 4271 1542 4324 supra
1577 4249 1747 4323 palea
1772 4254 1961 4323 posita
1979 4256 2096 4310 PB
2124 4270 2295 4324 supra
2320 4253 2514 4330 paleas
2542 4246 2732 4321 posita
2749 4251 2866 4306 Am

569 4361 738 4414 supra
773 4343 961 4413 posita
998 4342 1164 4413 palea
1198 4360 1232 4398 v
1380 4349 1444 4397 16
1483 4344 1652 4410 atque
1679 4344 1776 4397 Bv
1814 4345 1997 4412 adque
2026 4345 2142 4399 PA
2284 4345 2348 4397 ut
2385 4358 2450 4414 ee
2487 4341 2791 4412 perflantur
2817 4341 2874 4395 P

568 4437 635 4488 ut
682 4449 817 4488 aeae
865 4432 1170 4502 perflantur
1206 4432 1262 4485 A
1307 4433 1372 4485 ut
1409 4447 1476 4485 ea
1512 4432 1819 4502 perflentur
1854 4435 1912 4489 B
1946 4434 2013 4486 ut
2049 4450 2177 4487 aere
2215 4433 2521 4502 perflantur
2555 4448 2608 4485 m
2643 4432 2708 4484 ut
2742 4447 2863 4499 per-

568 4522 772 4577 flentur
806 4540 838 4575 v
