3178 5185
572 437 655 502 38
1247 439 1561 496 COMMEN
1565 440 1628 495 T.
1668 440 1750 494 IN
1798 439 2174 495 VARRONIS

574 603 648 661 iis
694 602 754 659 in
801 600 969 659 initio
1031 614 1213 657 novae
1271 597 1726 678 enuntiationis,
1780 598 1846 656 in·
1898 614 2013 674 qua
2059 614 2275 675 genera
2328 594 2702 656 admixtionis
2766 596 2870 656 de-

574 706 944 786 scribuntur,
998 705 1189 784 posita
1239 705 1373 765 sint.
1449 702 1561 764 sed¹
1612 722 1807 783 neque
1865 703 1934 764 ad
1993 705 2345 764 sententiam
2402 705 2544 764 satis
2600 710 2738 782 apta
2800 721 2872 763 ea

573 816 721 874 ratio
770 821 886 895 est,
943 814 1219 892 quoniam
1268 829 1387 871 non
1434 804 1661 892 terrae,
1706 810 1809 871 sed
1858 809 2130 891 partibus
2179 820 2373 871 terrae
2423 809 2728 871 dissimilis
2780 812 2871 870 vis

575 940 640 982 ac
678 919 941 1000 potestas
981 919 1283 1000 tribuitur,
1322 908 1515 997 neque
1556 918 1628 978 ad
1668 917 2161 979 consuetudinem
2192 903 2483 979 sermonis
2513 917 2876 978 varroniani

574 1027 1014 1089 accommodata
1073 1035 1165 1087 est
1218 1025 1363 1086 haec
1420 1025 1741 1086 verborum
1797 1026 2201 1087 conformatio.
2285 1028 2484 1104 itaque
2552 1043 2692 1087 cum
2749 1029 2878 1086 sint

577 1137 789 1214 scripsi
837 1141 898 1195 et
945 1153 1080 1194 cum
1130 1132 1517 1212 sequentibus
1567 1131 1743 1193 verba
1790 1135 1871 1193 ita
1919 1134 2227 1213 coniunxi,
2275 1137 2336 1194 in
2381 1136 2484 1194 illa
2522 1136 2681 1194 enim
2732 1150 2876 1194 cum

572 1247 694 1304 sint
723 1245 1000 1303 dissimili
1025 1245 1091 1303 vi
1116 1259 1193 1303 ac
1217 1222 1517 1318 potestate
1536 1248 1753 1318 partes
1776 1274 1858 1284 —-
1884 1243 2217 1318 comburat,
2248 1243 2327 1301 ab
2359 1244 2433 1302 iis
2462 1259 2589 1319 sqq.
2650 1240 2876 1300 deinde

582 1353 740 1426 iynis
787 1352 847 1410 in
896 1348 1217 1429 generibus
1265 1357 1459 1408 terrae
1509 1348 1791 1429 appellari
1838 1366 1956 1408 non
2005 1350 2223 1429 potuit,
2275 1352 2496 1424 ylarea
2544 1350 2879 1427 scripserat

578 1457 905 1537 Iucundus,
973 1455 1353 1517 Columellam
1409 1453 1640 1534 11111,
1674 1454 1739 1535 7,
1807 1464 1872 1516 ut
1927 1455 2179 1538 videtur,
2239 1463 2499 1516 secutus
2581 1473 2694 1533 pro
2762 1455 2879 1515 hoc

578 1566 793 1644 scripsi
857 1567 1040 1625 cinis:
1106 1565 1397 1624 cineracia
1463 1571 1625 1622 terra
1693 1562 1911 1623 dicitur
1976 1561 2130 1623 infra
2196 1561 2235 1639 ἓ
2287 1560 2353 1644 7,
2417 1565 2654 1623 cinerea
2717 1563 2877 1643 apud

578 1669 837 1733 Plinium
884 1670 1094 1730 XXXV
1137 1667 1278 1732 192.
1354 1678 1580 1731 temere
1628 1670 2177 1743 autemGesnerus
2226 1689 2293 1731 ea
2334 1689 2483 1750 quae
2532 1679 2879 1750 sequuntur
2923 1695 2928 1700 ²

581 1783 649 1841 id
702 1786 791 1840 est
844 1797 1001 1854 quae
1058 1782 1180 1840 sole
1228 1811 1311 1821 —
1356 1780 1677 1839 comburat
1740 1786 2037 1857 tamquam
2105 1780 2306 1857 spuria
2369 1780 2607 1839 notavit.
2697 1797 2881 1858 saepe

581 1889 739 1948 enim
786 1885 1107 1946 Varronem
1155 1884 1334 1946 huius
1383 1885 1538 1946 modi
1588 1885 2035 1946 definitionibus
2082 1904 2254 1946 usum
2305 1904 2436 1946 esse
2476 1885 2644 1946 facile
2690 1888 2880 1947 anim-

583 1994 889 2056 advertere
953 1995 1174 2073 poterit
1249 1994 1351 2072 qui
1414 1993 1588 2072 paulo
1657 1991 1996 2071 diligentius
2061 1992 2169 2053 hos
2235 1991 2418 2052 libros
2483 1991 2717 2071 legerit.
2809 2013 2878 2053 ex

584 2120 793 2181 magno
842 2100 1246 2180 exemplorum
1295 2118 1544 2159 numero
1596 2095 1650 2179 (Ι
1692 2096 1799 2179 10,
1838 2096 1897 2159 2.
1945 2096 2049 2174 29,
2078 2096 2139 2160 2.
2186 2095 2290 2177 31,
2325 2094 2379 2157 1.
2429 2096 2619 2181 32,1.
2670 2097 2792 2183 37,
2821 2096 2878 2161 5.

580 2207 686 2291 40,
719 2208 775 2271 1.
822 2205 928 2290 44,
957 2206 1015 2270 3.
1063 2204 1167 2289 49,
1196 2205 1254 2268 2.
1317 2205 1369 2267 11
1417 2204 1470 2286 1,
1501 2203 1568 2287 63
1608 2202 1712 2267 20.
1759 2202 1819 2286 2,
1851 2202 1906 2266 6.
1956 2202 2015 2285 4,
2052 2203 2148 2266 17.
2196 2202 2257 2287 9,
2290 2203 2399 2287 11;
2440 2201 2538 2267 15.
2603 2206 2687 2266 III
2728 2205 2793 2288 4,
2825 2205 2879 2269 1.

583 2298 643 2397 9,
670 2309 743 2399 2)
790 2315 907 2378 duo
945 2321 1193 2394 propter
1233 2315 1419 2393 ipsam
1461 2312 1908 2374 collocationem
1947 2313 2266 2375 verborum
2306 2313 2377 2374 de
2416 2313 2878 2393 interpolatione

585 2431 859 2503 suspecta
909 2430 1096 2502 erant,
1142 2419 1222 2479 111
1260 2417 1321 2502 2,
1353 2418 1433 2482 18
1484 2423 1552 2482 id
1596 2426 1686 2481 est
1730 2438 1959 2497 cenam,
2011 2418 2181 2502 16‚3
2230 2424 2298 2483 id
2339 2429 2429 2506 est
2473 2425 2580 2496 qui
2623 2424 2884 2484 exercet

588 2532 885 2591 mellaria.
954 2508 1195 2588 >duobus
1252 2528 1398 2588 locis
1454 2530 1731 2589 usitatam
1788 2529 1849 2587 in
1905 2527 1999 2587 his
2055 2527 2365 2589 formulam
2415 2531 2483 2590 id
2524 2536 2616 2590 est
2659 2529 2881 2612 addidi,

583 2638 608 2699 1
648 2634 734 2698 30
779 2641 1070 2714 runcari,
1127 2639 1194 2697 id
1247 2642 1338 2697 est
1381 2639 1634 2697 herbam
1692 2654 1771 2696 ex
1825 2638 2128 2712 seqetibus
2175 2641 2545 2713 expurgari,
2612 2636 2686 2697 ΙΙΙ
2731 2635 2801 2720 9,
2841 2635 2877 2698 7

580 2747 970 2820 mainarius,
1018 2746 1087 2805 id
1129 2750 1218 2804 est
1262 2751 1520 2805 curator
1566 2761 1795 2804 earum.

762 2848 803 2912 3
869 2850 965 2910 Ab
1020 2852 1110 2911 iis
1168 2869 1346 2929 quae
1409 2852 1703 2930 proprio
1772 2852 2056 2911 nomine
2122 2850 2395 2912 dicitur
2459 2858 2656 2912 terra
2726 2871 2878 2914 cum

586 2966 694 3019 est
740 2958 1045 3018 admixta
1094 2976 1173 3018 ex
1220 2953 1314 3017 iis
1361 2956 1756 3036 generibus
1808 2957 2045 3037 aliqua
2093 2977 2169 3019 re
2218 2977 2373 3046 cum
2428 2938 2706 3020 dici-tur
2764 2969 2880 3021 aut

586 3075 872 3127 cretosa
920 3067 1024 3126 sic
1072 3064 1152 3125 ab
1200 3064 1362 3125 aliis
1401 3083 1741 3144 generum
1780 3064 2332 3126 discriminibus
2372 3067 2585 3127 mixta
2623 3067 2877 3128 hor-um

589 3174 982 3235 uarietatis
1027 3174 1126 3233 ita
1173 3190 1437 3252 genera
1484 3171 1657 3232 haec
1716 3179 1792 3232 ut
1846 3180 2225 3251 praeterea
2280 3172 2676 3252 suptiliora
2736 3177 2879 3235 sint

588 3280 729 3341 alia
777 3281 1142 3341 minimum
1191 3281 1262 3340 in
1321 3279 1605 3359 singula
1665 3280 1889 3340 facies
1936 3277 2268 3357 terrena]
2338 3280 2410 3341 Ut
2454 3298 2592 3341 eum
2651 3285 2878 3343 dieitur

588 3396 828 3469 cretosa
876 3386 1118 3469 Merula,
1165 3394 1288 3449 lum
1337 3391 1570 3449 dicitur
1618 3395 1727 3448 aut
1773 3393 2014 3449 cretosa
2061 3394 2172 3448 aut
2210 3392 2517 3463 glareosa,
2566 3395 2628 3450 et
2662 3394 2756 3452 sie
2802 3391 2876 3450 ab

589 3500 727 3558 aliis
770 3513 1066 3572 generum
1114 3498 1566 3557 discriminibus
1612 3499 1816 3578 mista,
1872 3501 1934 3557 et
1977 3499 2071 3556 uli
2113 3498 2331 3557 horum
2375 3498 2736 3583 varietutes,
2792 3499 2876 3556 ita

583 3622 820 3681 ,qenera
884 3606 1066 3684 haec,
1130 3610 1200 3663 ut
1252 3583 1591 3679 praeterea
1653 3605 1975 3664 subtiliora
2038 3606 2159 3664 sint
2224 3606 2377 3678 alia,
2441 3606 2755 3665 minimum
2787 3644 2790 3645 ν
2819 3607 2878 3663 in

590 3715 833 3788 sinqula
873 3710 1075 3788 facies
1122 3717 1300 3771 terna
1347 3708 1677 3793 Iucundus,
1736 3709 1835 3771 ubi
1893 3728 2033 3771 nam
2083 3712 2170 3771 ad
2223 3712 2531 3770 minimum
2578 3709 2874 3790 AngeliuS,

589 3836 731 3880 nam
785 3821 1099 3879 minimum
1143 3816 1441 3877 Victorius
1496 3817 1677 3878 dedit.
1767 3816 1975 3877 ordine
2033 3815 2351 3878 verborum
2408 3818 2521 3898 sic,
2575 3825 2644 3878 ut
2702 3834 2875 3897 supra

591 3925 741 4007 dixi,
797 3926 1121 3985 constituto
1179 3942 1340 4001 cum,
1400 3925 1557 4004 quod
1616 3932 1750 3985 ante
1808 3927 2038 3987 dicitur
2102 3942 2283 4004 prave
2347 3925 2667 4003 repetitum
2739 3933 2874 4003 erat,

493 4037 499 4046 '
592 4032 783 4093 delevi
830 4039 889 4092 et
934 4031 1223 4113 lacunam,
1273 4050 1446 4111 quam
1495 4031 1798 4093 Iucundus
1846 4032 2200 4112 expleverat,
2245 4039 2382 4111 post
2420 4038 2662 4093 cretosa
2702 4032 2874 4112 signi-

593 4141 788 4221 ficavi,
844 4141 920 4200 ab
969 4142 1043 4199 iis
1079 4171 1186 4220 -,
1224 4156 1360 4200 cum
1407 4147 1498 4201 est
1544 4142 1821 4200 admixta
1878 4158 1957 4200 ex
2015 4143 2088 4200 iis
2139 4141 2471 4214 generibus
2526 4141 2739 4213 aliqua
2791 4156 2872 4211 re,

594 4249 824 4308 dieitur
880 4251 990 4306 aut
1035 4252 1275 4307 cretosa
1322 4264 1448 4325 sqq.
1524 4246 1738 4307 deinde
1795 4254 2056 4307 veterem
2102 4245 2444 4326 lectionem,
2501 4264 2650 4325 quae
2700 4249 2872 4307 inter-

592 4351 889 4433 polatione
939 4353 1230 4414 editorum
1282 4361 1561 4432 corrupta
1620 4361 1774 4436 erat,
1830 4354 2093 4436 restitui,
2150 4352 2253 4412 sed
2318 4355 2379 4413 in
2425 4354 2669 4428 sinqula
2710 4352 2872 4430 facie

595 4468 772 4522 terna
829 4462 1071 4541 scripsi,
1124 4463 1339 4521 borum
1395 4462 1713 4522 varietatis
1769 4463 1857 4521 ita
1907 4478 2139 4536 ,qenera
2193 4462 2376 4534 haee,
2430 4466 2501 4520 ut
2546 4468 2870 4537 praeterea

594 4568 914 4628 subtiliora
960 4568 1082 4627 sint
1136 4570 1288 4648 alia,
1347 4570 1655 4627 minimum
1703 4570 1767 4628 in
1820 4570 2063 4642 sinyula
2103 4565 2274 4643 facie
2330 4573 2526 4627 terna.
2603 4569 2664 4627 in
2721 4577 2869 4628 terra
