3178 5185
585 383 712 446 112
1263 390 1645 446 COMMENT.
1683 390 1762 444 IN
1798 389 2172 445 VARRONIS

582 549 774 626 pavita
819 547 949 607 fieri
995 555 1232 626 oportet
1277 556 1336 607 et
1382 548 1655 628 maxime,
1705 548 1754 606 si
1802 554 1894 606 est
1930 546 2151 628 argilla,
2191 565 2263 606 ex
2300 546 2408 606 hac
2449 546 2714 607 facienda
2752 556 2861 606 est.
2953 553 2956 558 '

583 654 797 715 deinde
842 657 962 715 situ
1012 658 1394 731 paeminosa,
1451 653 1609 733 quod
1667 653 1820 733 apud
1867 652 2123 714 Nonium
2174 653 2412 734 legitur,
2470 656 2552 714 ita
2607 654 2871 715 defendit

587 762 877 843 Scaliger,
945 770 1012 823 ut
1069 761 1140 822 de
1196 764 1394 840 granis
1455 780 1606 841 quae
1670 763 1850 822 situm
1918 769 2343 823 contraxerunt
2401 762 2628 822 dictum
2695 772 2870 822 esset.

583 872 770 949 ipsam
824 888 1020 931 aream
1076 872 1276 948 potius
1333 878 1501 929 aestu
1556 869 1885 930 hiscentem
1943 872 2339 949 paeminosam
2397 869 2514 930 dici
2572 888 2645 929 ex
2702 888 2869 949 prae-

584 978 774 1055 ceptis
822 974 1103 1036 Varronis
1159 982 1427 1055 apparet:
1477 994 1610 1036 nam
1657 984 1963 1055 praeterea
2002 976 2074 1037 de
2124 977 2550 1056 significatione
2600 976 2874 1038 vocabuli

585 1083 730 1145 nihil
778 1091 1024 1144 constat.
1101 1091 1160 1143 et
1197 1082 1342 1143 vidit
1379 1083 1490 1144 hoc
1529 1081 1863 1144 Froehdius
1902 1084 1974 1144 de
2015 1084 2124 1144 hoc
2163 1084 2291 1144 loco
2329 1085 2640 1163 disputans
2679 1084 2875 1144 annal.

585 1191 782 1271 philol.
831 1210 878 1253 a.
933 1188 1100 1253 1876
1149 1210 1204 1270 p.
1244 1187 1402 1272 349,
1458 1210 1593 1251 cum
1651 1190 1828 1252 Nonii
1892 1192 2208 1252 lectionem
2264 1211 2401 1253 cnm
2466 1211 2531 1253 ea
2601 1211 2752 1272 quae
2814 1195 2877 1252 in

589 1299 870 1359 Varronis
916 1297 1083 1359 libris
1131 1307 1223 1359 est
1268 1299 1329 1357 in
1376 1298 1537 1359 hunc
1585 1298 1823 1358 modum
1873 1301 2288 1381 coniungeret,
2344 1319 2420 1360 ne
2471 1303 2529 1384 si
2570 1303 2652 1360 sit
2697 1307 2878 1360 aestu

578 1409 952 1482 paeminosa.
1024 1405 1180 1466 idem
1240 1404 1393 1484 apud
1440 1404 2069 1476 NoniumMuellerus
2125 1406 2324 1467 edidit.
2418 1409 2610 1485 aptius
2673 1414 2877 1485 tamen

587 1522 646 1573 et
702 1516 888 1592 magis
945 1512 1449 1574 accommodatum
1506 1512 1574 1572 ad
1634 1511 1915 1598 Varronis
1972 1532 2305 1574 sermonem
2363 1522 2456 1574 est
2516 1513 2673 1593 quod
2731 1514 2879 1574 olim

588 1619 892 1680 Gesnerus
939 1622 1291 1699 coniecerat,
1339 1638 1415 1681 ne
1461 1626 1632 1681 aestu
1672 1624 2027 1697 paeminosa
2072 1623 2128 1681 si
2168 1625 2263 1682 sit.

760 1726 850 1787 Ea
900 1729 1087 1787 enim
1132 1725 1519 1787 herbarum
1569 1727 1651 1788 de
1700 1746 1980 1788 amurca
2021 1734 2089 1788 et
2127 1728 2584 1789 formicarum
2625 1738 2696 1789 et
2741 1729 2878 1790 tal-

585 1852 827 1913 parum
877 1831 1269 1911 uenenum]
1319 1834 1413 1894 Ea
1460 1837 1618 1894 enim
1665 1836 1997 1896 herbarum
2044 1843 2134 1896 est
2178 1839 2428 1897 inimica
2476 1854 2544 1895 ex
2599 1838 2879 1915 principe

585 1940 847 2002 editione
903 1940 1094 2002 adhuc
1151 1950 1459 2020 receptum
1517 1948 1671 2021 erat,
1728 1959 2082 2021 quamquam
2130 1941 2426 2003 Victorius
2477 1945 2559 2021 ,de
2614 1960 2879 2004 amurca

586 2050 646 2108 in
695 2048 899 2109 codice
955 2050 1243 2127 scriptum
1292 2047 1470 2127 idque
1529 2067 1601 2108 ex
1658 2051 1919 2128 margine
1963 2050 2030 2110 in
2086 2048 2264 2109 verba
2311 2049 2591 2109 Varronis
2645 2049 2878 2110 illatum

591 2174 723 2216 esse
772 2156 1170 2217 adnotaverat.

761 2261 803 2324 2
869 2263 1016 2334 Quo
1057 2263 1449 2324 succedant
1485 2263 1810 2323 homines
1857 2265 1927 2323 in
1970 2272 2173 2325 aestu
2212 2249 2534 2342 tempore
2579 2264 2878 2324 meridi-

587 2369 743 2446 ano]
801 2370 1087 2446 Tempore
1131 2373 1473 2431 meridiano
1520 2370 1706 2431 deleri
1753 2370 1936 2432 voluit
1982 2370 2251 2432 Ursinus

761 2484 862 2536 LII
905 2475 937 2538 l
1006 2476 1196 2547 Quae
1254 2496 1461 2556 seges
1517 2478 1997 2556 grandissima
2054 2487 2270 2558 atque
2328 2481 2591 2558 optima
2651 2479 2881 2540 fuerit

587 2604 907 2646 seorsum
956 2586 1023 2645 in
1073 2604 1302 2645 aream
1351 2586 1636 2646 sec-erni
1684 2592 1980 2665 oportet
2019 2588 2259 2665 spicas
2299 2598 2374 2647 ut
2412 2606 2654 2647 semen
2694 2590 2879 2666 opti-

586 2712 764 2754 mum
812 2691 1108 2768 habeat]
1166 2694 1337 2765 Quae
1382 2711 1415 2752 e
1459 2699 1662 2768 seqete
1701 2696 2156 2768 mundissimae
2211 2702 2394 2769 atque
2439 2698 2705 2772 optimae
2745 2695 2879 2770 sue-

586 2804 714 2861 rint
766 2803 1000 2876 spicae,
1055 2816 1325 2860 seorsum
1383 2802 1446 2860 in
1504 2817 1715 2860 aream
1768 2783 2013 2861 secerni
2064 2808 2323 2877 oportet,
2379 2808 2447 2861 ut
2498 2819 2703 2862 semen
2753 2820 2879 2880 sqq.

594 2907 846 2967 Ursinus
877 2905 1006 2967 coll.
1036 2925 1281 2986 geopon.
1315 2905 1367 2966 11
1402 2903 1501 2988 16,
1531 2904 1571 2968 3
1619 2899 1793 2980 τινες
1841 2900 1914 2968 δὲ
1950 2899 2109 2980 τοὺς
2144 2898 2549 2988 ἅδροτέρους
2588 2901 2880 2989 στάχυας

586 3009 999 3094 ἐπιλέγονται
1052 3004 1211 3086 τοὺς
1267 3012 1538 3093 ἔχοντας
1582 3006 1865 3087 κόκκους
1917 3009 2187 3095 πλήρεις
2252 3009 2363 3076 καὶ
2418 3014 2713 3089 τελείους
2771 3009 2881 3076 καὶ

587 3119 680 3194 εἰς
719 3113 975 3202 σπόρον
1013 3116 1290 3200 τηροῦσι
1319 3118 1640 3181 καλλίονα
1676 3102 1813 3181 τὸν
1837 3116 1907 3181 ἐκ
1943 3116 2203 3182 τούτων
2240 3114 2497 3202 καρπὸν
2533 3116 2879 3204 κομιζόμε·

586 3249 710 3290 νοι.
782 3228 1169 3308 grandissima
1199 3227 1419 3289 dicitur
1467 3247 1535 3289 ea
1573 3247 1763 3310 segeS,
1811 3246 1961 3308 quae
2000 3231 2193 3307 spicas
2232 3229 2657 3309 grandissimas
2698 3240 2878 3310 atque

586 3336 837 3414 optimas
882 3334 1075 3395 habet.
1150 3354 1222 3395 ex
1259 3335 1370 3395 hac
1409 3338 1603 3415 spicas
1641 3354 1910 3396 seorsum
1952 3355 1980 3396 a
2025 3336 2271 3415 reliquis
2310 3338 2372 3397 in
2402 3356 2599 3398 aream
2639 3339 2879 3399 secerni

585 3451 839 3521 oportet.
914 3462 1107 3522 neque
1148 3444 1319 3504 tertia
1366 3461 1622 3521 persona
1671 3442 1834 3503 verbi
1880 3444 2120 3524 habeat,
2158 3462 2267 3522 pro
2309 3462 2422 3523 qua
2461 3446 2693 3505 habeas
2733 3445 2876 3505 Ges-

587 3567 770 3609 nerus
809 3558 868 3609 et
916 3548 1316 3609 Schneiderus
1372 3549 1552 3610 scribi
1612 3549 1951 3632 voluerunt,
2001 3551 2388 3611 offensionem
2443 3550 2756 3630 praebebit
2805 3554 2878 3613 iis

524 3638 527 3641 μ
591 3659 693 3735 qui
739 3655 1018 3716 Varronis
1066 3674 1257 3737 usum,
1304 3655 1376 3716 de
1426 3675 1543 3735 quo
1592 3655 1712 3737 12,
1742 3655 1825 3718 21
1875 3657 2013 3736 dixi,
2065 3667 2444 3737 perspectum
2492 3657 2730 3720 habent.

765 3762 837 3823 ld
886 3764 973 3822 fit
1019 3782 1050 3823 e
1102 3761 1338 3823 tabula
1386 3762 1751 3842 lapidibus
1799 3774 1917 3825 aut
1955 3764 2152 3824 ferro
2204 3774 2532 3844 asperata
2573 3784 2712 3844 quo
2751 3769 2875 3826 im-

588 3872 822 3949 posito
899 3870 1145 3948 auriga
1222 3879 1340 3929 aut
1412 3869 1729 3948 pondere
1805 3870 2054 3949 grandi
2131 3871 2451 3932 trahitur
2525 3874 2874 3933 iumentis

586 3979 854 4038 iunctis
920 3985 1039 4037 aut
1102 3976 1409 4037 discutit
1483 3996 1514 4037 e
1587 3980 1782 4057 spica
1839 3977 2093 4056 grana]
2173 3980 2563 4056 Exasperata
2629 3979 2873 4041 Merula.

585 4103 744 4159 quae
807 4086 1077 4161 imposito
1143 4085 1368 4158 auriqa
1442 4091 1553 4145 aut
1605 4087 1881 4161 pondere
1950 4089 2187 4160 prandi
2247 4088 2518 4147 trahitur
2590 4090 2870 4148 iumentis

588 4194 825 4266 iunctis,
871 4198 941 4252 ut
985 4193 1276 4251 discutiat
1320 4188 1640 4252 Iucundus.
1714 4209 1831 4266 quo
1889 4194 2161 4269 imposito
2217 4194 2277 4252 in
2325 4192 2558 4253 Iuntina
2608 4193 2866 4253 editione

587 4300 957 4373 restitutum,
1015 4296 1118 4356 sed
1175 4304 1242 4357 ut
1298 4299 1589 4358 discutiat
1644 4317 1715 4358 ex
1772 4297 1977 4358 Aldina
2026 4297 2298 4359 relictum
2356 4308 2499 4360 erat.
2581 4299 2863 4360 tribulum

557 4404 652 4495 „fit
700 4422 731 4462 e
777 4400 973 4462 tabula
1022 4421 1171 4482 quae
1219 4403 1513 4483 lapidibus
1560 4413 1661 4465 aut
1698 4404 1859 4464 ferro
1907 4414 2175 4484 asperata
2224 4413 2341 4465 est:
2387 4408 2448 4465 in
2498 4424 2624 4466 eam
2661 4409 2860 4484 auriga

589 4509 676 4569 vel
751 4509 985 4587 pondus
1059 4510 1292 4589 aliquod
1366 4511 1589 4590 grande
1664 4513 2018 4592 imponitur,
2095 4520 2220 4572 tum
2293 4514 2573 4574 iumentis
2645 4515 2861 4573 iunctis
