3178 5185
624 400 755 464 282
809 438 818 446 -
1609 397 1984 452 VARRONIS

622 587 654 629 a
721 567 960 627 cardine
1026 567 1098 627 ad
1157 567 1360 627 orbem
1417 569 1496 626 ita
1554 574 1851 645 movetur,
1918 574 1984 625 ut
2039 546 2178 625 eum
2231 572 2431 641 tangat
2487 573 2760 644 ventum,
2830 566 2939 642 qui

622 675 748 755 flet,
795 683 863 734 ut
909 677 1072 735 intus
1118 677 1272 735 scire
1320 675 1530 753 possiS.

531 785 607 841 18
810 781 954 841 Cum
1011 781 1157 841 haec
1214 781 1622 862 loqueremur,
1679 780 1900 842 clamor
1956 780 2021 840 fit
2077 781 2134 840 in
2194 798 2417 858 campo.
2510 798 2619 839 nos
2666 779 2936 840 athletae

622 891 998 949 comitiorum
1069 887 1240 966 [ima]
1309 907 1444 949 cum
1510 889 1568 948 id
1637 889 1766 947 fieri
1834 906 1950 947 non
2008 889 2360 947 miraremur
2417 895 2665 967 propter
2725 889 2934 949 studia

622 996 1103 1075 suffragatorum,
1152 1002 1210 1055 et
1257 1003 1453 1055 tamen
1504 996 1658 1055 scire
1707 994 2019 1075 vellemuS,
2067 994 2205 1073 quid
2256 1001 2430 1073 esset,
2478 996 2640 1055 venit
2688 995 2761 1055 ad
2817 1014 2933 1054 nos
2960 1017 2992 1077 ⁵,

622 1101 970 1162 Pantuleius
1016 1102 1223 1182 Parra,
1284 1108 1486 1161 narrat
1543 1101 1616 1160 ad
1673 1100 1960 1180 tabulam,
2018 1119 2152 1162 cum
2211 1099 2565 1181 diribeoent,
2625 1103 2932 1181 quendam

622 1208 982 1287 deprensum
1041 1207 1363 1269 tesserulas
1422 1210 1773 1268 coicientem
1834 1210 1894 1267 in
1953 1207 2240 1287 loculum,
2299 1227 2434 1268 eum
2492 1209 2562 1268 ad
2613 1208 2932 1289 consulem

625 1324 881 1375 tractum
929 1334 960 1374 a
1008 1315 1341 1375 fautoribus
1390 1317 1848 1393 conpetitorum.
1941 1314 2095 1375 Pavo
2145 1317 2353 1396 surgit,
2402 1316 2558 1394 quod
2608 1316 2741 1376 eius
2793 1335 2931 1376 can-

625 1422 809 1483 didati
857 1431 1059 1483 custos
1107 1422 1416 1483 dicebatur
1465 1422 1813 1501 deprensus.

538 1528 608 1586 VI
809 1530 1008 1609 Axius,
1057 1528 1138 1588 De
1185 1528 1530 1609 pavonibuS,
1583 1530 1795 1609 inquit,
1842 1528 2027 1589 libere
2075 1529 2215 1590 licet
2252 1530 2431 1610 dicaS,
2479 1532 2759 1609 quoniam
2813 1530 2930 1590 dis·
2962 1556 3009 1593 ιο

621 1639 802 1697 cessit
841 1636 1170 1714 FircelliuS,
1220 1638 1339 1715 qui,
1388 1654 1563 1695 secus
1604 1636 1799 1714 siquid
1841 1635 2073 1696 diceres
2111 1635 2183 1696 de
2222 1639 2312 1715 iis,
2357 1637 2707 1715 gentilitatis
2747 1656 2930 1698 causa

622 1745 874 1804 fortasse
933 1763 1004 1803 an
1064 1752 1259 1804 tecum
1318 1742 1564 1803 duceret
1620 1761 1903 1802 serram..
1955 1742 2109 1813 Quoi
2155 1743 2405 1824 Merula,
2463 1744 2544 1804 De
2590 1744 2929 1823 pavonibus

622 1861 824 1912 nostra
882 1853 1190 1930 memoria,
1254 1852 1474 1930 inquit,
1529 1868 1741 1927 greges
1797 1849 2003 1910 haberi
2062 1853 2256 1929 coepti
2315 1860 2373 1911 et
2429 1854 2630 1911 venire
2688 1870 2928 1931 magno,

622 1978 690 2018 ex
741 1961 815 2018 iis
860 1959 934 2045 M.
978 1957 1246 2018 Aufidius
1286 1958 1480 2017 Lurco
1530 1975 1707 2036 supra
1758 1975 2044 2035 sexagena
2095 1957 2249 2018 milia
2301 1977 2603 2019 nummum
2654 1961 2717 2019 in
2770 1978 2926 2020 anno

620 2067 840 2126 dicitur
896 2084 1123 2144 capere.
1218 2066 1260 2125 ii
1317 2064 1616 2143 aliquanto
1674 2066 1987 2141 pauciores
2045 2083 2175 2124 esse
2233 2065 2452 2126 debent
2499 2085 2693 2126 mares
2747 2085 2924 2146 quam
2955 2088 2998 2127 15

622 2173 896 2253 feminae,
946 2174 993 2231 si
1043 2173 1112 2232 ad
1163 2173 1425 2233 fructum
1474 2180 1737 2252 spectes3
1786 2174 1834 2231 si
1882 2172 1951 2231 ad
2002 2172 2473 2255 delectationem,
2521 2181 2760 2234 contra:
2812 2175 2924 2234 for·

763 2405 792 2453 7
832 2400 1080 2453 loculum
1121 2398 1331 2453 Charis,
1363 2416 1423 2467 p.
1465 2403 1563 2464 79,
1604 2404 1680 2453 21

765 2496 830 2543 14
870 2507 935 2544 ex
973 2489 1041 2542 iis
1081 2489 1154 2542 M.
1195 2488 1446 2542 Aufidius
1485 2489 1664 2543 Lurco
1699 2489 1853 2543 Ptin.
1895 2493 1988 2556 10,
2027 2494 2098 2543 45

765 2675 791 2722 1
832 2687 868 2723 a
905 2668 1062 2723 cardi
1093 2672 1101 2738 1
1134 2669 1205 2723 ad
1245 2669 1436 2723 orbem
1465 2668 1520 2723 A
1629 2673 1927 2723 mouentur
1955 2668 2009 2722 A
2115 2668 2213 2736 qui
2250 2668 2346 2722 flet
2373 2669 2485 2722 ΡΒ
2514 2666 2611 2735 qui
2639 2668 2780 2723 fluet
2809 2667 2922 2721 Am

617 2760 713 2828 qui
751 2759 851 2813 flat
886 2776 917 2813 v

797 2855 828 2901 3
878 2847 1124 2901 athletae
1167 2849 1461 2903 Iucundus
1507 2848 1758 2903 athietae
1800 2849 1916 2901 PB
1963 2851 2023 2902 at
2069 2849 2239 2901 huete
2278 2849 2332 2901 A
2379 2865 2413 2902 a
2455 2849 2632 2901 thiete
2672 2865 2703 2902 v
2742 2864 2747 2869 ·
2794 2901 2799 2906 ,
2890 2853 2921 2900 4

619 2936 1032 3006 commitiorum
1080 2938 1135 2991 A
1280 2938 1393 2992 ima
1446 2938 1561 2991 ΡΒ
1609 2954 1721 2990 una
1767 2938 1925 2992 Amv
2072 2943 2103 2991 5
2151 2937 2581 3006 suffragatorum
2635 2937 2688 2988 V
2724 2936 2919 2990 suffra·

618 3030 877 3096 gaturum
907 3028 1028 3081 AB
1175 3034 1204 3081 6
1244 3027 1563 3097 pantoleius
1593 3044 1624 3080 v
1662 3026 1901 3096 pantula
1938 3025 2057 3080 eius
2092 3026 2273 3080 ΡΑΒ
2419 3027 2491 3079 ad
2539 3027 2800 3081 tabulam
2828 3044 2920 3081 mv

617 3119 680 3170 ut
726 3116 980 3172 tabulam
1029 3134 1165 3173 corr.
1218 3116 1289 3169 ad
1336 3117 1585 3171 tabulam
1638 3117 1692 3171 A
1740 3117 2054 3171 attabulam
2103 3117 2218 3170 ΡΒ
2378 3115 2686 3170 diriberent
2736 3116 2919 3171 ΡΑΒ

619 3205 924 3275 diriperent
969 3223 1000 3259 v
1147 3213 1176 3259 7
1219 3206 1554 3276 deprensum
1598 3207 1721 3260 ΡΒ
1768 3207 2090 3275 depressum
2129 3207 2246 3260 Am
2296 3206 2703 3275 deprehensum
2742 3223 2778 3259 v

618 3295 949 3350 coicientem
975 3295 1160 3350 ΡΑΒ
1193 3295 1582 3349 coniicientem
1613 3312 1644 3351 v
1765 3300 1795 3347 8
1826 3294 2235 3364 conpetitorum
2255 3295 2310 3348 A
2340 3295 2774 3363 competitorum
2813 3295 2918 3349 VB

761 3391 793 3438 9
833 3385 1135 3453 deprensus
1177 3385 1358 3439 ΡΑΒ
1395 3384 1774 3455 deprehensus
1811 3403 1844 3439 v

765 3498 830 3545 10
869 3492 936 3545 de
976 3491 1293 3560 pauonibus
1330 3510 1382 3546 m
1420 3498 1469 3546 et
1506 3494 1569 3546 in
1607 3493 1854 3562 τηατ-973766
1892 3484 2229 3561 adscriptum
2267 3493 2322 3546 Β
2362 3492 2429 3546 de
2467 3509 2686 3561 panone
2742 3492 2915 3548 VAB

726 3579 910 3649 inquit
945 3580 1055 3635 VB
1083 3580 1279 3648 inquid
1308 3583 1360 3634 A
1470 3581 1650 3653 dicas]
1682 3580 1836 3635 dicat
1863 3583 1918 3636 A
2029 3581 2260 3636 dicessit
2286 3581 2340 3635 A
2454 3588 2512 3634 11
2548 3581 2732 3649 siquid
2752 3583 2914 3637 ABv

619 3668 792 3738 siquit
830 3671 886 3724 P
992 3676 1055 3724 12
1095 3671 1333 3726 fortasse
1362 3672 1484 3725 AB
1521 3670 1772 3725 fortassis
1814 3670 1865 3722 V
1934 3674 2100 3726 ,ante
2139 3688 2266 3725 cum
2304 3670 2531 3725 duceret
2561 3671 2745 3725 ΡΑΒ
2788 3674 2911 3725 ante

619 3760 917 3814 obduceret
952 3776 1061 3813 mv.
1140 3761 1224 3814 ‘in
1261 3761 1462 3829 optimo
1502 3760 1698 3826 codiee,
1737 3761 1984 3829 aliisque,
2013 3759 2168 3819 Ante
2208 3778 2331 3814 cum
2372 3759 2615 3827 duceret,
2654 3762 2760 3816 etc.
2838 3762 2913 3813 In

617 3850 947 3916 semiaetere,
984 3847 1129 3904 Ante
1168 3849 1524 3903 conduceret'
1578 3849 1854 3903 Victorius
2016 3847 2174 3919 quoi]
2214 3847 2311 3916 qui
2360 3848 2537 3903 VAB
2702 3849 2912 3906 merula

617 3938 699 3991 De
746 3938 1059 4008 pauonibus
1091 3943 1099 4007 Ι
1133 3939 1214 3992 Ι)6
1262 3938 1573 4007 pauonibus
1630 3941 1848 4010 nostra,
1912 3940 2003 3993 sed
2048 3940 2238 4008 priore
2295 3940 2407 3993 loco
2464 3938 2546 3992 De
2601 3939 2910 4008 pauonibus

617 4029 842 4083 rubrica
878 4030 1140 4096 scriptum
1177 4029 1230 4081 A
1258 4011 1270 4026 ⁸
1381 4033 1444 4083 13
1484 4028 1668 4096 inquit
1705 4029 1801 4083 Bv
1837 4026 2034 4095 inquid
2074 4029 2188 4081 PA
2334 4026 2532 4082 haberi
2571 4030 2758 4098 coepti
2801 4028 2912 4083 PB

617 4117 824 4171 habere
874 4118 1027 4187 cepit
1073 4121 1192 4172 Am
1239 4118 1447 4172 habere
1496 4118 1685 4187 coepit
1730 4136 1761 4172 v
1906 4116 2094 4172 uenire
2156 4118 2432 4172 Victorius
2489 4117 2682 4171 uentre
2739 4117 2909 4172 VAB

764 4212 831 4260 14
873 4208 1053 4261 Lurco
1093 4209 1388 4262 Iucundus
1424 4207 1617 4276 lyrcho
1656 4207 1832 4260 ΡΑΒ
1870 4208 2066 4261 lurcho
2104 4225 2151 4261 v.
2232 4207 2330 4261 ‘In
2367 4208 2680 4278 coynomine
2717 4209 2908 4263 disere·

610 4302 758 4364 pant
810 4298 1030 4366 antiqui
1075 4298 1280 4351 codices
1309 4317 1323 4349 :
1352 4297 1569 4367 Lyrcho
1617 4298 1759 4350 enim
1804 4297 1867 4350 in
1911 4297 2025 4351 illis
2066 4296 2162 4351 est’
2217 4296 2492 4350 Victorius
2636 4312 2910 4367 sexagena

618 4385 777 4439 milia
824 4385 936 4439 VB
985 4385 1277 4455 sexaginta
1323 4384 1480 4438 milia
1518 4386 1571 4437 ‘A
1610 4385 1708 4438 LX
1755 4384 1915 4438 milia
1949 4402 2002 4438 m
2148 4391 2213 4439 15
2261 4384 2302 4438 ii
2344 4386 2459 4439 PB
2504 4385 2586 4439 hii
2625 4386 2746 4441 Am
2789 4386 2847 4440 hi
2881 4400 2908 4436 v

832 4475 1122 4542 pauciores
1179 4491 1314 4530 corr.
1375 4505 1441 4513 —
1498 4475 1546 4527 is
1596 4476 1649 4527 A
1868 4474 2074 4528 debent
2129 4492 2310 4530 mares
2368 4492 2467 4531 om.
2521 4477 2638 4529 Am
2851 4479 2907 4528 16

618 4562 895 4616 foeminae
945 4563 996 4616 V
