3178 5185
525 416 659 479 300
1514 413 1896 468 VARRONIS

474 583 690 662 5quod
749 584 877 642 sine
935 580 1115 642 dubio
1173 581 1324 641 alius
1380 581 1493 641 alio
1550 580 1729 641 habet
1779 580 1968 659 plura.
2059 579 2169 639 hos
2217 598 2453 659 quoque
2503 598 2693 659 nuper
2742 582 2837 640 in-

526 693 806 751 stitutum
869 697 933 749 ut
995 691 1334 767 saginarent
1391 688 1702 767 pleraque,
1760 706 1896 747 cum
1946 695 2226 766 exceptos
2266 706 2300 747 e
2346 687 2642 766 leporario
2689 705 2838 747 eon-

526 798 666 857 dant
731 800 790 857 in
859 798 1053 856 caveis
1121 804 1180 856 et
1245 795 1374 855 loco
1445 795 1645 855 clauso
1716 795 1931 854 faciant
1997 796 2269 873 pingues,
2371 813 2626 874 quorum
2684 812 2835 872 ergo

530 906 643 964 tria
691 922 906 983 genera
956 904 1080 963 fere
1122 912 1287 964 sunt:
1336 921 1521 962 unum
1560 900 1826 961 italicum
1865 900 1976 961 hoc
2016 909 2287 961 nostrum
2327 899 2579 980 pedibus
2618 902 2838 978 primis

528 1011 882 1095 liumilibuS,
932 1010 1366 1089 posterioribus
1414 1008 1574 1089 altis,
1623 1009 1934 1086 superiore
1982 1017 2148 1087 parte
2197 1007 2372 1088 pulla,
2419 1015 2629 1067 ventre
2677 1006 2891 1086 albo,5

528 1117 773 1178 auribus
821 1117 1027 1195 longis,
1121 1119 1225 1196 qui
1272 1116 1440 1196 lepus
1488 1116 1726 1194 dieitur,
1780 1134 1915 1175 cum
1962 1133 2253 1194 praegnas
2302 1116 2395 1196 sit,
2443 1123 2640 1175 tamen
2691 1132 2836 1174 con-

528 1226 746 1303 cipere.
848 1226 907 1285 in
968 1222 1163 1307 Gallia
1216 1221 1575 1301 transalpina
1643 1230 1702 1282 et
1759 1220 2097 1282 Macedonia
2164 1222 2315 1282 fiunt
2369 1222 2705 1301 permagni,
2771 1222 2833 1280 in

477 1331 817 1410 6Hispania
874 1338 932 1390 et
988 1331 1050 1390 in
1106 1329 1267 1390 ltalia
1326 1329 1671 1389 mediocres,
1774 1328 2019 1388 alterius
2075 1330 2312 1406 generis
2367 1336 2484 1408 est,
2551 1328 2708 1407 quod
2769 1329 2834 1387 in

530 1437 710 1498 Gallia
758 1440 1025 1519 nascitur
1072 1437 1144 1496 ad
1192 1435 1383 1516 Alpis,
1432 1437 1534 1515 qui
1582 1435 1697 1495 hoc
1745 1436 1868 1495 fere
1916 1443 2176 1514 mutant,
2225 1433 2379 1513 quod
2431 1436 2541 1495 toti
2587 1434 2836 1494 candidi

528 1556 693 1604 sunt:
761 1546 802 1603 ii
859 1562 992 1605 raro
1050 1546 1437 1624 perferuntur
1493 1544 1754 1604 Romam.
1847 1544 2012 1603 tertii
2066 1544 2302 1621 generis
2359 1550 2476 1622 est,
2541 1542 2702 1620 quod
2770 1544 2833 1601 in
2863 1552 2914 1592 1⁰

527 1650 805 1729 Hispania
855 1654 1139 1731 nascitur,
1187 1650 1396 1711 similis
1445 1658 1650 1710 nostro
1698 1649 1888 1729 lepori
1936 1669 2006 1710 ex
2046 1650 2297 1729 quadam
2334 1657 2522 1728 parte,
2570 1650 2677 1709 sed
2719 1649 2832 1710 hu-

527 1757 682 1838 mile,
730 1777 905 1837 quem
954 1758 1295 1819 cuniculum
1346 1757 1658 1837 appellant.
1726 1756 1790 1818 L.
1828 1756 2028 1816 Aelius
2074 1754 2319 1835 putabat
2365 1754 2438 1815 ab
2484 1774 2553 1815 eo
2593 1755 2830 1816 dictum

527 1864 790 1943 leporem
839 1884 869 1925 a
919 1865 1327 1945 celeritudine,
1375 1863 1530 1943 quod
1581 1848 1805 1942 levipes
1853 1872 2027 1924 esset.
2096 1881 2204 1941 ego
2243 1862 2501 1923 arbitror
2539 1882 2570 1923 a
2608 1881 2834 1942 graeco

528 1971 812 2032 vocabulo
851 1974 1062 2052 anti00,
1105 1971 1261 2052 quod
1304 1991 1439 2033 eum
1478 1971 1676 2032 Aeolis
1715 1969 1802 2048 [et
1840 1969 2089 2048 bonum]
2129 1965 2406 2050 λε’ποριν
2432 1968 2831 2048 appellabant.

529 2078 788 2139 cuniculi
837 2078 982 2139 dicti
1028 2079 1099 2139 ab
1148 2098 1236 2160 eo,
1284 2079 1441 2158 quod
1492 2077 1602 2138 sub
1652 2086 1811 2138 terra
1860 2078 2169 2139 cuniculos
2215 2079 2330 2157 ipsi
2377 2078 2571 2138 facere
2612 2076 2831 2157 solent,
2861 2087 2910 2127 15

475 2185 637 2249 7ubi
693 2186 911 2248 lateant
966 2187 1028 2247 in
1085 2189 1259 2265 agriS.
1351 2185 1563 2246 horum
1623 2187 1885 2246 omnium
1932 2187 2045 2245 tria
2093 2203 2336 2264 genera,
2394 2186 2445 2245 si
2491 2186 2717 2263 possis,
2768 2185 2829 2243 in

525 2293 816 2372 leporario
884 2292 1103 2354 habere
1170 2301 1421 2371 oportet.
1522 2293 1640 2352 duo
1700 2292 1937 2371 quidem
1996 2293 2204 2370 utique
2264 2300 2322 2352 te
2380 2290 2599 2351 habere
2659 2301 2832 2371 pute,

527 2399 640 2478 [et]
701 2400 857 2480 quod
917 2402 976 2460 in
1026 2399 1308 2478 Hispania
1366 2401 1536 2459 annis
1594 2401 1675 2459 ita
1733 2399 1898 2459 fuisti
1954 2398 2183 2478 multiS,
2240 2407 2306 2459 ut
2362 2398 2499 2459 inde
2547 2406 2606 2458 te
2657 2401 2828 2459 cuni·

527 2507 693 2567 culos
741 2517 1091 2586 persecutos
1138 2506 1393 2567 credam.

382 2605 515 2666 ΧῙΙῙ
713 2615 903 2693 Apros
951 2613 1191 2693 quidem
1239 2632 1412 2692 posse
1460 2612 1667 2673 haberi
1714 2614 1774 2673 in
1822 2612 2133 2693 leporari0,
2182 2632 2292 2673 nee
2332 2632 2542 2692 magno
2582 2617 2827 2693 negotio
2855 2637 2905 2676 κο

670 2811 699 2859 1
738 2804 841 2859 hos
878 2819 1100 2873 quoque
1138 2819 1315 2872 nuper
1350 2802 1675 2858 institutum
1715 2803 1962 2857 Macrob.
2001 2808 2216 2857 saturn.
2254 2802 2371 2856 III
2402 2807 2498 2870 13,
2537 2808 2609 2858 14

669 2991 695 3037 1
738 2984 880 3038 alius
920 2983 1032 3039 alio
1070 2985 1244 3040 habet
1278 2984 1402 3038 AB
1450 2982 1727 3036 Victorius
1764 2979 1909 3034 alius
1944 2979 2120 3034 habet
2157 2981 2267 3036 alio
2314 2981 2362 3035 V
2503 2983 2672 3052 plura
2710 2984 2826 3050 Av,

520 3075 613 3128 sed
648 3071 774 3126 lura
809 3074 873 3127 in
906 3089 1109 3128 rasura
1136 3074 1208 3140 A,
1246 3088 1386 3142 para
1415 3072 1532 3124 Bm
1566 3087 1718 3139 prora
1749 3070 1806 3123 P
1910 3075 1942 3123 2
1979 3071 2211 3136 fortasse
2239 3073 2301 3124 ut
2329 3070 2666 3141 saginarent,
2706 3073 2817 3143 ple-

522 3165 680 3231 rique
738 3179 865 3216 eum
1012 3163 1336 3232 saginarent
1385 3160 1569 3214 PAR
1618 3158 2012 3228 saginarentur
2057 3177 2089 3214 v
2234 3161 2478 3215 condant
2535 3161 2647 3215 ΥΒ
2697 3180 2826 3217 eon-

522 3251 751 3306 eludanl:
787 3251 906 3306 Am
926 3294 939 3319 ,
985 3253 1079 3306 sed
1127 3250 1218 3305 clu
1263 3256 1325 3304 ut
1360 3251 1577 3304 videtur
1614 3250 1844 3303 deletum
1881 3248 1936 3302 A
1974 3249 2257 3317 quondam
2300 3251 2506 3305 codices
2542 3236 2830 3307 Macrobii

519 3347 622 3394 sat.
663 3341 788 3393 III
820 3345 907 3408 13,
944 3345 1015 3394 14
1130 3347 1161 3394 3
1200 3340 1406 3393 fatiant
1432 3338 1487 3392 A
1598 3354 1832 3406 quorum
1873 3354 2006 3408 ergo
2035 3337 2215 3392 PAB
2253 3354 2444 3392 eorum
2483 3356 2615 3409 ergo
2645 3358 2679 3395 v
2792 3347 2827 3393 4

522 3431 596 3482 ho
626 3430 679 3482 A
710 3446 845 3484 corr.
876 3430 983 3485 hoe
1003 3429 1084 3483 A²
1194 3436 1225 3484 6
1254 3445 1528 3498 praegnas
1553 3426 1672 3480 PB
1700 3434 1941 3496 pregnas
1962 3427 2015 3479 A
2045 3443 2360 3497 praegnans
2388 3445 2420 3481 v
2532 3435 2560 3482 7
2592 3429 2772 3497 galli.
2792 3446 2828 3483 a

520 3537 638 3573 una
666 3519 851 3573 littera
862 3525 988 3589 post
1007 3519 1028 3572 i
1048 3520 1221 3574 deleta
1234 3520 1420 3587 priore
1441 3519 1553 3572 loco
1573 3517 1629 3569 A
1738 3522 1770 3570 9
1802 3516 1873 3571 ad
1894 3518 2052 3585 alpes
2072 3516 2362 3572 Iucundus
2381 3515 2620 3585 adadpis
2647 3518 2756 3572 PA
2771 3519 2828 3572 Β

522 3642 793 3712 adadapis
830 3661 861 3697 v
1005 3643 1114 3699 hoe
1148 3644 1578 3712 superscriptum
1615 3643 1679 3696 in
1713 3640 1770 3694 Β
1917 3647 1982 3694 10
2024 3640 2066 3694 ii
2103 3657 2227 3696 raro
2265 3607 2458 3695 PBhii
2494 3659 2619 3697 raro
2658 3643 2715 3696 A
2765 3642 2826 3696 hi

521 3750 646 3787 raro
684 3749 717 3786 v
832 3733 994 3788 tercii
1032 3734 1087 3786 A
1208 3739 1274 3786 14
1312 3731 1499 3787 antico
1539 3732 1595 3802 A
1632 3729 1865 3797 antiquo
1915 3731 2029 3785 ΥΒ
2136 3747 2262 3784 eum
2302 3729 2477 3785 aeolis
2516 3734 2575 3785 et
2612 3731 2824 3786 bonum

520 3823 773 3891 leporum
830 3821 1198 3893 appellabant
1247 3821 1432 3875 PAB
1487 3837 1554 3875 eo
1605 3819 1792 3874 aeoles
1840 3818 2017 3874 boetii
2063 3818 2309 3889 leporem
2359 3820 2730 3888 appellabant
2774 3839 2823 3876 v.

525 3912 707 3977 ‘Quod
758 3929 883 3966 enm
924 3912 1114 3967 Aeolis
1154 3910 1372 3966 Boeotii
1415 3910 1673 3979 leporim.
1750 3909 1950 3964 Nescio
1996 3926 2073 3964 an
2116 3910 2181 3964 in
2224 3910 2309 3963 his
2348 3910 2532 3963 uerbis
2566 3912 2825 3965 mendum

520 4002 609 4067 sit,
649 4003 882 4070 antiqua
918 4007 1055 4056 certe
1093 4003 1247 4057 lectio
1285 4002 1524 4073 diuersa,
1563 4016 1703 4068 quae
1738 4003 1921 4053 tamen
1955 3999 2120 4053 ualde
2138 3999 2468 4067 perturbata
2495 4004 2604 4053 est:
2631 3999 2824 4053 Aeolis

520 4091 580 4142 et
616 4087 824 4142 bonum
863 4089 1141 4157 leporum'
1190 4091 1479 4147 Victorius.
1548 4091 1608 4144 et
1642 4088 1852 4144 bonum
1888 4089 2116 4143 inclusit
2146 4089 2426 4155 Zahlfeldt
2462 4096 2668 4157 quaest.
2699 4091 2820 4145 erit.

519 4177 582 4230 in
628 4176 788 4231 Varr.
829 4193 933 4232 rer.
971 4183 1106 4232 rust.
1146 4180 1267 4233 libr.
1303 4197 1360 4247 p.
1399 4185 1479 4235 26
1627 4182 1693 4231 15
1731 4177 2023 4247 ipsis-Am
2169 4184 2234 4233 18
2274 4182 2333 4233 et
2368 4179 2564 4242 delevit
2601 4178 2822 4233 Schnei-

519 4266 682 4320 derus
843 4265 1028 4320 fuistis
1076 4268 1129 4320 A
1292 4272 1356 4321 19
1413 4269 1734 4336 persecutos
1792 4267 1906 4320 ΥΒ
1951 4271 2343 4335 perseeunotos
2390 4268 2443 4321 A
2491 4272 2821 4337 prosecutos

528 4353 763 4409 Ursinus
801 4423 807 4428 .

663 4451 732 4498 20
770 4445 998 4512 quidam
1037 4461 1173 4499 corr.
1214 4444 1441 4512 quidem
1479 4441 1534 4495 A
1679 4459 1845 4511 posse
1883 4444 2090 4497 habere
2123 4445 2304 4500 PAB
2342 4445 2549 4500 habere
2587 4463 2752 4515 posse
2789 4463 2820 4500 v

519 4531 714 4588 haberi
750 4550 913 4602 posse
962 4534 1198 4588 Ursinus
1339 4532 1576 4603 negocio
1625 4531 1679 4583 V
