3178 5185
760 422 1018 477 RERVM
1055 421 1535 477 RVSTICARVM
1572 422 1708 476 LIB.
1746 423 1772 476 I
1814 419 2012 477 9—10
2441 412 2525 476 41

285 585 479 639 tantem
521 585 626 638 aut
672 580 824 653 quid
865 581 1039 639 aliud
1083 578 1404 660 IucunduS,
1451 577 1609 656 quod
1657 576 1828 656 vulgo
1878 585 2184 655 receptum
2225 585 2369 656 erat,
2421 584 2527 636 aut

281 692 582 747 sextantem
625 703 732 745 seu
780 687 931 760 quid
974 688 1148 746 aliud
1181 684 1528 744 Hultschius
1568 684 1875 764 metrolog.
1916 686 2118 762 script.
2159 702 2210 744 v.
2251 682 2302 743 11
2338 702 2394 762 p.
2425 679 2528 744 52.

281 798 357 856 sic
406 796 543 868 quid
584 795 760 853 aliud
814 794 1025 871 scripsi
1086 793 1386 871 frequenti
1441 791 1599 870 apud
1655 791 1978 852 Varronem
2035 810 2146 852 usu
2206 789 2529 870 particulae

279 905 369 974 sic,
415 918 550 978 quae
599 917 775 979 saepe
823 908 882 960 et
929 901 988 959 in
1027 899 1121 959 his
1158 898 1328 959 libris
1367 906 1427 959 et
1464 901 1525 959 in
1564 898 1734 959 libris
1772 899 1844 959 (le
1884 899 2081 980 lingua
2121 899 2299 960 latina
2337 900 2529 979 posita

282 1008 452 1067 estin
495 1009 938 1067 enumeratione
988 1024 1208 1087 rerum,
1265 1025 1399 1066 cum
1448 1005 1544 1066 vel
1589 1015 1754 1066 certa
1815 1025 1912 1066 res
1968 1017 2264 1087 tamquam
2324 1005 2530 1065 similis
2626 1087 2631 1093 θ

280 1114 485 1175 additur
520 1116 592 1174 iis
632 1132 783 1192 quae
832 1113 986 1174 dicta
1035 1123 1203 1174 erant
1245 1112 1335 1172 vel
1374 1113 1484 1173 alia
1523 1113 1790 1174 eiusdem
1829 1116 2067 1192 generis
2105 1114 2531 1192 significantur.

281 1231 474 1282 temere
528 1229 726 1282 autem
778 1220 1026 1281 Ursinus
1080 1238 1216 1281 cum
1275 1224 1361 1282 ad
1415 1225 1694 1296 iuqerum
1750 1239 1869 1282 non
1917 1227 2332 1298 pervenerunt
2388 1221 2529 1280 scri·

280 1327 505 1389 bendum
554 1331 828 1389 coniecit.

432 1435 618 1507 Quod
676 1435 891 1497 habet
945 1439 1273 1515 iugerum
1332 1436 1658 1514 scripula
1707 1434 2140 1497 CCLXXXVIII
2188 1443 2531 1514 quantum

279 1562 339 1604 as
380 1546 705 1622 antiquos
756 1551 1004 1603 noster
1049 1551 1211 1604 ante
1258 1541 1524 1602 bellum
1573 1543 1912 1621 punicum
1961 1542 2324 1620 pendebat
2370 1541 2532 1602 bina

278 1653 496 1729 iugera
542 1650 725 1729 quod
774 1668 807 1709 a
853 1649 1131 1711 romulo
1171 1652 1475 1730 primum
1514 1649 1747 1710 diuisa
1788 1648 2216 1711 dicebantur
2256 1651 2533 1710 uiritim

281 1777 430 1835 quae
474 1758 803 1818 heredem
851 1769 1336 1837 sequerentur
1390 1757 1766 1818 heredium
1822 1757 2321 1837 appellarunt]
2382 1760 2537 1831 Quot

282 1867 438 1925 habet
466 1869 740 1940 iuqerum
777 1870 1070 1943 scrupula
1110 1870 1374 1927 ducenta
1412 1870 1721 1942 octoqinta
1760 1873 1909 1927 octo.
1993 1867 2294 1938 Quantum
2335 1872 2535 1926 autem

282 1975 352 2030 ad
383 1977 649 2049 antiquos
687 1982 925 2034 nostros
963 1982 1106 2034 ante
1135 1976 1351 2034 bellum
1381 1977 1676 2051 punicum
1706 1976 2060 2051 pendebant
2096 1975 2240 2033 bina
2289 1976 2535 2048 iuqera:

284 2082 422 2152 quod
461 2099 497 2140 a
552 2082 808 2142 Romulo
848 2084 1114 2158 primum
1162 2085 1357 2142 divisa
1424 2084 1789 2142 dicebantur
1834 2084 2089 2141 viritim:
2153 2098 2311 2155 quae
2374 2083 2539 2154 quod

281 2186 572 2248 haeredem
617 2196 1050 2263 sequerentur:
1097 2191 1456 2250 haeredium
1504 2192 1895 2265 appellarunt
1942 2187 2194 2268 Merula,
2244 2189 2312 2248 id
2352 2189 2537 2249 habet

282 2298 542 2370 scrupula
589 2298 855 2357 ducenta
902 2300 1211 2372 octoyinta
1258 2304 1408 2357 octo.
1494 2299 1796 2369 Quantum
1854 2299 2068 2355 attinet
2113 2298 2200 2356 ad
2254 2298 2534 2369 antiquos

283 2415 386 2479 sqq.
438 2400 763 2480 IucunduS,
824 2406 890 2464 id
941 2406 1125 2465 habet
1181 2408 1475 2480 scrupula
1531 2403 2052 2463 CCLXXXVIII
2102 2409 2392 2477 quantum
2448 2420 2532 2462 as.

285 2506 548 2583 Antiquus
594 2517 802 2571 noster
841 2517 984 2572 ante
1030 2513 1245 2572 bellum
1285 2515 1580 2588 punicum
1621 2512 1930 2588 pendebat
1966 2512 2109 2570 bina
2148 2513 2366 2585 iuyera
2406 2527 2532 2587 sqq.

285 2609 565 2698 VictoriuS,
613 2620 716 2696 qui
764 2618 837 2678 (le
886 2617 1053 2678 libris
1101 2621 1225 2680 suis
1272 2618 1417 2679 haec
1466 2619 1789 2700 adnotavit,
1846 2613 2101 2699 ‘LocuS,
2148 2626 2213 2677 ut
2260 2616 2535 2698 arbitror,

287 2724 489 2800 egregie
533 2726 872 2807 restitutuS,
917 2727 979 2785 in
1027 2725 1585 2805 antiquioribusque
1634 2725 1803 2786 libris
1842 2724 2094 2785 fideliter
2133 2734 2534 2785 conservatus
2573 2777 2578 2783 .

288 2843 442 2888 unum
487 2839 715 2892 tantum
756 2840 882 2891 erat
929 2832 1101 2912 quod·
1135 2832 1498 2911 improvidos
1536 2831 1792 2893 lectores
1832 2830 2074 2892 turbare
2111 2833 2324 2912 potuit,
2371 2840 2430 2891 et
2466 2838 2533 2891 ut

288 2937 540 3018 suspicor,
587 2957 788 2999 ansam
829 2945 916 2999 tot
963 2938 1271 3000 erroribus
1317 2938 1621 3018 praebuit:
1677 2940 1966 3018 Antiquos
2024 2942 2180 3000 enim
2242 2940 2532 3018 scriptum

287 3050 390 3102 erat
430 3048 665 3126 antiqua
704 3048 1156 3128 consuetudine,
1207 3065 1358 3126 quae
1397 3046 1648 3107 multum
1697 3049 1757 3108 in
1799 3047 1893 3108 his
1931 3046 2097 3107 libris
2136 3054 2365 3106 retenta
2414 3054 2533 3107 est:

289 3164 395 3208 nam
439 3134 630 3234 ovom,
688 3173 855 3231 avoS,
914 3173 1100 3234 equos
1146 3155 1365 3235 passim
1416 3173 1523 3233 pro
1573 3174 1749 3215 ovum
1798 3173 1941 3216 avus
1998 3172 2188 3234 equus
2245 3155 2532 3232 scriptum

288 3251 402 3317 est'.
468 3280 704 3340 pravam
760 3260 1078 3323 verborum
1136 3262 1578 3324 distinctionem
1629 3262 1882 3323 Ursinus
1938 3271 1998 3323 et
2054 3260 2358 3321 Mercerus
2414 3271 2535 3322 not.

288 3360 336 3420 in
368 3362 498 3428 Non.
536 3389 591 3448 p.
632 3366 764 3431 666
815 3377 1207 3430 correxerunt
1268 3379 1328 3431 et
1384 3388 1541 3445 quae
1587 3372 1872 3431 heredem
1918 3380 2318 3445 sequerentur
2366 3372 2534 3430 resti-

292 3475 518 3555 luerunt,
557 3474 662 3536 ubi
702 3494 862 3551 quae
898 3480 1062 3551 quod
1095 3479 1380 3538 heredem
1410 3478 1472 3536 in
1511 3476 1870 3537 editionibus
1902 3476 2029 3537 fuit.
2096 3477 2249 3556 apud
2280 3475 2535 3536 Nonium

250 3574 455 3659 -p.61,
488 3579 557 3642 11
610 3585 672 3643 in
732 3600 909 3643 manu
967 3585 1205 3663 scriptis
1263 3583 1432 3645 libris
1487 3583 1770 3663 leguntur
1825 3584 2000 3666 haec,
2057 3586 2356 3646 heredioli
2390 3603 2534 3661 pro-

287 3687 567 3755 prietatem
614 3693 854 3753 indicat
912 3691 1108 3752 Varro
1156 3695 1232 3753 de
1276 3711 1348 3752 re
1392 3695 1630 3754 rustica
1676 3694 1775 3754 lib.
1817 3693 1880 3773 I,
1919 3694 2063 3752 bina
2109 3693 2329 3767 iuqera
2376 3694 2540 3766 quod

293 3805 323 3846 a
354 3792 583 3858 Romulo
621 3800 891 3874 primum
938 3800 1133 3859 divisa
1171 3802 1396 3859 viritim
1443 3817 1602 3874 quae
1637 3801 1921 3860 heredem
1957 3806 2301 3874 sequentur.
2377 3797 2534 3858 unde

294 3896 614 3965 dicebantur
661 3904 816 3984 apud
865 3903 1187 3965 Varronem
1237 3924 1475 3985 quoque
1523 3905 1711 3966 deleri
1762 3906 1947 3967 voluit
1992 3906 2313 3967 MerceruS.
2392 3908 2536 3966 bina

294 4002 494 4087 iuqera,
537 4020 680 4087 quot
716 4032 755 4074 a
795 4014 1050 4074 Romulo
1088 4013 1435 4075 Hultschius
1479 4021 1724 4075 secutus
1762 4016 2316 4093 interpretationem
2353 4013 2535 4074 Lach-

296 4117 460 4174 manni
494 4136 638 4179 mus.
678 4119 865 4182 Rhen.
905 4120 1040 4181 v.11
1079 4114 1156 4203 (a.
1202 4114 1399 4204 1843)
1437 4141 1491 4201 p.
1532 4118 1680 4202 359,
1720 4124 1921 4200 script.
1954 4124 2092 4182 min.
2124 4140 2179 4200 p.
2213 4118 2356 4182 182.
2432 4121 2533 4180 sed

266 4209 450 4282 ,bina
436 4239 627 4303 lugera
664 4226 973 4287 heredium
1013 4227 1298 4307 appellata
1339 4237 1479 4288 sunt
1517 4239 1851 4307 propterea,
1883 4227 2041 4307 quod
2076 4230 2125 4286 is
2159 4226 2370 4287 modus
2408 4231 2536 4308 agri

299 4335 322 4376 ἃ
359 4321 581 4392 Romulo
639 4316 868 4394 civibus
924 4334 1096 4395 datus
1152 4352 1283 4395 esse
1340 4334 1676 4416 dicebatur,
1723 4344 1790 4395 ut
1834 4326 2116 4394 heredem
2163 4344 2536 4414 sequeretur.

443 4432 617 4500 Haec
656 4449 904 4519 postea
942 4450 1228 4501 centum
1266 4443 1595 4501 centuria
1635 4442 1962 4502 centuria
2002 4448 2111 4500 est
2150 4440 2535 4519 quadrata]

303 4530 439 4600 Haec
474 4554 703 4623 postea·
726 4566 765 4611 a
813 4554 1051 4614 centum
1098 4551 1396 4613 centuria.
1473 4551 1756 4616 centuria
1802 4554 1891 4615 est
1935 4549 2245 4628 quadrata
2292 4547 2536 4629 Merula,
