3178 5185
840 418 1101 472 RERVM
1136 415 1618 473 RVSTICARVM
1655 419 1790 472 LIB.
1827 419 1852 471 Ι
1894 417 1971 473 29
2466 410 2550 475 83

287 568 462 629 deleto
526 590 577 631 v.
637 574 809 634 boues
874 572 1055 633 scribi
1120 573 1304 635 voluit
1367 577 1561 635 lirare
1622 577 1859 647 dicunt,
1926 572 2081 652 quod
2138 574 2437 634 Gesnerus
2493 584 2552 634 et

285 675 672 739 Schneiderus
719 677 1135 758 probaverunt.
1220 683 1419 758 potius
1467 680 1872 759 neglegentiae
1921 676 2239 740 scribentis
2287 679 2551 741 tribuen-

281 783 405 843 dum
453 793 561 866 est,
603 786 759 865 quod
806 805 915 865 pro
964 806 1033 847 eo
1082 786 1238 866 quod
1287 786 1604 848 dicendum
1654 798 1780 847 erat
1829 782 1998 846 ‘cum
2044 788 2312 860 iteratur,
2351 787 2552 847 offrin-

277 887 512 968 guntur'
576 895 851 972 repetivit
915 912 981 953 ea
1048 912 1198 973 quae
1272 912 1452 973 supra
1517 896 1739 972 scripta
1817 899 1987 953 erant
2059 910 2196 954 cum
2270 896 2552 968 iteratur,

276 999 600 1074 offrinqere
644 1007 878 1062 uocant.
934 1000 1129 1061 ¹lirare
1170 1000 1453 1062 dicuntur
1490 1000 1672 1062 boves
1712 1002 1814 1080 qui
1851 1000 1992 1060 liras
2030 1001 2092 1059 in
2131 1018 2270 1079 agro
2310 1000 2552 1079 faciunt,

277 1104 340 1163 de
398 1106 617 1184 quibus
673 1107 994 1168 Columella
1050 1107 1102 1167 ΙΙ
1140 1105 1201 1188 4,
1241 1106 1280 1169 8
1340 1108 1548 1169 scribit
1603 1111 1755 1169 liras
1811 1115 2010 1168 autem
2064 1110 2285 1167 rustici
2334 1114 2555 1167 vocant

277 1216 503 1274 easdem
533 1233 784 1291 porcas,
823 1233 960 1276 cum
995 1219 1086 1276 sic
1124 1222 1369 1276 aratum
1408 1223 1513 1291 est,
1547 1225 1612 1276 ut
1652 1217 1813 1275 inter
1852 1210 2002 1275 duos
2039 1216 2224 1274 latius
2260 1216 2552 1274 distantes

273 1323 457 1382 sulcos
486 1326 720 1383 medius
748 1327 1021 1384 cumulus
1049 1326 1279 1384 siccam
1305 1325 1505 1384 sedem
1538 1323 1867 1398 frumentis
1890 1322 2191 1398 praebeat
2221 1328 2281 1380 et
2310 1328 2550 1380 auctore

275 1424 522 1488 Varrone
562 1427 759 1490 Velius
797 1429 1037 1509 Longus
1076 1429 1148 1490 de
1188 1429 1452 1509 orthogr.
1491 1448 1547 1509 p.
1581 1427 1682 1510 73,
1713 1425 1757 1489 4
1796 1430 1987 1503 boveS,
2027 1445 2165 1489 cum
2200 1445 2267 1489 se
2305 1445 2344 1487 a
2382 1434 2551 1507 recto

274 1541 402 1594 actu
448 1539 652 1613 operis
700 1540 1083 1613 deterserint,
1132 1540 1404 1599 delirare
1450 1540 1763 1598 dicuntur.

436 1642 523 1703 Ut
570 1646 639 1704 in
688 1643 926 1723 apulia
974 1639 1170 1705 etid
1220 1662 1444 1724 genus
1501 1643 1821 1723 praediis
1875 1661 2002 1722 per
2058 1649 2381 1702 sartores
2437 1661 2551 1703 oc·

274 1766 422 1809 care
479 1751 741 1829 solent]
804 1754 1086 1812 Praedizs
1141 1751 1475 1832 apographa
1531 1751 1755 1831 omnia,
1805 1752 2058 1827 praedii
2108 1748 2435 1810 Politianus
2490 1751 2551 1809 in

276 1857 529 1936 principe
577 1857 836 1919 editione
895 1878 1013 1919 non
1062 1860 1340 1919 correxit.
1432 1865 1501 1919 ut
1554 1861 1617 1918 in
1666 1859 1889 1934 Apulia
1945 1859 2014 1916 id
2059 1874 2255 1931 yenus
2302 1858 2556 1931 praedii

275 1979 336 2020 ex
381 1963 584 2025 Aldina
631 1964 893 2026 editione
951 1976 1258 2044 receptum
1319 1974 1460 2025 erat
1554 1966 1794 2025 restitui
1850 1963 2164 2023 lectionem
2222 1960 2552 2041 archetypi:

273 2065 342 2127 Ill
379 2067 555 2152 9,17
606 2076 744 2133 aliis
793 2076 859 2133 id
888 2091 1080 2147 qenus
1118 2074 1319 2147 rebus,
1365 2068 1525 2154 114,
1554 2070 1596 2133 3
1643 2073 1758 2132 hoc
1790 2090 1987 2146 qenus
2023 2087 2252 2146 saepes,
2293 2067 2345 2127 11
2379 2066 2433 2149 1,
2464 2066 2551 2129 23

273 2176 375 2235 hoc
415 2195 609 2251 qenus
655 2181 854 2253 rebuS,
903 2177 954 2237 11
995 2177 1170 2261 10,1
1223 2182 1386 2254 quod
1425 2198 1621 2254 qenus
1666 2182 1787 2239 sint
1830 2179 2100 2238 habendi
2132 2182 2432 2255 pastores
2463 2209 2552 2218 ——

273 2280 471 2345 deinde
527 2293 762 2347 satores
816 2286 1066 2367 Merula,
1120 2289 1455 2347 sarritores
1515 2284 1846 2365 IucunduS‚
1896 2287 2190 2345 saritores
2235 2282 2550 2364 VictoriuS,

275 2388 367 2448 sed
412 2400 685 2454 sartores
730 2392 870 2453 libri
916 2412 1092 2454 manu
1141 2394 1348 2471 scripti
1396 2403 1454 2452 et
1492 2391 1661 2472 1112,
1692 2388 1734 2453 5
1783 2394 2077 2465 sartoris,·
2126 2389 2334 2451 eodem
2373 2391 2549 2451 modo

274 2495 442 2559 codex
493 2499 1015 2580 Sangermanensis
1061 2499 1416 2560 Columellae
1464 2498 1514 2557 11
1559 2496 1658 2559 11.
1695 2496 1794 2560 12.
1841 2497 1920 2557 XI
1949 2496 2009 2579 3,
2039 2494 2125 2559 35
2173 2507 2234 2557 et
2280 2500 2547 2578 saepius;

275 2610 328 2661 et
368 2607 426 2667 in
476 2587 650 2668 titulo
696 2610 1037 2687 provinciae
1077 2608 1308 2668 Africae
1349 2606 1485 2668 CIL
1524 2626 1573 2667 v.
1616 2605 1743 2666 Vlll
1780 2626 1837 2667 n.
1882 2603 2115 2684 10570,
2153 2604 2213 2687 3,
2257 2604 2336 2669 12
2376 2604 2551 2668 binas

272 2717 574 2789 sartorius,
622 2716 799 2775 binas
843 2719 1165 2776 messorias
1210 2732 1446 2791 operas.
2562 2699 2566 2703 ’

434 2818 475 2881 3
523 2820 666 2890 Qua
715 2830 1027 2882 aratrum
1074 2839 1364 2882 uomere
1412 2821 1739 2882 lacunam
1786 2822 2034 2881 striam
2073 2821 2250 2881 fecit
2296 2820 2549 2881 sulcus

273 2937 560 2988 uocatur
608 2929 793 3008 quod
840 2938 950 3001 est
1006 2931 1200 2989 inter
1246 2928 1422 2990 duos
1480 2927 1724 2989 sulcos
1781 2927 1968 2988 elata
2025 2924 2219 2988 terra
2276 2927 2550 2988 dicitur

273 3047 471 3107 porca
517 3036 700 3115 quod
752 3055 825 3096 ea
874 3054 1082 3116 seges
1129 3037 1570 3097 frumentum
1606 3033 1947 3115 porrigit]
1979 3036 2208 3095 Striam
2246 3037 2307 3095 in
2337 3033 2544 3097 Aldina

272 3138 513 3202 editione
562 3144 848 3204 omissum
895 3150 1039 3203 erat.
1132 3147 1420 3203 lacunam
1472 3151 1768 3222 tamquam
1816 3141 2067 3221 glossam
2117 3140 2304 3201 deleri
2363 3141 2547 3202 voluit

275 3241 527 3309 Ursinus
619 3252 795 3310 strias
842 3249 1146 3311 Vitruvius
1193 3249 1272 3309 ΙΙΙ
1312 3248 1371 3332 3,
1414 3246 1511 3311 14.
1588 3248 1662 3308 IV
1704 3247 1759 3330 1,
1801 3247 1856 3310 7.
1895 3246 1954 3330 3,
1993 3245 2051 3309 9.
2089 3245 2150 3327 4,
2187 3247 2228 3310 2
2286 3247 2433 3308 dixit
2487 3251 2547 3308 in

221 3375 225 3380 ·
273 3353 546 3416 columnis
591 3364 793 3435 partes
840 3357 1020 3418 elatas
1068 3375 1205 3418 cum
1253 3357 1595 3418 canaliculis
1643 3359 1783 3417 suis,
1857 3356 2015 3416 idem
2063 3357 2248 3434 igitur
2296 3352 2547 3416 vocabu-

272 3455 382 3522 lum
435 3461 615 3523 Varro
674 3462 745 3525 de
804 3464 983 3525 sulcis
1041 3467 1377 3544 usurpavit,
1435 3463 1564 3545 sed,
1624 3483 1741 3543 quo
1809 3464 2145 3523 accuratius
2211 3481 2349 3523 cava
2411 3481 2549 3542 pars

278 3569 716 3652 significaretur,
762 3575 1047 3633 lacunam
1095 3572 1334 3632 addidit.
1429 3571 1701 3632 similiter
1747 3570 1820 3631 ad
1868 3569 2268 3631 definitionem
2316 3588 2551 3652 porcae,

274 3679 422 3748 quod
463 3686 551 3738 est
597 3682 756 3740 inter
803 3668 1229 3753 duos‘sul003‚
1277 3680 1665 3759 appositionis
1719 3677 1849 3739 loco
1907 3677 2173 3738 additum
2230 3687 2321 3738 est
2382 3682 2548 3738 elata

273 3787 446 3844 terra.
520 3804 652 3853 nam
700 3803 819 3846 non
868 3795 1029 3847 recte
1075 3785 1396 3847 Muellerus
1444 3787 1504 3844 in
1552 3784 1701 3845 Non.
1742 3802 1797 3863 p.
1829 3782 1932 3865 61,
1969 3782 2055 3846 Ι18
2105 3787 2269 3860 quod
2312 3783 2394 3844 ibi
2432 3803 2541 3863 pro

273 3894 461 3963 quoad
501 3892 728 3953 dictum
767 3911 897 3953 esse
945 3893 1268 3954 adnotavit:
1316 3901 1560 3971 apparet
1599 3894 1756 3951 enim
1794 3900 1920 3952 tum
1967 3910 2089 3967 qua
2128 3894 2331 3971 potius
2370 3909 2544 3970 quam

277 4003 466 4070 quoad
509 3997 889 4060 scribendum
941 4001 1141 4061 fuisse.
1218 3998 1430 4060 deinde
1470 4002 1635 4073 quod
1679 4018 1753 4060 ea
1798 4017 1967 4074 seqes
1998 3999 2370 4074 frumentum
2400 4015 2545 4074 por-

278 4105 409 4165 ricit
451 4106 673 4168 dictum
723 4116 813 4168 est
861 4110 1017 4168 sicut
1062 4106 1088 4166 I
1125 4105 1229 4190 31,
1268 4105 1309 4169 3
1356 4109 1520 4182 quod
1563 4125 1639 4166 ea
1685 4109 1821 4167 vitis
1879 4108 2203 4166 inmittitur
2257 4108 2344 4165 ad
2394 4123 2545 4165 uvas

269 4215 601 4283 pariendas.
677 4232 811 4274 nam
851 4232 1050 4294 porca,
1087 4233 1205 4275 non
1245 4213 1428 4293 sulco,
1467 4231 1638 4291 seges
1674 4213 2042 4272 frumentum
2081 4213 2348 4290 porricit.
2397 4229 2542 4287 por-

273 4320 406 4392 riqit
430 4328 490 4380 et
519 4320 733 4381 deinde
758 4325 1088 4397 porriqere
1116 4323 1177 4380 in
1217 4320 1418 4381 codice
1459 4322 1589 4402 fuit,
1622 4339 1771 4399 quae
1800 4318 2124 4379 Politianus
2162 4326 2221 4378 et
2249 4319 2545 4379 Victorius

271 4434 659 4488 correxerunt.
752 4427 910 4487 idem
956 4428 1167 4488 vitium
1213 4436 1304 4488 est
1349 4429 1408 4487 in
1472 4427 1675 4488 codice
1724 4426 1884 4486 Festi
1930 4444 1985 4505 p.
2024 4422 2172 4506 238,
2213 4423 2248 4486 7
2299 4444 2546 4506 ρονσαε,

271 4547 411 4603 quae
464 4537 625 4595 inter
690 4536 842 4594 duos
904 4537 1103 4594 sulcos
1153 4537 1337 4608 fiunt,
1395 4536 1484 4593 ait
1543 4534 1741 4594 Varro
1800 4536 1977 4607 dici,-
2006 4536 2171 4608 quod
2211 4537 2547 4609 porriqant

2047 4634 2119 4688 6*
