3178 5185
617 408 744 473 154
1298 418 1680 473 COMMENT.
1716 419 1794 472 IN
1832 418 2205 473 VARRONIS

608 571 831 649 diste]
881 574 1051 634 Diste
1097 572 1348 652 plurima
1395 573 1750 656 apographa,
1798 577 1964 634 disce
2009 576 2077 633 in
2123 574 2394 653 principe
2446 573 2703 633 editione
2740 572 2880 633 Poli-

610 682 802 740 tianus
832 698 947 739 non
979 681 1254 740 correxit.
1329 684 1831 755 quemadmodum
1872 683 2137 742 breviter
2166 686 2445 756 oporteat
2481 683 2692 741 dicere
2729 683 2884 741 disee

607 781 926 868 l‘ucunduS,
966 790 1465 862 quemadmodum
1503 795 1782 865 oporteat
1820 791 2084 849 breviter
2128 790 2337 848 dicere
2375 789 2543 848 disee
2578 785 2883 847 Victorius

784 891 824 954 2
890 892 1134 953 Forma
1186 894 1571 955 uidendum
1634 903 1708 956 ut
1766 897 1913 955 sint
1969 896 2223 955 firmae
2282 912 2573 973 magnae
2632 912 2883 973 corpus

604 1000 763 1061 lene
821 1008 897 1060 ut
950 999 1292 1079 habeant]
1364 1003 1456 1063 De
1513 1002 1722 1078 forma
1782 1001 2103 1062 Iucundus.
2196 1000 2390 1061 addita
2454 1003 2882 1081 praepositione

603 1126 741 1188 pars
787 1107 1083 1168 indicatur
1130 1108 1435 1169 divisionis
1487 1111 1617 1168 eius
1666 1127 1815 1187 quae
1866 1118 2037 1169 antea
2085 1108 2138 1168 11
2178 1106 2233 1189 1,
2267 1104 2350 1168 14
2396 1112 2702 1187 proposita
2749 1120 2881 1169 erat.

606 1234 638 1276 e
686 1223 965 1295 quattuor
1016 1217 1170 1275 enim
1219 1215 1489 1293 partibus
1536 1217 1746 1294 primis
1793 1218 2077 1276 scientiae
2132 1214 2443 1295 pastoralis
2492 1215 2752 1276 secunda
2800 1225 2885 1277 est

605 1324 862 1402 cognitio
920 1322 1169 1383 formae:
1234 1321 1285 1382 II
1324 1320 1391 1401 2,
1432 1321 1473 1384 3
1532 1325 1608 1384 de
1655 1322 1862 1397 forma
1928 1341 2093 1384 ovem
2149 1341 2277 1383 esse
2333 1329 2567 1399 oportet
2632 1341 2884 1400 corpore

605 1434 817 1507 amplo,
867 1427 923 1511 7,
950 1427 994 1490 4
1043 1433 1117 1491 de
1156 1429 1362 1504 forma
1400 1449 1529 1490 esse
1566 1438 1802 1507 oportet
1839 1432 2259 1505 maqnitudine
2299 1432 2556 1503 modica,
2606 1429 2710 1490 ubi
2746 1432 2881 1491 item

604 1539 662 1597 in
730 1536 1034 1597 codicibus
1097 1539 1172 1598 de
1238 1538 1521 1597 omissum
1589 1545 1742 1616 erat,
1817 1534 1888 1617 4,
1919 1534 2005 1597 22
2070 1540 2146 1598 de
2211 1554 2460 1597 numero
2525 1539 2587 1597 in
2652 1544 2886 1598 eentum

603 1663 741 1706 sues
794 1626 998 1706 decem
1046 1663 1254 1705 verres
1299 1647 1448 1704 satis
1505 1662 1634 1705 esse
1681 1650 1928 1721 putant,
1989 1641 2046 1725 7,
2085 1639 2124 1703 6
2184 1645 2259 1703 de
2312 1645 2503 1719 stirpe
2549 1648 2760 1720 mayni
2803 1648 2886 1705 in-

612 1757 797 1812 terest
842 1770 962 1826 qua
1009 1754 1146 1831 sint,
1197 1748 1253 1832 7,
1287 1748 1368 1812 16
1417 1754 1492 1812 de
1537 1754 1841 1812 medicina
1888 1754 1985 1812 vel
2018 1753 2290 1827 plurima
2331 1756 2474 1809 sunt
2518 1754 2581 1812 in
2628 1754 2797 1827 equis
2834 1760 2888 1813 et

609 1862 787 1935 siqua
843 1861 1188 1920 morborum
1246 1866 1304 1920 et
1358 1878 1592 1934 ,qenera
1648 1862 2052 1920 curationum.
2105 1841 2342 1917 ⁴similia
2397 1857 2573 1917 etiam
2629 1858 2802 1938 haec,
2864 1856 2886 1916 I

609 1962 709 2046 18,
744 1964 774 2026 1
829 1970 904 2027 de
944 1965 1215 2043 familia,
1277 1964 1375 2045 19,
1409 1964 1441 2027 1
1503 1969 1579 2027 de
1625 1969 1865 2041 reliqua
1914 1972 2099 2043 parte
2160 1968 2569 2040 instrumenti,
2625 1965 2675 2024 ll
2716 1964 2775 2044 3,
2809 1963 2888 2027 10

606 2077 681 2134 de
726 2075 995 2133 maribus
1042 2080 1101 2134 et
1139 2072 1399 2148 feminis,
1492 2073 1663 2151 plura
1711 2075 1838 2133 eius
1887 2074 2123 2151 generis
2162 2075 2454 2149 exempla,
2504 2090 2639 2131 cum
2679 2090 2775 2132 res
2815 2072 2884 2132 de

607 2199 721 2260 qua
770 2181 962 2258 agitur
1021 2180 1416 2261 significatur,
1472 2179 1847 2242 Roessnerus
1905 2180 1977 2240 de
2023 2181 2532 2258 praepositionum
2579 2177 2650 2238 ab
2699 2178 2769 2239 de
2818 2197 2885 2238 ex

606 2306 718 2348 usu
757 2286 1118 2347 Varroniano
1167 2306 1223 2365 p.
1262 2283 1349 2347 34
1389 2288 1740 2366 composuit.
1783 2321 1869 2330 υ-
1909 2305 2132 2363 eorpus
2170 2289 2299 2347 leve
2337 2286 2586 2346 Ursinus
2629 2288 2885 2347 restituit

606 2413 676 2454 ex
734 2396 1073 2473 geoponicis
1120 2393 1303 2454 XVIII
1342 2392 1410 2476 9,
1448 2393 1490 2453 4
1549 2390 1657 2454 δεῖ
1708 2387 1781 2455 δὲ
1838 2388 2128 2473 ἐκλέγειν
2194 2384 2321 2454 ἀπὸ
2389 2389 2523 2453 τῶν
2585 2387 2882 2454 τοκάὸων

604 2494 719 2575 τὰς
766 2492 1090 2581 εὐπαγεῖς,
1139 2493 1428 2582 μεγάλας
1472 2522 1540 2562 τε
1586 2495 1696 2562 καὶ
1736 2495 2167 2582 μεμυωμένας
2203 2493 2313 2560 καὶ
2350 2490 2470 2561 τὸν
2507 2493 2629 2580 μὲν
2671 2497 2880 2581 χρῶτα

607 2609 787 2671 λεῖον
835 2601 1144 2690 ἐχούσας,
1204 2601 1634 2691 ὃασύτριχας,
1691 2601 1771 2670 τὰ
1828 2602 2087 2670 οὔθατα
2143 2601 2395 2689 μεγάλα
2458 2603 2569 2670 καὶ
2625 2601 2879 2689 ὀγκώδη

605 2710 897 2796 ἐχούσας.

788 2821 932 2882 Sub
997 2832 1236 2883 rostra
1303 2823 1475 2883 duas
1541 2831 1617 2883 ut
1684 2823 2091 2884 mammillas
2156 2820 2477 2901 pensiles
2542 2821 2874 2898 habeant]

607 2932 731 2991 Sub
790 2936 989 2991 rostro
1048 2929 1429 2991 scribendum
1488 2939 1615 2991 erat
1683 2938 1743 2991 et
1797 2929 1849 2990 II
1898 2927 1964 3012 7,
2012 2927 2052 2991 3
2109 2932 2218 2990 sub
2285 2932 2371 2990 eis
2432 2931 2720 3005 lacunae,
2785 2927 2877 2989 ubi

607 3040 718 3097 sub
767 3056 840 3098 ea
888 3041 1125 3098 lacunis
1163 3040 1222 3097 iu
1262 3037 1579 3117 archetypo
1620 3039 1746 3099 fuit.
1824 3056 1957 3098 nam
1995 3039 2105 3098 sub
2143 3037 2500 3117 praepositio
2541 3054 2677 3095 cum
2718 3054 2875 3096 accu-

608 3146 790 3205 sativo
840 3162 954 3204 non
996 3144 1213 3204 dicitur
1255 3147 1365 3205 nisi
1407 3145 1605 3205 addito
1647 3145 1846 3220 verbo,
1886 3164 2003 3225 quo
2043 3153 2240 3204 motus
2281 3142 2665 3221 significatur,
2704 3141 2813 3224 18,
2838 3139 2875 3204 6

605 3254 715 3312 sub
773 3270 904 3312 eam
956 3285 1031 3294 -—
1082 3254 1496 3328 subiciuntur,
1567 3251 1673 3333 13,
1714 3249 1755 3313 5
1810 3255 1920 3313 sub
1976 3255 2141 3327 quod
2193 3257 2413 3312 tectum
2458 3283 2547 3291 —
2591 3253 2878 3324 subicere,

610 3355 712 3440 54,
742 3355 783 3418 2
829 3361 1173 3420 subiciendi
1214 3362 1324 3419 sub
1355 3362 1615 3437 prelum,
1666 3358 1716 3418 Il
1761 3361 1814 3440 1,
1845 3357 1931 3421 20
1968 3362 2235 3420 subiciat
2268 3359 2378 3418 sub
2416 3360 2671 3419 alterius
2708 3376 2878 3419 mam-

607 3482 781 3538 mam,
830 3462 1048 3552 111·16,
1078 3462 1162 3527 35
1201 3469 1509 3527 subiciunt
1553 3471 1663 3528 sub
1713 3471 1970 3528 alterum
2018 3483 2249 3542 reqem,
2298 3464 2348 3524 lI
2386 3462 2446 3545 2,
2474 3446 2556 3525 '11
2607 3469 2721 3526 sub
2766 3483 2881 3526 um-

607 3571 876 3647 briferas
922 3592 1104 3650 rupes
1141 3605 1228 3615 —
1264 3576 1576 3649 subiyunt,
1636 3572 1716 3633 III
1756 3569 1815 3654 5,
1850 3571 1931 3634 14
1978 3575 2151 3634 cibus
2209 3574 2473 3632 obicitur
2526 3574 2639 3633 sub
2686 3582 2884 3646 retem,

608 3677 665 3756 7,
695 3676 738 3739 4
782 3682 892 3739 sub
940 3682 1186 3740 ordines
1231 3683 1501 3756 sinqulos
1548 3683 1793 3741 tabulae
1834 3684 2023 3753 fictae
2069 3687 2135 3740 ut
2178 3682 2314 3739 sint.

784 3785 1044 3847 Hircus
1094 3787 1423 3848 mulioris
1472 3797 1539 3848 et
1585 3789 2048 3867 potissimum
2096 3786 2243 3866 pilo
2280 3784 2436 3846 albo
2484 3803 2560 3844 ac
2601 3789 2881 3847 ceruice

609 3901 678 3954 et
733 3892 917 3953 collo
977 3894 1189 3954 breve
1247 3895 1677 3975 gurgulione
1735 3893 2102 3974 longiore]
2159 3895 2388 3954 Hireus
2442 3896 2657 3953 melior
2714 3897 2763 3955 is
2817 3913 2880 3953 ex

606 4003 874 4081 principe
925 4001 1181 4061 editione
1232 4001 1662 4083 SchneideruS,
1718 4004 1928 4063 hircus
1976 4004 2238 4061 molliori
2290 4018 2360 4059 ex
2408 3999 2616 4059 Aldina
2674 4000 2881 4079 reliqui

608 4109 884 4188 editoreS,
931 4127 1124 4187 neque
1172 4108 1629 4187 probabiliorem
1669 4109 2142 4169 emendationem
2191 4109 2486 4167 inventam
2527 4125 2659 4167 esse
2703 4108 2877 4167 video.

608 4234 962 4295 quamquam
1018 4215 1184 4275 hirco
1232 4215 1481 4295 amplior
1536 4218 1734 4295 potius
1782 4216 1964 4298 piluS,
2034 4233 2151 4274 non
2218 4211 2468 4294 mollior,
2533 4213 2878 4275 tribuendus

610 4329 752 4382 erat.
837 4321 908 4382 de
957 4322 1143 4382 forma
1190 4322 1491 4383 hircorum
1541 4322 1709 4402 plura
1769 4325 1987 4402 scripta
2037 4329 2175 4382 sunt
2221 4322 2280 4380 in
2329 4322 2672 4399 geoponicis
2707 4319 2877 4380 XVIII

609 4426 668 4503 9,
699 4427 757 4509 6,
785 4426 922 4490 τῶν
951 4422 1024 4490 δὲ
1061 4423 1323 4509 τράγων
1365 4426 1742 4508 ἐκκρίνουσι
1780 4421 1940 4503 τοὺς
1978 4424 2304 4509 μεγάλους
2330 4419 2441 4488 καὶ
2479 4421 2878 4507 ἐμπλεύρους

586 4533 788 4628 ‘texta
837 4555 902 4595 τε
951 4535 1214 4615 μείζονα
1265 4535 1555 4617 ἔχοντας,
1616 4530 2013 4618 ὃασύτριχας
2065 4527 2509 4617 μακρότριχας
2553 4529 2873 4616 λευκότρι-
