3178 5185
900 421 1163 477 RERVM
1199 420 1679 478 RVSTICARVM
1716 421 1852 476 LIB.
1891 424 1969 477 ΠΙ
2013 420 2048 478 ’7
2487 413 2617 480 255

287 577 574 639 ⁴verbum
626 556 912 656 impetere
956 576 1037 637 III
1078 573 1178 660 16,
1209 574 1285 660 8,
1341 575 1444 639 ubi
1501 579 1563 638 in
1611 579 1882 658 principe
1931 577 2190 639 editione
2246 577 2471 661 legitur,
2511 581 2614 640 im·

317 692 592 763 petentes
622 688 698 747 ab
726 704 793 747 se
828 688 1082 746 eiiciunt
1110 683 1319 760 fucos:
1359 703 1491 745 nam
1530 687 1907 762 inpectantes
1945 684 2164 746 hahent
2194 704 2371 747 manu
2407 688 2617 767 scripti

324 791 490 873 libri,
557 796 922 854 insectantes
976 791 1273 852 Victorius
1337 794 1617 853 restituit.
1708 793 1909 871 itaque
1975 791 2170 853 deleto
2236 796 2399 874 item,
2457 793 2614 872 quod

327 897 736 979 neglegentiae
782 899 1010 960 librarii
1057 897 1291 959 videtur
1328 897 1713 960 tribuendum
1752 917 1904 981 esse,
1945 879 2158 979 scripsi
2204 902 2371 974 quod
2404 906 2618 976 petere

322 1008 573 1066 soleant.

501 1109 709 1172 Multi
772 1113 843 1171 in
909 1111 1196 1172 theatro
1261 1130 1294 1172 e
1360 1112 1522 1172 sinu
1592 1113 1843 1173 missas
1910 1113 2188 1173 faciunt
2251 1121 2465 1192 atque
2534 1115 2612 1175 ad

323 1217 561 1279 locum
608 1216 943 1294 redeunt]
1003 1220 1201 1295 Atque
1246 1220 1333 1280 ad
1374 1222 1570 1280 locum
1618 1221 1904 1301 redeunt,
1952 1237 2101 1298 quae
2149 1218 2447 1280 abundare
2497 1223 2618 1282 visa

323 1333 467 1387 sunt
503 1325 740 1408 Ursino,
778 1323 1153 1386 incluserunt
1191 1324 1493 1386 Gesnerus
1540 1333 1601 1387 et
1639 1324 2042 1386 Schneiderus
2091 1327 2318 1406 offensi,
2357 1333 2425 1387 ut
2461 1327 2617 1387 vide-

322 1441 441 1513 tur,
490 1439 712 1494 mutata
760 1431 1077 1493 verborum
1124 1440 1444 1513 structura,
1492 1433 1664 1492 cuius
1712 1430 1978 1511 exempla
2026 1432 2162 1492 dedi
2207 1431 2260 1492 ΙΙ
2302 1428 2358 1515 1,
2396 1430 2457 1495 4.

504 1536 546 1600 8
611 1538 783 1601 Item
833 1539 987 1599 fere
1035 1539 1207 1599 haec
1253 1540 1324 1599 in
1373 1538 1704 1599 turribus
1764 1556 1842 1598 ac
1901 1540 2193 1600 summis
2249 1538 2451 1601 uillis
2501 1543 2619 1620 qui

319 1644 592 1706 habent
636 1655 966 1724 agrestes
1013 1644 1383 1706 columbas
1433 1645 1655 1724 quaad
1717 1652 2023 1725 possunt
2069 1646 2501 1709 imitandum
2550 1651 2618 1709 in

318 1754 822 1832 peristeronas
869 1760 1106 1814 aetate
1153 1751 1336 1813 hona
1384 1753 1773 1832 parandum
1823 1771 2056 1832 neque
2103 1752 2341 1834 pullos
2389 1773 2617 1834 neque

322 1858 612 1920 uetulas
677 1859 976 1922 totidem
1043 1878 1273 1921 mares
1331 1859 1514 1938 quod
1574 1858 1902 1936 feminas]
1953 1862 2106 1922 Item
2156 1859 2333 1936 feras
2387 1864 2501 1923 has
2556 1865 2619 1924 in

328 1968 608 2028 turribus
655 1985 733 2028 ac
778 1970 1024 2028 summis
1069 1970 1226 2028 villis
1272 1969 1380 2042 qm·
1430 1968 1657 2028 habent
1711 1974 1983 2042 ayrestes
2039 1970 2371 2043 columbas,
2416 1972 2626 2044 quoad

313 2080 594 2151 possunt,
641 2076 966 2135 immittunt
1009 2077 1072 2134 in
1126 2076 1617 2153 περιστερῶνας
1664 2080 1866 2135 aetate
1912 2075 2117 2151 bona,
2156 2081 2508 2151 pararetque
2554 2081 2623 2135 ut

320 2198 435 2241 nec
465 2183 665 2257 pullos
702 2198 896 2256 neque
932 2185 1162 2242 vetulas
1200 2183 1562 2256 totidemque
1598 2198 1800 2241 mares
1837 2187 1981 2255 quot
2011 2179 2314 2256 foeminas
2351 2182 2620 2242 habeant

320 2286 651 2366 IucunduS,
727 2290 867 2348 item
934 2287 1110 2364 feras
1182 2289 1295 2348 has
1358 2320 1433 2330 —
1497 2290 1931 2349 immittendum
2004 2290 2067 2349 in
2134 2283 2620 2369 περιστερῶνας

322 2402 526 2456 aetate
591 2395 766 2455 bona.
851 2396 1206 2471 parandum
1270 2412 1466 2469 neque
1531 2398 1730 2471 pullos
1794 2413 1987 2470 neque
2050 2399 2305 2471 vetulas,
2373 2397 2616 2455 totidem

322 2494 542 2563 mares
591 2508 736 2576 quot
793 2500 1095 2577 foeminas
1150 2500 1464 2562 Victorius
1558 2501 1864 2581 archetypi
1918 2502 2171 2563 lectione
2226 2503 2501 2562 restituta
2558 2511 2619 2562 et

321 2628 499 2689 prava
560 2608 878 2670 verborum
934 2609 1341 2689 distinctione,
1399 2627 1549 2688 quae
1616 2610 1678 2669 in
1744 2610 1918 2670 editis
1984 2608 2421 2690 exemplaribus
2487 2610 2618 2692 fuit,

323 2725 619 2792 correcta,
666 2718 806 2777 item
852 2748 937 2759 -
987 2717 1361 2777 imitandum.
1454 2719 1515 2776 in
1555 2719 1979 2793 peristeronas
2035 2724 2237 2778 aetate
2292 2719 2451 2778 bona
2500 2735 2613 2793 pa-

322 2826 588 2884 randum
626 2839 772 2904 sqq.,
818 2841 955 2883 vera
1003 2825 1296 2883 sententia
1345 2821 1515 2883 facile
1564 2832 1825 2902 apparet.
1901 2842 2038 2884 cum
2076 2824 2194 2884 duo
2234 2826 2354 2884 sint
2399 2841 2617 2903 genera

326 2928 754 3013 columbarum,
792 2928 1042 2991 alterum
1090 2931 1432 3010 agrestium,
1471 2948 1621 3009 quae
1662 2932 1723 2990 in
1764 2929 2031 2991 turribus
2070 2949 2137 2992 ac
2177 2931 2428 2991 summis
2466 2928 2618 2991 villis

323 3037 637 3119 habentur,
682 3036 934 3098 alterum
983 3055 1188 3097 earum
1236 3054 1386 3115 quae
1442 3039 1816 3117 peristerone
1875 3036 2289 3118 includuntur,
2339 3056 2405 3097 ea
2466 3055 2615 3116 quae

326 3146 398 3206 de
448 3145 582 3206 cibo
628 3146 690 3204 in
737 3145 1109 3224 peristerone
1169 3142 1508 3223 praebendo
1554 3150 1866 3224 praecepta
1919 3152 2060 3205 sunt
2105 3145 2180 3204 iis
2229 3163 2465 3223 quoque
2515 3146 2617 3222 qui

324 3252 573 3314 alterum
622 3269 810 3331 genus
856 3249 1093 3332 habent,
1142 3259 1429 3329 quantum
1479 3250 1719 3329 quidem
1768 3251 1963 3311 facere
2011 3260 2282 3331 possunt,
2330 3251 2614 3312 imitanda

327 3366 482 3421 sunt.
568 3357 781 3420 deinde
831 3355 987 3437 quod
1035 3374 1224 3437 genus
1272 3355 1681 3418 columbarum
1729 3357 1789 3416 in
1837 3357 2242 3436 peristeronas
2288 3355 2615 3436 parandum

328 3468 419 3549 sit,
466 3466 849 3545 praecipitur.

461 3609 469 3616 =
505 3570 591 3635 10
666 3573 740 3634 Ut
783 3573 917 3633 cibo
965 3573 1058 3632 uti
1092 3573 1329 3648 possint
1364 3588 1422 3630 m
1462 3578 1522 3631 et
1559 3571 1741 3632 editio
1779 3572 2061 3651 princeps
2099 3589 2130 3631 a
2168 3568 2458 3632 Politiano
2497 3589 2615 3632 non

326 3687 611 3742 correcta.
695 3684 974 3761 possunt,
1032 3677 1190 3757 quod
1246 3677 1465 3738 habent
1520 3678 1880 3761 apographa,
1939 3680 2000 3738 in
2056 3678 2376 3758 archetypo
2432 3678 2615 3738 fuisse

328 3787 578 3849 videtur,

501 3893 634 3965 Qui
688 3895 785 3954 ita
842 3892 1241 3953 educantur
1288 3890 1607 3953 celerius
1656 3893 2090 3971 pinguiores
2157 3891 2347 3970 fiunt
2412 3908 2617 3971 quam

326 4000 445 4062 alii
513 4009 583 4061 et
646 3998 986 4061 candidae
1053 4000 1244 4061 fiunt
1307 4006 1657 4078 parentes
1723 4018 1966 4061 eorum
2022 3997 2276 4059 Romae
2337 3999 2393 4058 si
2453 4006 2619 4058 sunt

327 4109 621 4170 formosi
669 4105 852 4167 hono
900 4104 1145 4166 colore
1204 4108 1474 4186 integri
1523 4105 1690 4166 boni
1738 4107 2045 4166 seminis
2091 4107 2288 4185 paria
2337 4104 2616 4183 singula

329 4213 536 4293 uolgo
584 4221 903 4275 ueneunt
949 4214 1249 4274 ducenis
1296 4211 1629 4289 nummis]
1679 4214 1799 4285 Qui
1833 4214 1919 4272 ita
1957 4214 2320 4292 educantur,
2358 4212 2618 4271 celerius

240 4343 246 4350 ·
321 4323 684 4398 pinquiores
720 4337 901 4395 quam
939 4322 1052 4380 alii
1078 4323 1255 4400 fiunt,
1284 4326 1345 4381 et
1379 4322 1773 4381 candidiores
1804 4324 2096 4396 parentes
2124 4335 2348 4378 eorum.
2386 4317 2619 4377 Romae

327 4431 385 4488 si
423 4433 565 4489 sunt
602 4446 729 4506 sqq.
777 4426 1002 4488 Merula
1049 4435 1108 4487 et
1162 4434 1384 4487 mutata
1432 4427 1852 4487 coniunctione
1900 4424 2218 4485 verborum
2259 4425 2618 4501 pinquiores

329 4551 506 4612 quam
546 4538 659 4597 alii
685 4538 845 4609 fiunt
881 4540 941 4596 et
976 4535 1384 4596 candidiores.
1453 4539 1744 4611 parentes
1781 4549 1990 4595 eorum
2029 4533 2262 4593 Romae
2297 4527 2618 4592 IucunduS.
