<?xml version="1.0" encoding="UTF-8"?>
<!DOCTYPE html PUBLIC "-//W3C//DTD XHTML 1.0 Transitional//EN"
    "http://www.w3.org/TR/xhtml1/DTD/xhtml1-transitional.dtd">
<html xmlns="http://www.w3.org/1999/xhtml" xml:lang="en" lang="en">
 <head>
  <title>
</title>
<meta http-equiv="Content-Type" content="text/html;charset=utf-8" />
  <meta name='ocr-system' content='tesseract 3.04.00' />
  <meta name='ocr-capabilities' content='ocr_page ocr_carea ocr_par ocr_line ocrx_word'/>
</head>
<body>
  <div class='ocr_page' id='page_1' title='image "./mporcicatonisde01catogoog_0535.png"; bbox 0 0 3178 5185; ppageno 0'>
   <div class='ocr_carea' id='block_1_1' title="bbox 761 403 2602 467">
    <p class='ocr_par' dir='ltr' id='par_1_1' title="bbox 761 403 2602 467">
     <span class='ocr_line' id='line_1_1' title="bbox 761 403 2602 467; baseline 0.003 -6"><span class='ocrx_word' id='word_1_1' title='bbox 761 408 1023 462; x_wconf 86' lang='lat' dir='ltr'>RERVM</span> <span class='ocrx_word' id='word_1_2' title='bbox 1058 407 1537 464; x_wconf 86' lang='lat' dir='ltr'>RVSTICARVM</span> <span class='ocrx_word' id='word_1_3' title='bbox 1574 409 1710 463; x_wconf 91' lang='lat' dir='ltr'>LIB.</span> <span class='ocrx_word' id='word_1_4' title='bbox 1749 410 1828 462; x_wconf 89' lang='lat'>111</span> <span class='ocrx_word' id='word_1_5' title='bbox 1871 407 2129 464; x_wconf 88' lang='lat'>13—14</span> <span class='ocrx_word' id='word_1_6' title='bbox 2472 403 2602 467; x_wconf 77' lang='grc'>279</span> 
     </span>
    </p>
   </div>
   <div class='ocr_carea' id='block_1_2' title="bbox 279 561 2629 4375">
    <p class='ocr_par' dir='ltr' id='par_1_2' title="bbox 313 561 2608 855">
     <span class='ocr_line' id='line_1_2' title="bbox 316 561 2605 642; baseline 0.001 -19"><span class='ocrx_word' id='word_1_7' title='bbox 316 570 536 623; x_wconf 86' lang='lat' dir='ltr'>mutata</span> <span class='ocrx_word' id='word_1_8' title='bbox 581 580 836 642; x_wconf 87' lang='lat' dir='ltr'>persona</span> <span class='ocrx_word' id='word_1_9' title='bbox 882 561 1181 641; x_wconf 89' lang='lat' dir='ltr'>loquentis</span> <span class='ocrx_word' id='word_1_10' title='bbox 1228 579 1445 622; x_wconf 91' lang='lat' dir='ltr'>nomen</span> <span class='ocrx_word' id='word_1_11' title='bbox 1492 561 1625 621; x_wconf 83' lang='lat' dir='ltr'>Axii</span> <span class='ocrx_word' id='word_1_12' title='bbox 1670 564 1991 640; x_wconf 86' lang='lat' dir='ltr'>repetitum</span> <span class='ocrx_word' id='word_1_13' title='bbox 2040 571 2150 624; x_wconf 89' lang='lat' dir='ltr'>est.</span> <span class='ocrx_word' id='word_1_14' title='bbox 2230 582 2364 625; x_wconf 90' lang='lat' dir='ltr'>nam</span> <span class='ocrx_word' id='word_1_15' title='bbox 2412 565 2605 626; x_wconf 88' lang='lat' dir='ltr'>eidem</span> 
     </span>
     <span class='ocr_line' id='line_1_3' title="bbox 317 667 2608 750; baseline 0.002 -21"><span class='ocrx_word' id='word_1_16' title='bbox 317 669 536 731; x_wconf 87' lang='lat' dir='ltr'>tributa</span> <span class='ocrx_word' id='word_1_17' title='bbox 585 677 755 730; x_wconf 88' lang='lat' dir='ltr'>erant</span> <span class='ocrx_word' id='word_1_18' title='bbox 819 687 884 728; x_wconf 90' lang='lat' dir='ltr'>ea</span> <span class='ocrx_word' id='word_1_19' title='bbox 934 687 1084 748; x_wconf 90' lang='lat' dir='ltr'>quae</span> <span class='ocrx_word' id='word_1_20' title='bbox 1131 669 1204 728; x_wconf 90' lang='lat' dir='ltr'>de</span> <span class='ocrx_word' id='word_1_21' title='bbox 1251 667 1571 729; x_wconf 87' lang='lat' dir='ltr'>Hortensio</span> <span class='ocrx_word' id='word_1_22' title='bbox 1621 676 1966 750; x_wconf 83' lang='lat' dir='ltr'>narrantur,</span> <span class='ocrx_word' id='word_1_23' title='bbox 2023 688 2135 745; x_wconf 71' lang='lat' dir='ltr'>eqo</span> <span class='ocrx_word' id='word_1_24' title='bbox 2190 688 2362 747; x_wconf 86' lang='lat' dir='ltr'>vero,</span> <span class='ocrx_word' id='word_1_25' title='bbox 2410 675 2608 748; x_wconf 84' lang='lat' dir='ltr'>inquit</span> 
     </span>
     <span class='ocr_line' id='line_1_4' title="bbox 313 777 2197 855; baseline -0.001 -18"><span class='ocrx_word' id='word_1_26' title='bbox 313 780 424 851; x_wconf 88' lang='lat' dir='ltr'>ille,</span> <span class='ocrx_word' id='word_1_27' title='bbox 473 780 645 853; x_wconf 85' lang='lat' dir='ltr'>apud</span> <span class='ocrx_word' id='word_1_28' title='bbox 696 777 764 848; x_wconf 78' lang='lat' dir='ltr'>Q.</span> <span class='ocrx_word' id='word_1_29' title='bbox 809 777 1199 838; x_wconf 79' lang='lat' dir='ltr'><em>Hortensium</em></span> <span class='ocrx_word' id='word_1_30' title='bbox 1237 794 1365 855; x_wconf 86' lang='lat' dir='ltr'><strong>sqq.</strong></span> <span class='ocrx_word' id='word_1_31' title='bbox 1794 782 1797 787; x_wconf 59' lang='lat'><strong>⁴</strong></span> <span class='ocrx_word' id='word_1_32' title='bbox 2194 848 2197 851; x_wconf 22' lang='lat'>¹</span> 
     </span>
    </p>

    <p class='ocr_par' dir='ltr' id='par_1_3' title="bbox 309 882 2601 1285">
     <span class='ocr_line' id='line_1_5' title="bbox 492 882 2601 963; baseline 0.002 -21"><span class='ocrx_word' id='word_1_33' title='bbox 492 882 824 945; x_wconf 85' lang='lat' dir='ltr'>Trasactus</span> <span class='ocrx_word' id='word_1_34' title='bbox 887 886 951 944; x_wconf 92' lang='lat' dir='ltr'>in</span> <span class='ocrx_word' id='word_1_35' title='bbox 1011 902 1129 944; x_wconf 93' lang='lat' dir='ltr'>uno</span> <span class='ocrx_word' id='word_1_36' title='bbox 1207 883 1411 944; x_wconf 84' lang='lat' dir='ltr'>codiee</span> <span class='ocrx_word' id='word_1_37' title='bbox 1475 884 1522 943; x_wconf 87' lang='lat' dir='ltr'><strong>A</strong></span> <span class='ocrx_word' id='word_1_38' title='bbox 1601 885 1892 963; x_wconf 88' lang='lat' dir='ltr'>scriptum</span> <span class='ocrx_word' id='word_1_39' title='bbox 1955 886 2169 945; x_wconf 90' lang='lat' dir='ltr'>inveni.</span> <span class='ocrx_word' id='word_1_40' title='bbox 2272 884 2376 945; x_wconf 91' lang='lat' dir='ltr'>sed</span> <span class='ocrx_word' id='word_1_41' title='bbox 2443 887 2601 947; x_wconf 91' lang='lat' dir='ltr'>idem</span> 
     </span>
     <span class='ocr_line' id='line_1_6' title="bbox 311 988 2600 1074; baseline 0.002 -25"><span class='ocrx_word' id='word_1_42' title='bbox 311 989 566 1050; x_wconf 86' lang='lat' dir='ltr'>voluisse</span> <span class='ocrx_word' id='word_1_43' title='bbox 615 989 849 1051; x_wconf 86' lang='lat' dir='ltr'>videtur</span> <span class='ocrx_word' id='word_1_44' title='bbox 886 988 1230 1070; x_wconf 81' lang='lat' dir='ltr'>PolitianuS,</span> <span class='ocrx_word' id='word_1_45' title='bbox 1282 992 1381 1067; x_wconf 93' lang='lat' dir='ltr'>qui</span> <span class='ocrx_word' id='word_1_46' title='bbox 1429 992 1490 1051; x_wconf 91' lang='lat' dir='ltr'>in</span> <span class='ocrx_word' id='word_1_47' title='bbox 1537 991 1809 1068; x_wconf 80' lang='lat' dir='ltr'>principe</span> <span class='ocrx_word' id='word_1_48' title='bbox 1857 991 2116 1051; x_wconf 81' lang='lat' dir='ltr'>editione</span> <span class='ocrx_word' id='word_1_49' title='bbox 2159 989 2406 1074; x_wconf 74' lang='lat' dir='ltr'>litterae,</span> <span class='ocrx_word' id='word_1_50' title='bbox 2455 1012 2600 1072; x_wconf 90' lang='lat' dir='ltr'>quas</span> 
     </span>
     <span class='ocr_line' id='line_1_7' title="bbox 309 1095 2600 1177; baseline 0.002 -22"><span class='ocrx_word' id='word_1_51' title='bbox 309 1095 499 1155; x_wconf 91' lang='lat' dir='ltr'>deleri</span> <span class='ocrx_word' id='word_1_52' title='bbox 547 1095 793 1177; x_wconf 87' lang='lat' dir='ltr'>volebat,</span> <span class='ocrx_word' id='word_1_53' title='bbox 842 1095 1133 1157; x_wconf 86' lang='lat' dir='ltr'>subducta</span> <span class='ocrx_word' id='word_1_54' title='bbox 1180 1095 1393 1155; x_wconf 90' lang='lat' dir='ltr'>lineola</span> <span class='ocrx_word' id='word_1_55' title='bbox 1455 1098 1695 1156; x_wconf 85' lang='lat' dir='ltr'>notavit.</span> <span class='ocrx_word' id='word_1_56' title='bbox 1789 1098 2234 1158; x_wconf 77' lang='lat' dir='ltr'>travehundum</span> <span class='ocrx_word' id='word_1_57' title='bbox 2284 1098 2501 1177; x_wconf 88' lang='lat' dir='ltr'>legitur</span> <span class='ocrx_word' id='word_1_58' title='bbox 2546 1099 2600 1159; x_wconf 92' lang='lat'>11</span> 
     </span>
     <span class='ocr_line' id='line_1_8' title="bbox 313 1199 1129 1285; baseline -0.001 -22"><span class='ocrx_word' id='word_1_59' title='bbox 313 1200 370 1284; x_wconf 87' lang='lat'>7,</span> <span class='ocrx_word' id='word_1_60' title='bbox 409 1200 470 1285; x_wconf 85' lang='lat'>6,</span> <span class='ocrx_word' id='word_1_61' title='bbox 518 1207 811 1264; x_wconf 83' lang='lat' dir='ltr'>traversis</span> <span class='ocrx_word' id='word_1_62' title='bbox 855 1201 936 1262; x_wconf 93' lang='lat'>111</span> <span class='ocrx_word' id='word_1_63' title='bbox 974 1199 1032 1284; x_wconf 84' lang='lat'>5,</span> <span class='ocrx_word' id='word_1_64' title='bbox 1069 1199 1129 1263; x_wconf 91' lang='lat'>4.</span> 
     </span>
    </p>

    <p class='ocr_par' dir='ltr' id='par_1_4' title="bbox 295 1308 2629 2886">
     <span class='ocr_line' id='line_1_9' title="bbox 485 1308 2594 1390; baseline 0.003 -22"><span class='ocrx_word' id='word_1_65' title='bbox 485 1308 729 1389; x_wconf 88' lang='lat' dir='ltr'>Neque</span> <span class='ocrx_word' id='word_1_66' title='bbox 760 1312 947 1369; x_wconf 88' lang='lat' dir='ltr'>enim</span> <span class='ocrx_word' id='word_1_67' title='bbox 978 1327 1297 1388; x_wconf 89' lang='lat' dir='ltr'>magnum</span> <span class='ocrx_word' id='word_1_68' title='bbox 1328 1309 1887 1371; x_wconf 88' lang='lat' dir='ltr'>emolumentum</span> <span class='ocrx_word' id='word_1_69' title='bbox 1928 1327 2085 1370; x_wconf 90' lang='lat' dir='ltr'>esse</span> <span class='ocrx_word' id='word_1_70' title='bbox 2118 1310 2383 1390; x_wconf 84' lang='lat' dir='ltr'>potest]</span> <span class='ocrx_word' id='word_1_71' title='bbox 2419 1313 2594 1375; x_wconf 89' lang='lat' dir='ltr'>Moli-</span> 
     </span>
     <span class='ocr_line' id='line_1_10' title="bbox 304 1415 2595 1496; baseline 0.001 -19"><span class='ocrx_word' id='word_1_72' title='bbox 304 1422 566 1477; x_wconf 90' lang='lat' dir='ltr'>mentum</span> <span class='ocrx_word' id='word_1_73' title='bbox 613 1418 829 1495; x_wconf 81' lang='lat' dir='ltr'>scripsi</span> <span class='ocrx_word' id='word_1_74' title='bbox 874 1435 946 1476; x_wconf 89' lang='lat' dir='ltr'>ex</span> <span class='ocrx_word' id='word_1_75' title='bbox 994 1418 1336 1477; x_wconf 88' lang='lat' dir='ltr'>coniectura</span> <span class='ocrx_word' id='word_1_76' title='bbox 1385 1416 1661 1478; x_wconf 90' lang='lat' dir='ltr'>Palmerii</span> <span class='ocrx_word' id='word_1_77' title='bbox 1708 1416 1967 1496; x_wconf 86' lang='lat' dir='ltr'>spicileg.</span> <span class='ocrx_word' id='word_1_78' title='bbox 2008 1415 2174 1478; x_wconf 87' lang='lat' dir='ltr'>Grut.</span> <span class='ocrx_word' id='word_1_79' title='bbox 2213 1416 2388 1496; x_wconf 83' lang='lat' dir='ltr'>lamp.</span> <span class='ocrx_word' id='word_1_80' title='bbox 2428 1439 2477 1480; x_wconf 91' lang='lat' dir='ltr'>v.</span> <span class='ocrx_word' id='word_1_81' title='bbox 2518 1419 2595 1480; x_wconf 88' lang='lat' dir='ltr'>IV</span> 
     </span>
     <span class='ocr_line' id='line_1_11' title="bbox 302 1518 2594 1606; baseline 0.002 -24"><span class='ocrx_word' id='word_1_82' title='bbox 302 1541 357 1601; x_wconf 91' lang='lat' dir='ltr'>p.</span> <span class='ocrx_word' id='word_1_83' title='bbox 398 1518 547 1583; x_wconf 85' lang='lat'>847.</span> <span class='ocrx_word' id='word_1_84' title='bbox 624 1541 759 1583; x_wconf 91' lang='lat' dir='ltr'>nam</span> <span class='ocrx_word' id='word_1_85' title='bbox 816 1523 887 1584; x_wconf 90' lang='lat' dir='ltr'>de</span> <span class='ocrx_word' id='word_1_86' title='bbox 946 1522 1292 1584; x_wconf 84' lang='lat' dir='ltr'>difficultate</span> <span class='ocrx_word' id='word_1_87' title='bbox 1349 1525 1549 1602; x_wconf 89' lang='lat' dir='ltr'>operis</span> <span class='ocrx_word' id='word_1_88' title='bbox 1599 1524 1809 1583; x_wconf 82' lang='lat' dir='ltr'>Axium</span> <span class='ocrx_word' id='word_1_89' title='bbox 1863 1523 2010 1583; x_wconf 89' lang='lat' dir='ltr'>haec</span> <span class='ocrx_word' id='word_1_90' title='bbox 2062 1522 2288 1606; x_wconf 85' lang='lat' dir='ltr'>dicere,</span> <span class='ocrx_word' id='word_1_91' title='bbox 2346 1544 2464 1586; x_wconf 92' lang='lat' dir='ltr'>non</span> <span class='ocrx_word' id='word_1_92' title='bbox 2521 1527 2594 1587; x_wconf 92' lang='lat' dir='ltr'>de</span> 
     </span>
     <span class='ocr_line' id='line_1_12' title="bbox 307 1629 2629 1710; baseline 0.002 -21"><span class='ocrx_word' id='word_1_93' title='bbox 307 1629 578 1710; x_wconf 84' lang='lat' dir='ltr'>utilitate,</span> <span class='ocrx_word' id='word_1_94' title='bbox 625 1648 696 1689; x_wconf 83' lang='lat' dir='ltr'>ex</span> <span class='ocrx_word' id='word_1_95' title='bbox 744 1632 816 1689; x_wconf 92' lang='lat' dir='ltr'>iis</span> <span class='ocrx_word' id='word_1_96' title='bbox 865 1648 1015 1709; x_wconf 90' lang='lat' dir='ltr'>quae</span> <span class='ocrx_word' id='word_1_97' title='bbox 1056 1631 1280 1709; x_wconf 82' lang='lat' dir='ltr'>Appius</span> <span class='ocrx_word' id='word_1_98' title='bbox 1320 1629 1644 1709; x_wconf 87' lang='lat' dir='ltr'>respondet</span> <span class='ocrx_word' id='word_1_99' title='bbox 1681 1629 2061 1708; x_wconf 88' lang='lat' dir='ltr'>intellegitur.</span> <span class='ocrx_word' id='word_1_100' title='bbox 2135 1635 2629 1694; x_wconf 88' lang='lat' dir='ltr'>emolumentum·</span> 
     </span>
     <span class='ocr_line' id='line_1_13' title="bbox 304 1732 2595 1818; baseline 0.002 -23"><span class='ocrx_word' id='word_1_101' title='bbox 304 1736 604 1798; x_wconf 89' lang='lat' dir='ltr'>Victorius</span> <span class='ocrx_word' id='word_1_102' title='bbox 652 1754 771 1798; x_wconf 88' lang='lat' dir='ltr'>var.</span> <span class='ocrx_word' id='word_1_103' title='bbox 816 1735 950 1798; x_wconf 89' lang='lat' dir='ltr'>lect.</span> <span class='ocrx_word' id='word_1_104' title='bbox 990 1735 1104 1818; x_wconf 87' lang='lat'>22,</span> <span class='ocrx_word' id='word_1_105' title='bbox 1149 1734 1231 1797; x_wconf 87' lang='grc'>10</span> <span class='ocrx_word' id='word_1_106' title='bbox 1286 1736 1550 1798; x_wconf 83' lang='lat' dir='ltr'>defendit</span> <span class='ocrx_word' id='word_1_107' title='bbox 1610 1739 1716 1817; x_wconf 87' lang='lat' dir='ltr'>ita,</span> <span class='ocrx_word' id='word_1_108' title='bbox 1778 1742 1845 1797; x_wconf 87' lang='lat' dir='ltr'>ut</span> <span class='ocrx_word' id='word_1_109' title='bbox 1900 1736 1959 1796; x_wconf 92' lang='lat' dir='ltr'>id</span> <span class='ocrx_word' id='word_1_110' title='bbox 2017 1732 2207 1816; x_wconf 76' lang='lat' dir='ltr'>‘quod</span> <span class='ocrx_word' id='word_1_111' title='bbox 2274 1755 2595 1818; x_wconf 86' lang='lat' dir='ltr'>operosum</span> 
     </span>
     <span class='ocr_line' id='line_1_14' title="bbox 304 1838 2593 1924; baseline 0.001 -21"><span class='ocrx_word' id='word_1_112' title='bbox 304 1852 392 1905; x_wconf 90' lang='lat' dir='ltr'>est</span> <span class='ocrx_word' id='word_1_113' title='bbox 441 1861 509 1904; x_wconf 92' lang='lat' dir='ltr'>ac</span> <span class='ocrx_word' id='word_1_114' title='bbox 558 1861 836 1922; x_wconf 90' lang='lat' dir='ltr'>magnum</span> <span class='ocrx_word' id='word_1_115' title='bbox 875 1842 1141 1904; x_wconf 90' lang='lat' dir='ltr'>studium</span> <span class='ocrx_word' id='word_1_116' title='bbox 1178 1838 1466 1923; x_wconf 86' lang='lat' dir='ltr'>requirit&#39;</span> <span class='ocrx_word' id='word_1_117' title='bbox 1515 1844 1894 1924; x_wconf 86' lang='lat' dir='ltr'>significaret,</span> <span class='ocrx_word' id='word_1_118' title='bbox 1932 1845 2106 1903; x_wconf 90' lang='lat' dir='ltr'>cuius</span> <span class='ocrx_word' id='word_1_119' title='bbox 2144 1845 2593 1923; x_wconf 82' lang='lat' dir='ltr'>significationis</span> 
     </span>
     <span class='ocr_line' id='line_1_15' title="bbox 307 1949 2591 2028; baseline 0.001 -17"><span class='ocrx_word' id='word_1_120' title='bbox 307 1950 641 2028; x_wconf 83' lang='lat' dir='ltr'>exemplum</span> <span class='ocrx_word' id='word_1_121' title='bbox 689 1959 927 2028; x_wconf 88' lang='lat' dir='ltr'>praeter</span> <span class='ocrx_word' id='word_1_122' title='bbox 973 1949 1132 2011; x_wconf 90' lang='lat' dir='ltr'>hunc</span> <span class='ocrx_word' id='word_1_123' title='bbox 1170 1949 1452 2011; x_wconf 82' lang='lat' dir='ltr'>Varronis</span> <span class='ocrx_word' id='word_1_124' title='bbox 1490 1950 1687 2011; x_wconf 91' lang='lat' dir='ltr'>locum</span> <span class='ocrx_word' id='word_1_125' title='bbox 1735 1950 1931 2011; x_wconf 91' lang='lat' dir='ltr'>attulit</span> <span class='ocrx_word' id='word_1_126' title='bbox 1969 1949 2134 2011; x_wconf 80' lang='lat' dir='ltr'>Caes,</span> <span class='ocrx_word' id='word_1_127' title='bbox 2173 1949 2244 2010; x_wconf 88' lang='lat' dir='ltr'>de</span> <span class='ocrx_word' id='word_1_128' title='bbox 2285 1950 2417 2012; x_wconf 90' lang='lat' dir='ltr'>bell.</span> <span class='ocrx_word' id='word_1_129' title='bbox 2449 1952 2591 2014; x_wconf 87' lang='lat' dir='ltr'>Gall.</span> 
     </span>
     <span class='ocr_line' id='line_1_16' title="bbox 303 2053 2591 2137; baseline 0.002 -22"><span class='ocrx_word' id='word_1_130' title='bbox 303 2053 473 2137; x_wconf 85' lang='lat'>134,</span> <span class='ocrx_word' id='word_1_131' title='bbox 523 2056 563 2119; x_wconf 88' lang='lat'><strong>3</strong></span> <span class='ocrx_word' id='word_1_132' title='bbox 629 2075 824 2132; x_wconf 82' lang='lat' dir='ltr'>neque</span> <span class='ocrx_word' id='word_1_133' title='bbox 878 2061 1218 2118; x_wconf 81' lang='lat' dir='ltr'>exercitum</span> <span class='ocrx_word' id='word_1_134' title='bbox 1273 2062 1406 2119; x_wconf 90' lang='lat' dir='ltr'>sine</span> <span class='ocrx_word' id='word_1_135' title='bbox 1460 2075 1681 2132; x_wconf 71' lang='lat' dir='ltr'>maqno</span> <span class='ocrx_word' id='word_1_136' title='bbox 1739 2063 2072 2118; x_wconf 81' lang='lat' dir='ltr'>commeatu</span> <span class='ocrx_word' id='word_1_137' title='bbox 2129 2063 2325 2132; x_wconf 64' lang='lat' dir='ltr'>atque.</span> <span class='ocrx_word' id='word_1_138' title='bbox 2373 2064 2591 2120; x_wconf 89' lang='lat' dir='ltr'>emolu-</span> 
     </span>
     <span class='ocr_line' id='line_1_17' title="bbox 298 2162 2587 2240; baseline 0.001 -17"><span class='ocrx_word' id='word_1_139' title='bbox 298 2171 494 2225; x_wconf 89' lang='lat' dir='ltr'>mento</span> <span class='ocrx_word' id='word_1_140' title='bbox 541 2167 605 2224; x_wconf 89' lang='lat' dir='ltr'>in</span> <span class='ocrx_word' id='word_1_141' title='bbox 653 2181 838 2224; x_wconf 90' lang='lat' dir='ltr'>unum</span> <span class='ocrx_word' id='word_1_142' title='bbox 885 2168 1079 2226; x_wconf 83' lang='lat' dir='ltr'>locum</span> <span class='ocrx_word' id='word_1_143' title='bbox 1127 2167 1497 2226; x_wconf 77' lang='lat' dir='ltr'>contrahere</span> <span class='ocrx_word' id='word_1_144' title='bbox 1535 2182 1729 2240; x_wconf 86' lang='lat' dir='ltr'>posse.</span> <span class='ocrx_word' id='word_1_145' title='bbox 1806 2163 1909 2223; x_wconf 90' lang='lat' dir='ltr'>sed</span> <span class='ocrx_word' id='word_1_146' title='bbox 1958 2162 2039 2222; x_wconf 93' lang='lat' dir='ltr'>ibi</span> <span class='ocrx_word' id='word_1_147' title='bbox 2078 2171 2241 2224; x_wconf 89' lang='lat' dir='ltr'>recte</span> <span class='ocrx_word' id='word_1_148' title='bbox 2280 2181 2314 2222; x_wconf 92' lang='lat' dir='ltr'>a</span> <span class='ocrx_word' id='word_1_149' title='bbox 2359 2162 2587 2231; x_wconf 87' lang='lat' dir='ltr'>Faerno</span> 
     </span>
     <span class='ocr_line' id='line_1_18' title="bbox 298 2270 2589 2333; baseline 0.001 -4"><span class='ocrx_word' id='word_1_150' title='bbox 298 2278 634 2330; x_wconf 88' lang='lat' dir='ltr'>correctum</span> <span class='ocrx_word' id='word_1_151' title='bbox 701 2278 794 2330; x_wconf 89' lang='lat' dir='ltr'>est</span> <span class='ocrx_word' id='word_1_152' title='bbox 855 2274 1207 2333; x_wconf 83' lang='lat' dir='ltr'>molimento,</span> <span class='ocrx_word' id='word_1_153' title='bbox 1301 2270 1532 2332; x_wconf 87' lang='lat' dir='ltr'>diversa</span> <span class='ocrx_word' id='word_1_154' title='bbox 1609 2272 1768 2330; x_wconf 91' lang='lat' dir='ltr'>enim</span> <span class='ocrx_word' id='word_1_155' title='bbox 1833 2280 1973 2330; x_wconf 90' lang='lat' dir='ltr'>sunt</span> <span class='ocrx_word' id='word_1_156' title='bbox 2036 2273 2490 2332; x_wconf 88' lang='lat' dir='ltr'>emolumentum</span> <span class='ocrx_word' id='word_1_157' title='bbox 2556 2290 2589 2331; x_wconf 87' lang='lat' dir='ltr'>a</span> 
     </span>
     <span class='ocr_line' id='line_1_19' title="bbox 297 2375 2585 2440; baseline 0.002 -5"><span class='ocrx_word' id='word_1_158' title='bbox 297 2375 447 2436; x_wconf 92' lang='lat' dir='ltr'>mola</span> <span class='ocrx_word' id='word_1_159' title='bbox 499 2377 745 2437; x_wconf 91' lang='lat' dir='ltr'>ductum</span> <span class='ocrx_word' id='word_1_160' title='bbox 794 2386 854 2438; x_wconf 93' lang='lat' dir='ltr'>et</span> <span class='ocrx_word' id='word_1_161' title='bbox 898 2381 1201 2439; x_wconf 89' lang='lat' dir='ltr'>communi</span> <span class='ocrx_word' id='word_1_162' title='bbox 1248 2396 1362 2438; x_wconf 90' lang='lat' dir='ltr'>usu</span> <span class='ocrx_word' id='word_1_163' title='bbox 1408 2378 1480 2437; x_wconf 91' lang='lat' dir='ltr'>ad</span> <span class='ocrx_word' id='word_1_164' title='bbox 1520 2377 1896 2438; x_wconf 89' lang='lat' dir='ltr'>commodum</span> <span class='ocrx_word' id='word_1_165' title='bbox 1936 2376 2285 2438; x_wconf 90' lang='lat' dir='ltr'>translatum</span> <span class='ocrx_word' id='word_1_166' title='bbox 2323 2386 2383 2438; x_wconf 93' lang='lat' dir='ltr'>et</span> <span class='ocrx_word' id='word_1_167' title='bbox 2420 2383 2585 2440; x_wconf 91' lang='lat' dir='ltr'>moli-</span> 
     </span>
     <span class='ocr_line' id='line_1_20' title="bbox 295 2467 2583 2565; baseline 0.001 -23"><span class='ocrx_word' id='word_1_168' title='bbox 295 2490 558 2545; x_wconf 91' lang='lat' dir='ltr'>mentum</span> <span class='ocrx_word' id='word_1_169' title='bbox 607 2482 695 2544; x_wconf 86' lang='lat' dir='ltr'>vel</span> <span class='ocrx_word' id='word_1_170' title='bbox 742 2488 1016 2547; x_wconf 79' lang='lat' dir='ltr'>molimen</span> <span class='ocrx_word' id='word_1_171' title='bbox 1063 2505 1095 2545; x_wconf 93' lang='lat' dir='ltr'>a</span> <span class='ocrx_word' id='word_1_172' title='bbox 1143 2484 1467 2565; x_wconf 88' lang='lat' dir='ltr'>moliendo,</span> <span class='ocrx_word' id='word_1_173' title='bbox 1523 2502 1642 2562; x_wconf 89' lang='lat' dir='ltr'>quo</span> <span class='ocrx_word' id='word_1_174' title='bbox 1689 2482 1856 2543; x_wconf 90' lang='lat' dir='ltr'>labor</span> <span class='ocrx_word' id='word_1_175' title='bbox 1913 2490 1975 2542; x_wconf 92' lang='lat' dir='ltr'>et</span> <span class='ocrx_word' id='word_1_176' title='bbox 2019 2467 2336 2544; x_wconf 86' lang='lat' dir='ltr'>difficultas</span> <span class='ocrx_word' id='word_1_177' title='bbox 2382 2486 2583 2562; x_wconf 90' lang='lat' dir='ltr'>operis</span> 
     </span>
     <span class='ocr_line' id='line_1_21' title="bbox 295 2588 2580 2670; baseline 0.002 -20"><span class='ocrx_word' id='word_1_178' title='bbox 295 2592 557 2668; x_wconf 91' lang='lat' dir='ltr'>suscepti</span> <span class='ocrx_word' id='word_1_179' title='bbox 607 2592 990 2670; x_wconf 86' lang='lat' dir='ltr'>significatur.</span> <span class='ocrx_word' id='word_1_180' title='bbox 1083 2596 1485 2655; x_wconf 88' lang='lat' dir='ltr'>molimentum</span> <span class='ocrx_word' id='word_1_181' title='bbox 1531 2610 1642 2670; x_wconf 87' lang='lat' dir='ltr'>pro</span> <span class='ocrx_word' id='word_1_182' title='bbox 1690 2599 1906 2652; x_wconf 85' lang='lat' dir='ltr'>conatu</span> <span class='ocrx_word' id='word_1_183' title='bbox 1964 2608 1997 2650; x_wconf 93' lang='lat' dir='ltr'>a</span> <span class='ocrx_word' id='word_1_184' title='bbox 2055 2588 2304 2651; x_wconf 88' lang='lat' dir='ltr'>Sisenna</span> <span class='ocrx_word' id='word_1_185' title='bbox 2354 2591 2580 2654; x_wconf 86' lang='lat' dir='ltr'>dictum</span> 
     </span>
     <span class='ocr_line' id='line_1_22' title="bbox 295 2697 2582 2781; baseline 0.002 -25"><span class='ocrx_word' id='word_1_186' title='bbox 295 2697 592 2759; x_wconf 88' lang='lat' dir='ltr'>adnotavit</span> <span class='ocrx_word' id='word_1_187' title='bbox 647 2697 874 2759; x_wconf 90' lang='lat' dir='ltr'>Nonius</span> <span class='ocrx_word' id='word_1_188' title='bbox 929 2717 986 2777; x_wconf 91' lang='lat' dir='ltr'>p.</span> <span class='ocrx_word' id='word_1_189' title='bbox 1030 2697 1183 2780; x_wconf 87' lang='lat'>142,</span> <span class='ocrx_word' id='word_1_190' title='bbox 1222 2697 1280 2760; x_wconf 88' lang='lat'>3.</span> <span class='ocrx_word' id='word_1_191' title='bbox 1372 2698 1578 2759; x_wconf 91' lang='lat' dir='ltr'>eodem</span> <span class='ocrx_word' id='word_1_192' title='bbox 1628 2698 1832 2758; x_wconf 88' lang='lat' dir='ltr'>Livius</span> <span class='ocrx_word' id='word_1_193' title='bbox 1890 2715 2036 2758; x_wconf 91' lang='lat' dir='ltr'>usus</span> <span class='ocrx_word' id='word_1_194' title='bbox 2084 2705 2176 2758; x_wconf 90' lang='lat' dir='ltr'>est</span> <span class='ocrx_word' id='word_1_195' title='bbox 2232 2701 2489 2781; x_wconf 83' lang='lat' dir='ltr'>saepius,</span> <span class='ocrx_word' id='word_1_196' title='bbox 2535 2700 2582 2759; x_wconf 94' lang='lat' dir='ltr'>V</span> 
     </span>
     <span class='ocr_line' id='line_1_23' title="bbox 298 2801 2292 2886; baseline 0.001 -21"><span class='ocrx_word' id='word_1_197' title='bbox 298 2802 399 2885; x_wconf 90' lang='lat'>22,</span> <span class='ocrx_word' id='word_1_198' title='bbox 430 2801 489 2865; x_wconf 88' lang='grc'>6.</span> <span class='ocrx_word' id='word_1_199' title='bbox 539 2802 802 2865; x_wconf 89' lang='lat' dir='ltr'><strong>XXXVII</strong></span> <span class='ocrx_word' id='word_1_200' title='bbox 841 2802 944 2885; x_wconf 88' lang='lat'>14,</span> <span class='ocrx_word' id='word_1_201' title='bbox 985 2804 1039 2867; x_wconf 85' lang='lat'>7.</span> <span class='ocrx_word' id='word_1_202' title='bbox 1094 2804 1192 2885; x_wconf 80' lang='lat'>15,</span> <span class='ocrx_word' id='word_1_203' title='bbox 1230 2804 1289 2881; x_wconf 86' lang='lat'>2,</span> <span class='ocrx_word' id='word_1_204' title='bbox 1339 2816 1397 2866; x_wconf 90' lang='lat' dir='ltr'>et</span> <span class='ocrx_word' id='word_1_205' title='bbox 1446 2805 1681 2867; x_wconf 80' lang='lat' dir='ltr'>Seneca·</span> <span class='ocrx_word' id='word_1_206' title='bbox 1712 2804 1783 2865; x_wconf 88' lang='lat' dir='ltr'>de</span> <span class='ocrx_word' id='word_1_207' title='bbox 1833 2804 2053 2864; x_wconf 88' lang='lat' dir='ltr'>consol.</span> <span class='ocrx_word' id='word_1_208' title='bbox 2095 2802 2197 2886; x_wconf 88' lang='lat'>11,</span> <span class='ocrx_word' id='word_1_209' title='bbox 2232 2803 2292 2866; x_wconf 88' lang='lat'>4.</span> 
     </span>
    </p>

    <p class='ocr_par' dir='ltr' id='par_1_5' title="bbox 288 2908 2582 3635">
     <span class='ocr_line' id='line_1_24' title="bbox 465 2908 2582 2991; baseline 0.002 -21"><span class='ocrx_word' id='word_1_210' title='bbox 465 2908 509 2971; x_wconf 93' lang='grc'>2</span> <span class='ocrx_word' id='word_1_211' title='bbox 579 2910 651 2970; x_wconf 92' lang='lat' dir='ltr'>Si</span> <span class='ocrx_word' id='word_1_212' title='bbox 699 2911 1087 2973; x_wconf 83' lang='lat' dir='ltr'>adduxeris</span> <span class='ocrx_word' id='word_1_213' title='bbox 1135 2912 1389 2973; x_wconf 89' lang='lat' dir='ltr'>fistula</span> <span class='ocrx_word' id='word_1_214' title='bbox 1436 2921 1505 2973; x_wconf 88' lang='lat' dir='ltr'>et</span> <span class='ocrx_word' id='word_1_215' title='bbox 1555 2915 1630 2972; x_wconf 94' lang='lat' dir='ltr'>in</span> <span class='ocrx_word' id='word_1_216' title='bbox 1687 2930 1832 2971; x_wconf 90' lang='lat' dir='ltr'>eam</span> <span class='ocrx_word' id='word_1_217' title='bbox 1880 2910 2300 2971; x_wconf 87' lang='lat' dir='ltr'>mammillas</span> <span class='ocrx_word' id='word_1_218' title='bbox 2356 2914 2582 2991; x_wconf 89' lang='lat' dir='ltr'>impo-</span> 
     </span>
     <span class='ocr_line' id='line_1_25' title="bbox 292 3016 2580 3095; baseline 0.001 -17"><span class='ocrx_word' id='word_1_219' title='bbox 292 3016 568 3095; x_wconf 89' lang='lat' dir='ltr'>sueris]</span> <span class='ocrx_word' id='word_1_220' title='bbox 629 3019 702 3079; x_wconf 88' lang='lat' dir='ltr'>Si</span> <span class='ocrx_word' id='word_1_221' title='bbox 763 3021 1105 3081; x_wconf 80' lang='lat' dir='ltr'>adduxeris</span> <span class='ocrx_word' id='word_1_222' title='bbox 1152 3023 1421 3092; x_wconf 77' lang='lat' dir='ltr'>fistulam</span> <span class='ocrx_word' id='word_1_223' title='bbox 1476 3027 1536 3081; x_wconf 91' lang='lat' dir='ltr'>et</span> <span class='ocrx_word' id='word_1_224' title='bbox 1594 3022 1657 3079; x_wconf 89' lang='lat' dir='ltr'>in</span> <span class='ocrx_word' id='word_1_225' title='bbox 1705 3035 1840 3078; x_wconf 93' lang='lat' dir='ltr'>eam</span> <span class='ocrx_word' id='word_1_226' title='bbox 1897 3020 2163 3094; x_wconf 79' lang='lat' dir='ltr'>papillas</span> <span class='ocrx_word' id='word_1_227' title='bbox 2224 3021 2580 3094; x_wconf 80' lang='lat' dir='ltr'>imposueris</span> 
     </span>
     <span class='ocr_line' id='line_1_26' title="bbox 289 3120 2577 3201; baseline 0.001 -19"><span class='ocrx_word' id='word_1_228' title='bbox 289 3122 531 3184; x_wconf 86' lang='lat' dir='ltr'>Merula.</span> <span class='ocrx_word' id='word_1_229' title='bbox 605 3129 963 3186; x_wconf 83' lang='lat' dir='ltr'>mammillas</span> <span class='ocrx_word' id='word_1_230' title='bbox 999 3125 1295 3186; x_wconf 88' lang='lat' dir='ltr'>Victorius</span> <span class='ocrx_word' id='word_1_231' title='bbox 1325 3143 1396 3185; x_wconf 87' lang='lat' dir='ltr'>ex</span> <span class='ocrx_word' id='word_1_232' title='bbox 1435 3126 1641 3186; x_wconf 89' lang='lat' dir='ltr'>codice</span> <span class='ocrx_word' id='word_1_233' title='bbox 1682 3124 1961 3198; x_wconf 86' lang='lat' dir='ltr'>restituit,</span> <span class='ocrx_word' id='word_1_234' title='bbox 2000 3120 2229 3201; x_wconf 87' lang='lat' dir='ltr'>reliqua</span> <span class='ocrx_word' id='word_1_235' title='bbox 2259 3141 2333 3182; x_wconf 84' lang='lat' dir='ltr'>ex</span> <span class='ocrx_word' id='word_1_236' title='bbox 2364 3127 2577 3185; x_wconf 89' lang='lat' dir='ltr'>veteri-</span> 
     </span>
     <span class='ocr_line' id='line_1_27' title="bbox 290 3228 2574 3310; baseline 0.001 -21"><span class='ocrx_word' id='word_1_237' title='bbox 290 3229 400 3290; x_wconf 90' lang='lat' dir='ltr'>bus</span> <span class='ocrx_word' id='word_1_238' title='bbox 438 3230 798 3291; x_wconf 89' lang='lat' dir='ltr'>editionibus</span> <span class='ocrx_word' id='word_1_239' title='bbox 836 3234 1126 3310; x_wconf 88' lang='lat' dir='ltr'>repetivit.</span> <span class='ocrx_word' id='word_1_240' title='bbox 1181 3235 1239 3292; x_wconf 88' lang='lat' dir='ltr'>si</span> <span class='ocrx_word' id='word_1_241' title='bbox 1273 3234 1564 3292; x_wconf 75' lang='lat' dir='ltr'>eduxeris</span> <span class='ocrx_word' id='word_1_242' title='bbox 1595 3233 1865 3304; x_wconf 75' lang='lat' dir='ltr'>fistulam</span> <span class='ocrx_word' id='word_1_243' title='bbox 1902 3248 1974 3289; x_wconf 86' lang='lat' dir='ltr'>ex</span> <span class='ocrx_word' id='word_1_244' title='bbox 2014 3229 2273 3289; x_wconf 89' lang='lat' dir='ltr'>secunda</span> <span class='ocrx_word' id='word_1_245' title='bbox 2314 3228 2574 3292; x_wconf 90' lang='lat' dir='ltr'>editione</span> 
     </span>
     <span class='ocr_line' id='line_1_28' title="bbox 288 3336 2573 3428; baseline 0.001 -33"><span class='ocrx_word' id='word_1_246' title='bbox 288 3336 530 3397; x_wconf 86' lang='lat' dir='ltr'>Victorii</span> <span class='ocrx_word' id='word_1_247' title='bbox 570 3344 881 3428; x_wconf 76' lang='lat' dir='ltr'>receptum</span> <span class='ocrx_word' id='word_1_248' title='bbox 938 3347 1081 3400; x_wconf 89' lang='lat' dir='ltr'>erat.</span> <span class='ocrx_word' id='word_1_249' title='bbox 1173 3336 1477 3416; x_wconf 79' lang='lat' dir='ltr'>archetypi</span> <span class='ocrx_word' id='word_1_250' title='bbox 1534 3336 1849 3396; x_wconf 89' lang='lat' dir='ltr'>lectionem</span> <span class='ocrx_word' id='word_1_251' title='bbox 1908 3337 2161 3395; x_wconf 89' lang='lat' dir='ltr'>restitui.</span> <span class='ocrx_word' id='word_1_252' title='bbox 2239 3354 2373 3397; x_wconf 91' lang='lat' dir='ltr'>nam</span> <span class='ocrx_word' id='word_1_253' title='bbox 2420 3356 2573 3416; x_wconf 91' lang='lat' dir='ltr'>aqua</span> 
     </span>
     <span class='ocr_line' id='line_1_29' title="bbox 288 3441 2572 3525; baseline 0.001 -23"><span class='ocrx_word' id='word_1_254' title='bbox 288 3445 346 3502; x_wconf 90' lang='lat' dir='ltr'>in</span> <span class='ocrx_word' id='word_1_255' title='bbox 393 3441 795 3524; x_wconf 82' lang='lat' dir='ltr'>cqchlearium</span> <span class='ocrx_word' id='word_1_256' title='bbox 842 3442 1156 3504; x_wconf 89' lang='lat' dir='ltr'>adducitur</span> <span class='ocrx_word' id='word_1_257' title='bbox 1193 3443 1405 3525; x_wconf 84' lang='lat' dir='ltr'>fistula,</span> <span class='ocrx_word' id='word_1_258' title='bbox 1450 3446 1513 3504; x_wconf 94' lang='lat' dir='ltr'>in</span> <span class='ocrx_word' id='word_1_259' title='bbox 1560 3460 1738 3522; x_wconf 89' lang='lat' dir='ltr'>quam</span> <span class='ocrx_word' id='word_1_260' title='bbox 1784 3444 2172 3521; x_wconf 86' lang='lat' dir='ltr'>imponuntur</span> <span class='ocrx_word' id='word_1_261' title='bbox 2223 3443 2572 3505; x_wconf 80' lang='lat' dir='ltr'>mammillae</span> 
     </span>
     <span class='ocr_line' id='line_1_30' title="bbox 288 3549 1729 3635; baseline 0.001 -26"><span class='ocrx_word' id='word_1_262' title='bbox 288 3550 377 3610; x_wconf 84' lang='lat' dir='ltr'>vel</span> <span class='ocrx_word' id='word_1_263' title='bbox 426 3549 637 3632; x_wconf 86' lang='lat' dir='ltr'>tubuli,</span> <span class='ocrx_word' id='word_1_264' title='bbox 685 3549 902 3629; x_wconf 90' lang='lat' dir='ltr'>quibus</span> <span class='ocrx_word' id='word_1_265' title='bbox 948 3569 1098 3631; x_wconf 90' lang='lat' dir='ltr'>aqua</span> <span class='ocrx_word' id='word_1_266' title='bbox 1147 3559 1471 3612; x_wconf 83' lang='lat' dir='ltr'>eructetur.</span> <span class='ocrx_word' id='word_1_267' title='bbox 1726 3631 1729 3635; x_wconf 86' lang='lat'>.</span> 
     </span>
    </p>

    <p class='ocr_par' dir='ltr' id='par_1_6' title="bbox 279 3653 2577 4270">
     <span class='ocr_line' id='line_1_31' title="bbox 463 3653 2577 3736; baseline 0.001 -18"><span class='ocrx_word' id='word_1_268' title='bbox 463 3654 504 3718; x_wconf 87' lang='lat'><strong>3</strong></span> <span class='ocrx_word' id='word_1_269' title='bbox 570 3656 658 3717; x_wconf 89' lang='lat' dir='ltr'>Et</span> <span class='ocrx_word' id='word_1_270' title='bbox 719 3657 909 3717; x_wconf 90' lang='lat' dir='ltr'>hunc</span> <span class='ocrx_word' id='word_1_271' title='bbox 966 3658 1125 3718; x_wconf 90' lang='lat' dir='ltr'>dum</span> <span class='ocrx_word' id='word_1_272' title='bbox 1182 3660 1416 3735; x_wconf 89' lang='lat' dir='ltr'>serpit</span> <span class='ocrx_word' id='word_1_273' title='bbox 1471 3674 1609 3717; x_wconf 93' lang='lat' dir='ltr'>non</span> <span class='ocrx_word' id='word_1_274' title='bbox 1666 3653 1892 3716; x_wconf 91' lang='lat' dir='ltr'>solum</span> <span class='ocrx_word' id='word_1_275' title='bbox 1951 3656 2021 3714; x_wconf 93' lang='lat' dir='ltr'>in</span> <span class='ocrx_word' id='word_1_276' title='bbox 2078 3673 2240 3715; x_wconf 90' lang='lat' dir='ltr'>area</span> <span class='ocrx_word' id='word_1_277' title='bbox 2297 3661 2577 3736; x_wconf 86' lang='lat' dir='ltr'>reperit</span> 
     </span>
     <span class='ocr_line' id='line_1_32' title="bbox 285 3762 2572 3842; baseline 0 -18"><span class='ocrx_word' id='word_1_278' title='bbox 285 3764 404 3824; x_wconf 90' lang='lat' dir='ltr'>sed</span> <span class='ocrx_word' id='word_1_279' title='bbox 472 3765 685 3824; x_wconf 86' lang='lat' dir='ltr'>etiam</span> <span class='ocrx_word' id='word_1_280' title='bbox 749 3765 811 3823; x_wconf 91' lang='lat' dir='ltr'>si</span> <span class='ocrx_word' id='word_1_281' title='bbox 874 3765 1081 3825; x_wconf 92' lang='lat' dir='ltr'>riuus</span> <span class='ocrx_word' id='word_1_282' title='bbox 1148 3782 1284 3824; x_wconf 92' lang='lat' dir='ltr'>non</span> <span class='ocrx_word' id='word_1_283' title='bbox 1350 3762 1694 3842; x_wconf 89' lang='lat' dir='ltr'>prohibet</span> <span class='ocrx_word' id='word_1_284' title='bbox 1752 3763 2074 3841; x_wconf 87' lang='lat' dir='ltr'>parietes</span> <span class='ocrx_word' id='word_1_285' title='bbox 2131 3770 2407 3823; x_wconf 89' lang='lat' dir='ltr'>stantes</span> <span class='ocrx_word' id='word_1_286' title='bbox 2468 3766 2572 3825; x_wconf 91' lang='lat' dir='ltr'>in-</span> 
     </span>
     <span class='ocr_line' id='line_1_33' title="bbox 284 3866 2573 3948; baseline 0 -17"><span class='ocrx_word' id='word_1_287' title='bbox 284 3868 524 3948; x_wconf 90' lang='lat' dir='ltr'>uenit]</span> <span class='ocrx_word' id='word_1_288' title='bbox 583 3871 658 3930; x_wconf 91' lang='lat' dir='ltr'>In</span> <span class='ocrx_word' id='word_1_289' title='bbox 700 3874 974 3946; x_wconf 85' lang='lat' dir='ltr'>parietes</span> <span class='ocrx_word' id='word_1_290' title='bbox 1018 3869 1322 3931; x_wconf 88' lang='lat' dir='ltr'>Iucundus</span> <span class='ocrx_word' id='word_1_291' title='bbox 1378 3879 1437 3930; x_wconf 89' lang='lat' dir='ltr'>et</span> <span class='ocrx_word' id='word_1_292' title='bbox 1483 3869 1697 3946; x_wconf 89' lang='lat' dir='ltr'>deinde</span> <span class='ocrx_word' id='word_1_293' title='bbox 1755 3867 1971 3945; x_wconf 89' lang='lat' dir='ltr'>reliqui</span> <span class='ocrx_word' id='word_1_294' title='bbox 2029 3866 2306 3928; x_wconf 89' lang='lat' dir='ltr'>editores.</span> <span class='ocrx_word' id='word_1_295' title='bbox 2354 3875 2573 3932; x_wconf 86' lang='lat' dir='ltr'>etenim</span> 
     </span>
     <span class='ocr_line' id='line_1_34' title="bbox 283 3975 2570 4054; baseline 0 -16"><span class='ocrx_word' id='word_1_296' title='bbox 283 3980 424 4038; x_wconf 85' lang='lat' dir='ltr'>dum</span> <span class='ocrx_word' id='word_1_297' title='bbox 461 3980 655 4054; x_wconf 86' lang='lat' dir='ltr'>serpit</span> <span class='ocrx_word' id='word_1_298' title='bbox 690 4009 775 4019; x_wconf 90' lang='lat'><strong>—</strong></span> <span class='ocrx_word' id='word_1_299' title='bbox 817 3981 879 4037; x_wconf 91' lang='lat' dir='ltr'>in</span> <span class='ocrx_word' id='word_1_300' title='bbox 910 3981 1152 4054; x_wconf 87' lang='lat' dir='ltr'>pariete</span> <span class='ocrx_word' id='word_1_301' title='bbox 1178 3983 1378 4038; x_wconf 88' lang='lat' dir='ltr'>stante</span> <span class='ocrx_word' id='word_1_302' title='bbox 1406 3975 1677 4037; x_wconf 81' lang='lat' dir='ltr'>Ursinus,</span> <span class='ocrx_word' id='word_1_303' title='bbox 1744 3978 1987 4053; x_wconf 88' lang='lat' dir='ltr'>pariete</span> <span class='ocrx_word' id='word_1_304' title='bbox 2016 3976 2299 4036; x_wconf 82' lang='lat' dir='ltr'>adstante</span> <span class='ocrx_word' id='word_1_305' title='bbox 2328 3975 2570 4039; x_wconf 88' lang='lat' dir='ltr'>Schnei-</span> 
     </span>
     <span class='ocr_line' id='line_1_35' title="bbox 282 4081 2567 4160; baseline 0.001 -16"><span class='ocrx_word' id='word_1_306' title='bbox 282 4084 464 4144; x_wconf 89' lang='lat' dir='ltr'>derus</span> <span class='ocrx_word' id='word_1_307' title='bbox 512 4084 785 4143; x_wconf 87' lang='lat' dir='ltr'>coniecit.</span> <span class='ocrx_word' id='word_1_308' title='bbox 878 4082 1152 4143; x_wconf 88' lang='lat' dir='ltr'>cochleae</span> <span class='ocrx_word' id='word_1_309' title='bbox 1204 4101 1322 4142; x_wconf 91' lang='lat' dir='ltr'>non</span> <span class='ocrx_word' id='word_1_310' title='bbox 1371 4082 1563 4143; x_wconf 90' lang='lat' dir='ltr'>solum</span> <span class='ocrx_word' id='word_1_311' title='bbox 1611 4081 1810 4141; x_wconf 91' lang='lat' dir='ltr'>cibum</span> <span class='ocrx_word' id='word_1_312' title='bbox 1865 4083 1925 4140; x_wconf 91' lang='lat' dir='ltr'>in</span> <span class='ocrx_word' id='word_1_313' title='bbox 1974 4098 2109 4140; x_wconf 88' lang='lat' dir='ltr'>area</span> <span class='ocrx_word' id='word_1_314' title='bbox 2167 4083 2430 4160; x_wconf 87' lang='lat' dir='ltr'>positum</span> <span class='ocrx_word' id='word_1_315' title='bbox 2476 4104 2567 4146; x_wconf 91' lang='lat' dir='ltr'>re·</span> 
     </span>
     <span class='ocr_line' id='line_1_36' title="bbox 279 4185 2562 4270; baseline 0.001 -20"><span class='ocrx_word' id='word_1_316' title='bbox 279 4192 541 4270; x_wconf 84' lang='lat' dir='ltr'>perium,</span> <span class='ocrx_word' id='word_1_317' title='bbox 579 4187 681 4248; x_wconf 90' lang='lat' dir='ltr'>sed</span> <span class='ocrx_word' id='word_1_318' title='bbox 722 4190 900 4249; x_wconf 90' lang='lat' dir='ltr'>etiam</span> <span class='ocrx_word' id='word_1_319' title='bbox 929 4196 1153 4249; x_wconf 85' lang='lat' dir='ltr'>stantes</span> <span class='ocrx_word' id='word_1_320' title='bbox 1190 4189 1449 4267; x_wconf 88' lang='lat' dir='ltr'>parietes</span> <span class='ocrx_word' id='word_1_321' title='bbox 1492 4187 1614 4248; x_wconf 91' lang='lat' dir='ltr'>cibi</span> <span class='ocrx_word' id='word_1_322' title='bbox 1650 4185 1988 4247; x_wconf 87' lang='lat' dir='ltr'>inveniendi</span> <span class='ocrx_word' id='word_1_323' title='bbox 2018 4203 2193 4246; x_wconf 88' lang='lat' dir='ltr'>causa</span> <span class='ocrx_word' id='word_1_324' title='bbox 2222 4190 2562 4254; x_wconf 88' lang='lat' dir='ltr'>ascendunt.</span> 
     </span>
    </p>

    <p class='ocr_par' dir='ltr' id='par_1_7' title="bbox 458 4291 2564 4375">
     <span class='ocr_line' id='line_1_37' title="bbox 458 4291 2564 4375; baseline 0 -20"><span class='ocrx_word' id='word_1_325' title='bbox 458 4294 666 4375; x_wconf 81' lang='lat' dir='ltr'>ipsae</span> <span class='ocrx_word' id='word_1_326' title='bbox 730 4297 1317 4373; x_wconf 86' lang='lat' dir='ltr'>exgruminantes</span> <span class='ocrx_word' id='word_1_327' title='bbox 1383 4294 1464 4355; x_wconf 88' lang='lat' dir='ltr'>ad</span> <span class='ocrx_word' id='word_1_328' title='bbox 1521 4292 1887 4372; x_wconf 87' lang='lat' dir='ltr'>propalam</span> <span class='ocrx_word' id='word_1_329' title='bbox 1955 4293 2174 4351; x_wconf 90' lang='lat' dir='ltr'>uitam</span> <span class='ocrx_word' id='word_1_330' title='bbox 2231 4291 2348 4352; x_wconf 90' lang='lat' dir='ltr'>diu</span> <span class='ocrx_word' id='word_1_331' title='bbox 2405 4314 2564 4374; x_wconf 89' lang='lat' dir='ltr'>per-</span> 
     </span>
    </p>
   </div>
   <div class='ocr_carea' id='block_1_3' title="bbox 278 4398 2568 4586">
    <p class='ocr_par' dir='ltr' id='par_1_8' title="bbox 278 4398 2568 4586">
     <span class='ocr_line' id='line_1_38' title="bbox 279 4398 2568 4478; baseline -0.001 -14"><span class='ocrx_word' id='word_1_332' title='bbox 279 4400 589 4477; x_wconf 92' lang='lat' dir='ltr'>ducunt]</span> <span class='ocrx_word' id='word_1_333' title='bbox 655 4403 1016 4463; x_wconf 80' lang='lat' dir='ltr'>Producunt</span> <span class='ocrx_word' id='word_1_334' title='bbox 1069 4400 1311 4462; x_wconf 89' lang='lat' dir='ltr'>Merula.</span> <span class='ocrx_word' id='word_1_335' title='bbox 1394 4403 1713 4477; x_wconf 89' lang='lat' dir='ltr'>propolam</span> <span class='ocrx_word' id='word_1_336' title='bbox 1772 4398 2051 4478; x_wconf 84' lang='lat' dir='ltr'>Scaliger.</span> <span class='ocrx_word' id='word_1_337' title='bbox 2133 4409 2568 4473; x_wconf 61' lang='lat' dir='ltr'>exarumantes</span> 
     </span>
     <span class='ocr_line' id='line_1_39' title="bbox 278 4503 2564 4586; baseline -0.001 -14"><span class='ocrx_word' id='word_1_338' title='bbox 278 4508 610 4572; x_wconf 90' lang='lat' dir='ltr'>Beroaldus</span> <span class='ocrx_word' id='word_1_339' title='bbox 658 4510 719 4568; x_wconf 91' lang='lat' dir='ltr'>in</span> <span class='ocrx_word' id='word_1_340' title='bbox 763 4510 1029 4586; x_wconf 88' lang='lat' dir='ltr'>margine</span> <span class='ocrx_word' id='word_1_341' title='bbox 1086 4516 1146 4567; x_wconf 84' lang='lat' dir='ltr'>et</span> <span class='ocrx_word' id='word_1_342' title='bbox 1201 4506 1473 4567; x_wconf 90' lang='lat' dir='ltr'>similiter</span> <span class='ocrx_word' id='word_1_343' title='bbox 1528 4508 1591 4566; x_wconf 93' lang='lat' dir='ltr'>in</span> <span class='ocrx_word' id='word_1_344' title='bbox 1638 4503 2112 4566; x_wconf 87' lang='lat' dir='ltr'>enarrationibus</span> <span class='ocrx_word' id='word_1_345' title='bbox 2158 4504 2383 4567; x_wconf 87' lang='lat' dir='ltr'>Merula</span> <span class='ocrx_word' id='word_1_346' title='bbox 2431 4503 2564 4570; x_wconf 69' lang='lat' dir='ltr'>eex-</span> 
     </span>
    </p>
   </div>
  </div>
 </body>
</html>
