3178 5185
889 416 1149 471 RERVM
1186 416 1668 472 RVSTIOARVM
1705 418 1839 472 LIB.
1877 419 1928 472 II
1968 418 2003 473 2
2466 409 2590 473 149

311 577 645 650 vespertino
701 591 919 634 rursus
972 578 1239 649 pascunt
1294 571 1722 652 SchneideruS,
1790 574 1929 632 dein
1990 570 2365 647 refriqerato
2432 591 2589 649 aere,

311 684 643 757 vespertino
692 699 910 741 rursus
948 687 1216 756 pascant
1260 679 1418 739 idem
1465 681 1722 739 coniecit
1756 681 1816 739 in
1857 679 2355 741 adnotationibus,
2427 683 2587 741 subi—

305 794 464 863 qant,
503 791 722 863 quaad
744 785 1201 861 refriqeratar:
1247 804 1394 847 aere
1432 789 1770 862 vespertino
1809 803 2028 845 rursus
2051 794 2319 861 pascunt
2356 789 2586 866 scripsi.

309 912 429 954 nam
495 897 817 970 subigere,
881 911 1000 952 non
1053 895 1358 968 subicere,
1426 893 1498 953 de
1563 911 1779 982 pecore
1845 893 2064 952 dicitur
2121 897 2414 954 constanti
2472 913 2586 954 usu

308 1001 511 1061 horum
543 1000 885 1081 verborum,
924 1002 1175 1074 abicere
1203 999 1255 1058 11
1289 997 1344 1080 1,
1381 996 1477 1060 16.
1508 996 1567 1081 5,
1603 997 1702 1079 11,
1740 1003 1995 1075 adiqere
2024 1000 2074 1060 11
2105 997 2164 1081 5,
2199 998 2297 1079 16,
2336 1004 2588 1075 exiqere

304 1106 352 1166 11
393 1106 444 1189 1,
480 1105 579 1168 17.
622 1105 684 1187 3,
715 1103 774 1168 8.
809 1104 870 1188 4,
900 1103 958 1186 6,
998 1109 1233 1181 iniqere
1270 1107 1295 1166 I
1332 1105 1393 1186 2,
1424 1104 1527 1168 20.
1565 1103 1670 1188 52,
1702 1104 1759 1167 2.
1810 1105 1861 1164 II
1891 1104 1951 1188 2,
1984 1104 2091 1186 123
2134 1102 2231 1167 15.
2278 1105 2357 1165 111
2393 1103 2490 1187 10,
2516 1105 2583 1187 33

299 1210 351 1292 5,
390 1217 733 1290 prodiqere
778 1212 829 1273 11
868 1210 928 1293 4,
958 1211 1017 1275 8.
1060 1211 1116 1294 7,
1151 1212 1247 1274 11.
1297 1212 1373 1272 111
1414 1209 1474 1294 9,
1507 1210 1618 1293 15,
1675 1216 1960 1288 νεαίρενε
2006 1212 2056 1272 Il
2096 1208 2156 1292 5,
2189 1210 2296 1291 12,
2352 1221 2411 1272 et
2467 1212 2580 1274 lioc

298 1323 486 1400 ipsum
540 1324 832 1397 subigere
886 1319 937 1379 Il
982 1317 1051 1400 4,
1090 1316 1148 1399 6,
1214 1323 1505 1395 subiqunt
1562 1324 1625 1381 in
1681 1322 2026 1381 umbrosum
2082 1323 2293 1381 locum.
2368 1319 2579 1379 deinde

301 1427 720 1504 refrigeratur
758 1446 875 1487 non
914 1426 1110 1487 addito
1150 1429 1386 1487 nomine
1425 1446 1532 1507 per
1564 1446 1626 1487 se
1661 1429 1920 1505 positum
1961 1434 2068 1506 est,
2108 1428 2265 1487 sicut
2302 1434 2578 1488 contene-

299 1538 516 1596 bravit:
578 1536 603 1595 1
651 1532 752 1615 16,
785 1533 818 1596 1
870 1553 992 1610 qua
1031 1542 1345 1611 portetur,
1409 1532 1461 1592 ΙΙ
1497 1532 1557 1616 2,
1588 1531 1628 1594 6
1677 1538 1798 1594 nisi
1848 1537 1904 1594 si
1956 1541 2046 1595 est
2099 1536 2579 1608 adnumeratum,

295 1639 368 1701 111
403 1639 461 1724 9,
490 1640 533 1704 3
584 1660 781 1718 usque
826 1645 967 1702 dum
1014 1649 1353 1717 rumpatur.

463 1746 547 1810 13
619 1748 819 1820 Quod
867 1748 946 1808 ad
993 1750 1364 1827 pastiones
1411 1749 1678 1811 attinet
1727 1747 1899 1807 haec
1939 1747 2089 1807 fere
2129 1746 2328 1825 sunt]
2368 1745 2507 1828 113,
2538 1746 2578 1809 6

297 1859 364 1917 de
406 1860 624 1918 alteris
673 1862 963 1931 quattuor
1008 1859 1175 1930 quod
1216 1862 1304 1918 est
1360 1858 1436 1916 de
1475 1861 1680 1931 pastu,
1728 1857 1843 1917 hoc
1891 1857 2055 1931 dica,
2114 1853 2172 1936 3,
2202 1853 2241 1915 8
2290 1858 2454 1930 quod
2496 1858 2582 1916 ad

292 1962 555 2037 feturam
588 1964 878 2039 pertinet,
917 1964 1238 2023 desistente
1275 1968 1564 2023 autumno
1606 1965 1864 2037 exiqunt
1898 1994 1985 2003 —
2022 1964 2246 2035 bircae,
2292 1961 2373 2020 ΠΙ
2407 1959 2507 2042 14,
2545 1961 2572 2022 1

296 2062 447 2144 quod
507 2073 597 2130 ad
652 2073 1030 2130 venationem
1078 2072 1370 2146 pertinet,
1440 2071 1708 2129 breviter
1762 2070 2067 2129 secandus
2122 2074 2430 2128 trasactus
2490 2074 2579 2128 est

296 2184 486 2252 actuS,
549 2173 665 2254 16,
710 2171 794 2237 15
849 2178 1013 2250 quoa
1066 2179 1152 2236 ad
1203 2180 1398 2237 locum
1447 2178 1744 2255 pertinet,
1800 2177 1915 2235 hoc
1963 2193 2158 2250 qenus
2206 2178 2577 2250 potissimum

296 2286 647 2358 eliyendum.

313 2377 318 2382 ’
461 2391 813 2452 Redierunt
864 2393 1105 2451 stabula
1163 2389 1298 2450 libri
1355 2408 1532 2449 manu
1591 2391 1798 2469 scripti
1854 2407 2085 2468 omneS,
2141 2391 2441 2450 redierint
2494 2392 2581 2449 ad

293 2499 522 2558 stabula
578 2497 762 2558 editio
819 2499 1125 2575 princepS,
1180 2495 1282 2557 ubi
1331 2495 1659 2556 Politiauus
1715 2499 2037 2558 redierunt
2091 2513 2162 2555 ex
2220 2495 2422 2556 codice
2478 2496 2574 2556 ad·

297 2608 527 2684 notavit,
576 2604 683 2665 sed
734 2606 1236 2684 praepositionem
1283 2623 1402 2664 non
1452 2603 1686 2664 delevit.

459 2711 655 2782 Quae
703 2700 952 2790 po'stea
1010 2713 1433 2789 concipiunt
1489 2711 1679 2771 fiunt
1735 2709 2138 2789 uegrandes
2193 2718 2402 2789 atque
2450 2711 2572 2769 im·

300 2817 625 2896 uecillae]
694 2821 814 2891 Qui
859 2825 1073 2895 postea
1131 2822 1564 2895 concipiuntur
1603 2850 1690 2859 —
1733 2819 2018 2878 imbecilli
2068 2816 2336 2876 UrsinuS.
2419 2835 2577 2891 quae

292 2933 489 3000 postea
538 2928 973 3001 concipiuntur
1033 2943 1166 2985 cum
1217 2924 1579 2985 Schneidero
1641 2925 1871 3002 scripsi.
1962 2941 2094 2982 nam
2148 2922 2468 3002 vegrandes
2517 2931 2577 2983 et

299 3031 618 3092 imbecillae
668 3032 818 3091 fiunt
864 3049 1003 3091 oves
1051 3050 1201 3109 quae
1249 3040 1385 3109 post
1431 3031 1744 3092 definitum
1785 3040 2016 3109 tempus
2057 3039 2376 3108 conceptae
2416 3037 2574 3110 sunt,

298 3156 406 3198 non
452 3142 616 3219 ipsae
665 3146 888 3198 matres
937 3156 1086 3216 quae
1135 3146 1568 3217 conceperunt:
1618 3137 1763 3197 Plin.
1803 3135 1933 3195 VIII
1975 3133 2098 3197 187
2149 3139 2342 3197 coitus
2388 3140 2573 3196 omni-

298 3246 397 3305 bus
440 3249 516 3308 ab
567 3249 817 3307 arcturi
860 3264 1104 3322 occasu,
1152 3249 1219 3307 id
1263 3252 1351 3306 est
1397 3263 1454 3305 a.
1495 3247 1550 3305 d.
1593 3246 1704 3303 III
1746 3247 1881 3304 idas
1930 3243 2150 3317 Μαίας,
2201 3246 2287 3304 ad
2331 3247 2576 3319 aquilae

298 3370 568 3414 occasum
608 3354 680 3413 Χ
710 3354 830 3414 lcal.
868 3356 1192 3429 Λαμπείας.
1273 3358 1500 3427 qerunt
1548 3358 1802 3428 partum
1860 3352 2069 3410 diebus
2117 3356 2354 3411 centum
2401 3354 2572 3426 quin-

301 3464 581 3535 quaqinta
623 3507 636 3519 .
671 3467 883 3536 postea
920 3463 1199 3536 concepti
1234 3462 1503 3520 invalidi.
1575 3460 1796 3519 cordos
1833 3458 2136 3517 vocabant
2173 3461 2412 3532 antiqui
2437 3465 2576 3533 post

301 3568 360 3624 id
400 3573 627 3643 tempus
676 3573 865 3628 natos.
941 3566 1212 3627 similiter
1260 3566 1441 3627 Varro
1481 3565 1534 3625 lI
1575 3563 1633 3643 7,
1665 3562 1700 3625 7
1751 3564 1823 3624 de
1864 3567 2033 3644 equis
2071 3582 2229 3639 quae
2259 3571 2394 3640 post
2433 3571 2572 3624 tem-

297 3690 399 3747 pus
444 3680 787 3736 nascuntur
827 3673 966 3749 fere
1010 3678 1226 3735 vitiosa
1274 3680 1464 3748 atque
1515 3672 1758 3732 inutilia
1805 3675 2074 3732 existunt
2120 3678 2179 3730 et
2224 3669 2277 3728 11
2316 3668 2374 3744 8,
2412 3668 2452 3731 3
2501 3668 2572 3729 de

302 3779 464 3840 mulis
510 3800 672 3856 quae
703 3759 788 3843 >ea>
835 3800 903 3842 eo
951 3785 1382 3858 concipiuntur
1421 3784 1582 3854 siunt
1620 3782 1947 3841 deteriora.
2024 3778 2337 3857 vegrandia
2377 3786 2571 3837 autem

304 3886 570 3948 dicuntur
620 3906 769 3967 quae
817 3888 886 3948 ad
937 3907 1103 3948 suam
1151 3887 1617 3967 magnitudinem
1665 3905 1783 3946 non
1842 3893 2279 3966 pervenerunt,
2334 3883 2405 3943 de
2455 3902 2572 3961 quo

304 4002 425 4071 post
476 3995 813 4057 Bentleium
877 3997 939 4056 in
987 3994 1127 4056 Hor.
1177 4003 1280 4056 sat.
1333 3995 1358 4054 I
1405 3993 1473 4078 2,
1516 3992 1640 4055 129
1700 3994 2021 4073 disputavit
2075 3991 2433 4052 Ribbeckius
2500 3991 2572 4051 de

305 4103 593 4177 particulis
643 4102 838 4162 latinis
884 4121 939 4181 p.
982 4099 1039 4163 8.

471 4208 550 4270 14
614 4209 720 4270 Ita
769 4209 978 4269 factis
1033 4208 1602 4289 praegnantibus
1663 4207 1846 4287 quod
1907 4215 2074 4267 sunt
2123 4187 2406 4265 molesti
2453 4203 2571 4263 ob·

308 4315 489 4393 sunt]
560 4319 791 4379 Obsunt
834 4316 1048 4377 delevit
1097 4315 1384 4397 Scaliger,
1440 4315 1684 4376 inclusit
1731 4314 2046 4374 GesnerUS.
2120 4314 2285 4387 qaod
2336 4314 2392 4371 si
2433 4319 2576 4372 sunt

310 4426 519 4484 molesti
569 4428 787 4486 obsunt
842 4423 1262 4484 SchneideruS.
1345 4423 1450 4483 sed
1507 4427 1593 4484 ita
1654 4422 1793 4500 quid
1842 4420 1955 4481 sibi
2001 4419 2165 4500 velit,
2228 4438 2346 4479 non
2402 4419 2571 4480 video

312 4525 374 4586 ab
417 4530 843 4610 interpretibus
891 4530 1245 4609 explicatum
1294 4549 1441 4591 esse.
1517 4532 1715 4609 itaque
1763 4532 1884 4589 iam
1932 4529 2163 4609 scripsi,
2221 4530 2341 4587 iam
2382 4526 2572 4602 factis
