3178 5185
531 418 663 480 252
1225 425 1610 480 ΟΟΜΜΕΝΤ.
1647 427 1728 481 IN
1763 426 2138 482 VARRONIS

531 582 685 641 sicut
726 579 969 640 Verrius
1016 578 1263 641 Flaccus
1309 580 1462 660 apud
1512 580 1847 643 Charisium
1893 564 2092 665 ps58,
2130 581 2235 647 23.
2309 600 2560 644 camera
2609 589 2671 642 et
2715 601 2812 644 ca·

529 705 736 749 merae
781 706 852 748 ex
903 686 1111 748 Aldina
1158 687 1416 748 editione
1462 696 1771 768 receptum
1820 697 1966 752 erat.

705 792 748 856 4
816 795 1124 856 Ordines
1172 813 1374 874 quam
1430 794 1724 875 plurimi
1768 795 2100 876 possunt]
2159 800 2350 871 Quam
2390 802 2651 876 plurimi
2693 818 2817 860 esse

519 910 776 980 possunt
838 902 1082 964 Victorii
1149 902 1328 963 editio
1395 902 1656 963 secunda
1721 911 1781 963 et
1854 904 2067 965 deinde
2141 904 2420 984 reliquae.
2511 908 2575 966 in
2643 924 2816 966 manu

529 1012 769 1089 scriptis
815 1009 983 1070 libris
1030 1017 1091 1069 et
1135 1007 1437 1088 prioribus
1483 1008 1847 1070 editionibus
1895 1030 2024 1072 esse
2069 1029 2187 1071 non
2235 1011 2468 1091 legitur.

599 1143 610 1155 ·
705 1114 1156 1178 Columbaria
1206 1114 1486 1193 singula
1542 1133 1700 1175 esse
1759 1124 2050 1195 oportet
2106 1125 2183 1178 ut
2235 1136 2311 1178 os
2367 1119 2627 1181 babeat
2684 1139 2816 1201 quo

529 1224 725 1285 modo
773 1225 1082 1285 introire
1130 1229 1198 1283 et
1246 1224 1442 1283 exire
1489 1224 1722 1302 possit
1767 1224 1964 1283 intus
2012 1229 2377 1285 ternarum
2423 1226 2816 1304 palmarum

529 1352 607 1392 ex
676 1331 1003 1392 omnibus
1059 1328 1416 1409 partibus]
1467 1331 1751 1391 Habeant
1805 1339 1864 1391 et
1909 1334 2147 1407 possint
2191 1351 2266 1392 m.
2312 1339 2380 1393 ut
2434 1350 2499 1394 os
2554 1337 2823 1397 habeant

528 1459 646 1516 quo
687 1442 945 1500 introire
983 1446 1042 1499 et
1078 1441 1253 1499 exire
1289 1441 1527 1515 possint
1561 1436 1804 1497 Merula.
1881 1444 2193 1500 ternorum
2223 1443 2569 1516 palmorum
2608 1441 2819 1503 Iucun-

529 1547 657 1607 dus,
732 1554 799 1607 at
844 1564 909 1607 os
955 1546 1181 1605 habeat
1225 1562 1342 1620 qao
1391 1547 1651 1604 introire
1697 1552 1756 1605 et
1801 1548 1977 1606 exire
2017 1548 2222 1622 possit.
2298 1549 2459 1608 intus
2505 1553 2820 1610 ternorum

520 1657 863 1732 palmorum
911 1650 1223 1712 Victorius,
1315 1653 1696 1712 columbaria
1741 1654 1985 1727 sinyula
2032 1671 2162 1713 esse
2207 1659 2445 1729 oportet
2491 1658 2656 1716 intus
2706 1663 2820 1718 ter·

527 1778 745 1822 noram
791 1763 1134 1836 palmorum
1189 1777 1269 1819 ex
1323 1760 1597 1819 omnibus
1645 1761 1959 1841 partibus,
1987 1766 2067 1830 ⁴et
2119 1767 2186 1821 at
2242 1779 2308 1821 os
2363 1762 2661 1842 habeant,
2708 1782 2822 1838 qao

531 1870 789 1929 introire
835 1872 894 1928 et
939 1869 1114 1927 exire
1152 1868 1387 1942 possint
1424 1864 1826 1926 Schneiderus
1874 1867 2145 1927 coniecit.
2219 1869 2459 1928 restitui
2504 1868 2824 1932 lectionem

528 1974 850 2054 archetypi.
944 1991 1077 2034 nam
1142 1989 1422 2032 mensura
1488 1971 1993 2033 columbariorum
2067 1976 2451 2036 constituitur
2517 1976 2696 2058 haec,
2758 1988 2825 2040 ut

530 2099 712 2143 unum
762 2081 1037 2160 quodque
1087 2078 1519 2140 columbarium
1565 2097 1633 2139 os
1679 2078 1892 2141 habeat
1953 2098 2071 2140 non
2129 2083 2345 2164 maius,
2395 2101 2572 2162 quam
2630 2093 2698 2146 ut
2754 2105 2822 2145 eo

527 2190 776 2249 introire
826 2198 885 2248 et
943 2187 1082 2247 inde
1138 2188 1299 2246 exire
1358 2186 1763 2248 tantummodo
1821 2186 2093 2249 columba
2149 2191 2362 2270 possit,
2417 2192 2480 2250 in
2535 2193 2822 2254 interiore

529 2303 725 2356 autem
764 2303 931 2375 parte
971 2297 1225 2373 spatium
1263 2292 1477 2353 habeat
1516 2299 1822 2354 ternarum
1870 2293 2216 2373 palmarum.
2284 2301 2495 2373 palma
2535 2299 2823 2360 feminino

523 2421 743 2483 genere
797 2421 907 2482 pro
963 2399 1155 2480 palmo
1211 2403 1273 2461 in
1328 2418 1507 2460 manu
1563 2402 1806 2479 scriptis
1860 2399 2028 2460 libris
2086 2401 2304 2481 legitur
2358 2404 2516 2482 apud
2563 2405 2823 2468 Plinium

530 2511 629 2571 Vll
669 2508 754 2572 28
802 2511 1144 2570 cubitorum
1192 2511 1441 2583 quinum
1487 2514 1548 2568 et
1593 2509 1877 2568 binarum
1916 2511 2285 2584 palmarum.

704 2615 746 2678 5
792 2617 1055 2695 Aquam
1103 2634 1262 2676 esse
1310 2622 1598 2694 oportet
1646 2633 1781 2694 quo
1827 2614 2118 2693 influat]
2158 2616 2394 2691 Aquam
2427 2639 2658 2696 puram
2698 2642 2824 2684 esse

526 2732 762 2802 oportet
796 2741 955 2799 quae
991 2725 1212 2797 influat
1238 2721 1558 2783 Iucundos,
1619 2721 1926 2801 archetypi
1964 2721 2280 2784 lectionem
2311 2724 2474 2787 dedit
2503 2726 2821 2811 VictoriuS,

527 2832 630 2893 ubi
678 2850 842 2907 aqua
888 2828 1269 2891 scribendum
1318 2848 1449 2890 esse
1497 2829 1637 2890 olim
1685 2831 1930 2890 conieci.
2025 2848 2219 2909 neque
2266 2833 2425 2892 enim
2485 2838 2821 2904 accusativo

526 2957 666 2999 casu
716 2956 852 2999 cum
899 2936 1080 2998 verbo
1137 2956 1267 2999 esse
1323 2939 1642 2998 coniuncto
1691 2936 1807 2997 dici
1860 2944 2095 3017 poterat
2141 2956 2365 3013 aquam
2411 2958 2540 3002 esse
2586 2950 2822 3019 oportet

527 3063 645 3122 qao
694 3049 914 3121 influat
955 3063 1065 3125 pro
1114 3062 1183 3105 eo
1234 3044 1389 3123 quod
1439 3043 1758 3105 dicendum
1806 3052 1934 3105 erat
1982 3039 2145 3104 ‘esse
2203 3053 2440 3124 oportet
2494 3067 2614 3127 quo
2672 3069 2820 3130 aqua

524 3147 782 3214 influat'.
875 3150 980 3211 sed
1045 3169 1251 3211 verum
1318 3168 1450 3210 esse
1513 3157 1659 3229 puto
1726 3169 1909 3226 quae,
1968 3149 2127 3230 quod
2191 3150 2495 3213 Iucundus
2558 3155 2819 3231 dederat,

524 3278 748 3335 aquam
794 3277 923 3321 esse
969 3264 1204 3335 oportet
1248 3276 1407 3333 quae
1452 3261 1685 3332 influat.
1761 3276 1895 3318 nam
1935 3257 2009 3317 de
2047 3276 2201 3337 aqua
2246 3257 2818 3343 haec‘praecipiun-

525 3376 650 3447 tur,
698 3383 849 3445 quae
895 3367 958 3425 in
1007 3383 1143 3425 eum
1192 3364 1388 3425 locum
1434 3365 1495 3424 in
1545 3382 1664 3443 quo
1719 3363 2081 3424 columbaria
2129 3373 2271 3426 sunt
2326 3366 2583 3428 influere
2644 3369 2819 3430 debet

523 3492 634 3552 per
681 3471 962 3554 fistulam,
1010 3478 1079 3532 ut
1124 3471 1386 3551 videtur,
1435 3472 1592 3531 sicut
1637 3470 1709 3531 de
1759 3470 2073 3532 ornithone
2122 3472 2347 3532 dictum
2405 3480 2499 3533 est
2543 3473 2625 3534 lIl
2663 3472 2724 3555 5,
2759 3475 2819 3557 2,

525 3598 643 3640 non
681 3579 756 3639 de
795 3586 957 3640 certa
984 3585 1172 3661 parte,
1209 3580 1270 3638 in
1301 3596 1478 3657 quam
1505 3578 1733 3640 influat.
1788 3586 2056 3639 ceterum
2095 3580 2200 3657 qui
2227 3579 2470 3640 alteram
2503 3580 2817 3644 lectionem

524 3686 853 3747 defendunt
917 3688 1005 3747 uti
1077 3693 1362 3765 poterunt
1422 3687 1497 3747 iis
1573 3704 1722 3765 quae
1789 3685 1860 3746 de
1928 3704 1995 3746 ea
2060 3705 2127 3747 re
2193 3686 2466 3770 uberiuS,
2527 3680 2641 3750 'sed
2707 3690 2818 3751 alio

524 3803 784 3873 auctore,
831 3794 1197 3872 praescripta
1245 3800 1386 3853 sunt
1430 3795 1493 3853 in
1540 3794 1882 3872 geoponicis
1929 3791 2056 3852 XlV
2095 3790 2155 3876 6,
2182 3791 2225 3855 4
2265 3788 2558 3873 χωστέον
2606 3789 2683 3857 δὲ
2728 3794 2816 3879 τῷ

523 3903 685 3985 οἴκῳ
733 3897 1027 3984 λουτῆρα
1072 3898 1373 3979 μείζονα,
1420 3895 1533 3960 ἵνα
1578 3893 1692 3960 καὶ
1737 3898 1959 3960 πίνειν
2015 3894 2126 3961 καὶ
2181 3892 2510 3962 λούεσθαι
2558 3895 2819 3964 δύνων-

518 4028 627 4070 ται
672 4000 783 4068 καὶ
839 3997 927 4087 μὴ
984 4000 1316 4086 προφάσει
1377 4003 1503 4067 τοῦ
1554 3999 1800 4080 ὕδατος
1857 4003 2150 4087 συνεχῶς
2205 3998 2569 4086 ἅνθρωπος
2616 4004 2818 4093 {naps-

520 4111 726 4196 νοχλῇ
772 4120 918 4187 ταῖς
961 4121 1397 4194 περιστεραῖς,
1444 4104 1605 4196 ὅπερ
1654 4108 1921 4193 σφόδρα
1966 4106 2424 4193 καταβλάπτει.
2510 4177 2516 4182 ,

701 4221 1069 4282 Pastorem
1132 4220 1625 4282 columbarum
1681 4220 2061 4300 quodquod
2128 4221 2496 4282 mensibus
2564 4224 2816 4284 crebro

521 4336 813 4408 oportet
858 4325 1234 4404 euerrere]
1291 4329 1738 4390 Columbarium
1775 4327 2018 4410 Merula,
2067 4330 2447 4390 columbaria
2494 4328 2814 4392 Iucundus,

521 4436 962 4496 columbarium
1019 4453 1091 4493 ex
1149 4436 1581 4514 antiquissimis
1639 4434 2000 4496 editionibus
2065 4437 2126 4496 in
2193 4435 2516 4496 secundam
2576 4436 2815 4498 Victorii

522 4541 845 4602 editionem
895 4547 1199 4620 receptum
1251 4549 1309 4602 et
1349 4541 1561 4603 deinde
1612 4541 1681 4602 ad
1733 4541 1991 4621 reliquas
2037 4550 2427 4622 propagatum
2468 4533 2612 4604 erat.
2689 4563 2817 4604 nam
