3178 5185
771 387 1029 443 RERVM
1066 386 1541 443 RVSTICARVM
1577 387 1712 441 LIB.
1754 387 1777 440 I
1820 380 2057 437 18-19
2424 386 2547 451 157

267 556 604 635 temptando
661 554 941 634 pleraque
999 556 1467 634 constituerunt,
1522 553 1697 615 liberi
1751 573 1958 615 eorum
2008 572 2275 632 magnam
2319 561 2551 632 partem

266 662 562 722 imitando.
655 679 763 722 nos
799 669 1119 741 utrumque
1160 658 1353 721 faeere
1392 660 1695 742 debemuS,
1742 670 1803 722 et
1838 664 2055 722 imitari
2093 661 2239 721 alios
2276 669 2337 721 et
2373 660 2600 721 aliter8

267 776 328 829 ut
373 769 658 829 faciamus
706 770 1068 847 experientia
1118 775 1405 847 temptare
1454 767 1768 848 quaedam,
1816 775 2135 847 sequentes
2180 786 2300 828 non
2348 767 2550 847 aleam,

263 876 365 936 sed
425 878 712 936 rationem
769 875 1050 954 aliquam:
1116 882 1182 935 ut
1236 877 1288 935 si
1345 873 1521 934 altius
1579 877 2138 954 repastinaverimus
2195 882 2298 934 aut
2351 875 2549 934 minus

216 994 239 1032 5
265 1000 441 1060 quam
477 982 588 1063 alii,
629 982 787 1061 quod
825 991 1193 1042 momentum
1226 1000 1293 1041 ea
1323 1000 1422 1042 res
1450 981 1685 1060 habeat,
1716 989 1783 1042 ut
1813 982 2083 1042 fecerunt
2111 983 2154 1042 ii
2182 984 2244 1041 in
2275 981 2549 1042 sariendo

264 1089 480 1149 iterum
532 1097 593 1150 et
649 1091 855 1168 tertio,
912 1098 972 1149 et
1019 1091 1121 1167 qui
1167 1090 1478 1149 insitiones
1526 1088 1773 1150 ficulnas
1821 1108 1892 1149 ex
1939 1106 2121 1148 verno
2170 1096 2438 1167 tempore
2485 1090 2546 1147 in

264 1197 545 1256 aestivum
592 1195 993 1257 contulerunt.

438 1301 517 1362 De
597 1301 826 1380 reliqua
891 1310 1059 1381 parte
1124 1304 1533 1383 instrumenti,
1609 1303 1766 1382 quod
1832 1302 2182 1363 semivocale
2251 1301 2553 1381 appellavi,
2574 1301 2708 1362 XIX

266 1406 509 1469 Saserna
559 1408 631 1468 ad
684 1410 889 1486 iugera
937 1422 1021 1470 cc
1070 1412 1195 1470 arvi
1231 1409 1411 1471 boum
1450 1412 1585 1488 iuga
1624 1409 1741 1470 duo
1780 1412 1924 1470 satis
1962 1428 2094 1470 esse
2128 1408 2360 1501 scribit,
2407 1408 2549 1469 Cato

195 1517 323 1576 min
370 1515 565 1576 oliveti
616 1528 798 1577 CCXL
846 1516 1071 1594 iugeris
1117 1516 1299 1577 boves
1347 1519 1552 1578 trinos,
1645 1519 1728 1577 ita
1774 1517 1841 1577 fit
1887 1524 1969 1597 ut,
2014 1521 2072 1577 si
2107 1517 2359 1576 Saserna
2406 1515 2553 1576 dicit

263 1641 491 1704 verum,
544 1622 620 1682 ad
669 1635 710 1682 c
758 1624 964 1700 iugera
1011 1624 1217 1702 iugum
1262 1643 1413 1704 opus
1461 1626 1564 1704 sit,
1614 1626 1666 1684 si
1712 1623 1881 1705 Cato,
1928 1624 2000 1683 ad
2048 1631 2354 1702 octogena.
2446 1623 2550 1683 sed

264 1748 368 1808 ego
417 1740 695 1792 neutrum
743 1730 982 1791 modum
1032 1731 1248 1792 horum
1294 1750 1529 1793 omnem
1575 1731 1648 1791 ad
1695 1748 1903 1808 agrum
1951 1733 2269 1790 convenire
2308 1737 2453 1809 puto
2492 1738 2552 1790 et

262 1844 576 1916 utrumque
624 1837 697 1896 ad
745 1836 1018 1915 aliquem.
1110 1837 1219 1897 alia
1267 1840 1422 1897 enim
1471 1848 1631 1897 terra
1677 1824 1905 1898 facilior
1952 1846 2054 1898 aut
2090 1820 2390 1897 difficilior
2432 1845 2550 1897 est:

263 1943 426 2005 aliam
478 1954 703 2006 terram
760 1943 939 2003 boves
985 1943 1369 2022 proscindere
1417 1945 1532 2004 nisi
1578 1946 1807 2023 magnis
1853 1943 2080 2004 viribus
2128 1963 2242 2005 non
2291 1948 2600 2023 possunt2

198 2060 242 2099 1⁵
266 2058 321 2110 et
375 2070 545 2131 saepe
603 2052 790 2111 fracta
848 2050 997 2111 bura
1054 2051 1402 2129 relinquunt
1459 2069 1729 2111 vomeres
1775 2053 1838 2112 in
1883 2069 2039 2111 arvo.
2134 2070 2250 2130 quo
2298 2069 2549 2129 sequen-

267 2157 399 2218 dum
443 2159 617 2219 nobis
663 2160 727 2218 in
776 2157 1025 2236 singulis
1073 2158 1288 2236 fundiS,
1337 2158 1477 2218 dum
1526 2176 1733 2220 sumus
1779 2160 2014 2237 novicii,
2059 2157 2283 2235 triplici
2329 2156 2550 2238 regula,

267 2266 583 2342 superioris
639 2265 867 2325 domini
927 2260 1201 2325 instituto
1259 2273 1319 2324 et
1373 2266 1704 2325 vicinorum
1761 2257 1822 2325 et
1867 2265 2232 2342 experientia
2280 2264 2548 2343 quadam.

268 2370 414 2447 quod
461 2370 625 2431 addit
672 2373 870 2432 asinos
917 2374 1021 2450 qui
1066 2379 1298 2432 stercus
1347 2378 1583 2431 vectent
1629 2379 1776 2452 treS,
1824 2374 2056 2433 asinum
2104 2370 2433 2452 molarium,
2477 2372 2599 2431 in3

269 2476 424 2536 vinea
464 2479 739 2554 iugerum
779 2492 821 2540 c
856 2481 1059 2557 iugum
1101 2478 1297 2559 boum,
1335 2480 1639 2538 asinorum
1677 2481 1900 2560 iugum,
1938 2481 2168 2539 asinum
2210 2477 2547 2538 molarium:

401 2673 465 2722 15
504 2670 563 2723 et
598 2685 767 2738 saepe
805 2667 984 2723 fracta
1019 2669 1169 2724 Nou.
1197 2686 1258 2738 p.
1298 2674 1391 2736 80,
1428 2675 1500 2723 16

401 2853 427 2901 1
484 2846 818 2917 temptando
867 2845 988 2900 AB
1043 2846 1312 2901 tentando
1367 2847 1421 2901 V
1584 2853 1618 2902 2
1674 2848 1951 2913 utrunque
2007 2844 2118 2900 VB
2288 2845 2431 2900 alios
2488 2847 2548 2900 elz

270 2933 421 2990 aliter
465 2935 582 2991 VB
628 2936 770 2991 alios
803 2935 811 3007 Ι
842 2935 1035 2990 taliter
1071 2934 1127 2989 A
1163 2935 1304 2990 alios
1351 2938 1408 2990 et:
1442 2934 1637 2991 taliter
1672 2953 1728 2990 m
1870 2940 1902 2988 3
1945 2936 2223 3004 temptare
2259 2935 2382 2990 AB
2427 2936 2546 2989 ten-

268 3024 376 3079 tare
420 3025 473 3079 V
632 3031 664 3079 6
700 3024 877 3079 tercio
914 3025 968 3078 A
1122 3025 1356 3080 ficulnas
1397 3025 1582 3079 PAB
1620 3024 1887 3079 ficulneas
1923 3042 1956 3081 v
2099 3026 2295 3093 tepore
2331 3024 2386 3077 A

399 3120 464 3169 10
530 3113 591 3167 in
648 3113 872 3168 oliuetis
929 3111 1108 3166 CCXL
1162 3112 1371 3184 ingeris
1429 3113 1606 3168 PAR
1661 3112 1718 3166 in
1773 3111 1999 3167 oliuetis
2055 3113 2358 3167 ducentum
2412 3130 2546 3181 qua.-

268 3200 520 3271 draginta
556 3204 816 3271 iugerum
843 3219 876 3256 v
1021 3203 1087 3256 ut
1123 3218 1351 3257 sacerna
1387 3202 1526 3257 dicit
1562 3202 1746 3256 PAB
1783 3205 1849 3256 ut
1886 3219 2111 3256 Saserna
2139 3201 2293 3256 dieat
2318 3218 2349 3255 v
2481 3206 2539 3254 11

268 3292 330 3344 ad
358 3333 369 3345 .
399 3291 439 3346 O
472 3334 484 3345 .
514 3292 712 3361 iugera
749 3290 874 3345 AB
921 3290 994 3344 ad
1040 3293 1262 3346 centum
1308 3291 1502 3361 iugera
1546 3290 1600 3345 V
1738 3308 1876 3361 opus
1923 3291 2017 3362 sit]
2068 3308 2206 3360 opus
2245 3291 2331 3344 est
2366 3289 2547 3343 PAB

267 3394 389 3448 opus
419 3398 543 3436 esse
570 3398 605 3436 v
753 3386 819 3434 12
850 3396 956 3449 ego
986 3397 1086 3435 om.
1118 3381 1243 3447 Bv,
1273 3381 1400 3435 add.
1432 3379 1549 3434 PA
1675 3382 1894 3434 netrum
1913 3380 1986 3451 A,
2096 3381 2294 3435 horum
2325 3395 2546 3433 omnem

267 3468 328 3520 ad
354 3486 552 3539 agrum
578 3469 636 3522 P
666 3469 867 3524 horum
895 3469 942 3525 ,Γ
970 3469 1043 3525 ad
1079 3486 1301 3525 omnem
1339 3470 1412 3525 ad
1450 3487 1646 3540 agrum
1674 3469 1729 3524 A
1766 3470 1966 3523 horum
1994 3469 2068 3523 ad
2097 3485 2318 3524 omnem
2348 3486 2546 3539 agrum

267 3555 352 3610 Bv
379 3574 570 3612 eorum
600 3559 675 3612 ad
703 3575 924 3613 omnem
952 3576 1149 3628 agrum
1167 3576 1221 3612 m
1332 3565 1397 3612 13
1425 3559 1704 3626 utrunque
1732 3558 1843 3613 VB
1953 3563 2019 3612 14
2047 3557 2368 3626 prosindere
2387 3557 2442 3612 A

270 3661 363 3699 non
399 3647 463 3699 in
498 3648 750 3716 maryine
783 3649 1050 3717 seriptum
1086 3649 1149 3702 in
1174 3647 1231 3700 B
1359 3653 1425 3702 15
1452 3664 1736 3701 uomerem
1766 3647 1989 3702 Nouius
2021 3665 2075 3716 p.
2116 3652 2210 3715 80,
2248 3653 2320 3703 17
2436 3665 2548 3715 quo

267 3735 599 3801 sequendum
618 3735 735 3790 PA
748 3737 805 3791 B
832 3735 982 3804 quod
1002 3736 1344 3804 sequendum
1358 3752 1392 3790 v
1502 3742 1567 3790 16
1597 3735 1821 3791 Nouieii
1841 3739 1906 3790 iu
1921 3738 2168 3806 maryine
2187 3738 2479 3805 adscripsit
2499 3738 2556 3789 P

337 3829 397 3878 17
427 3825 693 3879 instituta.
720 3841 858 3881 corr.
881 3855 947 3865 —
979 3827 1037 3879 to
1064 3824 1120 3878 B
1206 3831 1272 3879 18
1299 3827 1414 3878 tres
1439 3825 1623 3878 PAB
1651 3825 1754 3879 tris
1783 3843 1816 3879 v
1892 3825 1978 3879 ‘In
2006 3825 2172 3881 uinea,
2198 3826 2453 3894 iugerum
2486 3825 2545 3880 C.

266 3913 536 3968 asinorum
555 3914 770 3985 iugum,
797 3913 1015 3984 [iugum
1025 3912 1213 3981 boum,
1235 3903 1721 3983 asinorumiugum
1732 3916 1811 3968 ed.
1832 3914 1990 3985 Vici]
2006 3914 2224 3969 asinum
2236 3914 2544 3969 molarium.

267 3999 353 4055 Eae
386 4008 564 4057 uetere
598 4004 881 4072 scriptura
917 4004 1093 4058 locum
1115 4003 1469 4068 restituimus,
1503 4019 1680 4057 unum
1706 4008 1922 4058 tautum
1947 4004 2291 4073 reliquimus:
2331 4003 2406 4055 M
2402 4004 2545 4057 olen-

267 4089 475 4146 darium
532 4093 679 4146 enim
726 4108 838 4161 pro
886 4093 1195 4147 Molarium
1203 4132 1222 4159 ,
1277 4092 1703 4146 uetustissimum
1757 4094 2031 4162 exemplar
2078 4093 2309 4147 habebat
2344 4113 2357 4145 ε
2396 4094 2548 4160 apud

270 4177 512 4236 Catonem
556 4186 742 4237 tamen
792 4183 867 4235 M
864 4182 1101 4237 olarium
1140 4204 1153 4235 ι
1190 4181 1337 4235 hunc
1381 4182 1525 4235 enim
1569 4182 1748 4250 ipsius
1792 4183 1969 4237 locum
2013 4182 2311 4250 exprimit.
2342 4181 2549 4235 Asinos

262 4268 543 4334 plostarios
577 4270 663 4325 ΙΙ
705 4272 929 4326 asinum
972 4271 1263 4326 molarium
1302 4313 1313 4326 .
1353 4269 1430 4324 In
1472 4271 1780 4325 semiuetere
1824 4271 2003 4326 codice
2054 4270 2128 4323 M
2126 4270 2564 4338 olendiuarium‚'

269 4371 361 4422 quo
396 4359 562 4413 uerbo
596 4360 982 4415 iurisconsulti
1013 4359 1178 4427 etiam
1204 4359 1296 4413 usi
1319 4365 1467 4426 sunt,
1504 4365 1553 4414 et
1579 4361 1711 4414 haee
1736 4360 1966 4426 sortasse
1991 4375 2126 4413 uera
2155 4357 2237 4411 Μ.
2279 4358 2550 4414 Varronis

270 4444 429 4500 lectio’
517 4447 799 4503 Victorius
963 4453 1027 4502 19
1073 4448 1267 4518 iugum
1305 4449 1474 4503 boum
1511 4465 1606 4503 mv
1642 4449 1807 4518 iugus
1845 4448 2013 4502 boum
2050 4446 2230 4502 PAB
2374 4448 2549 4502 mola-

272 4531 423 4606 rium]
460 4535 874 4591 molendam-ium
902 4537 1201 4619 posteriore
1238 4539 1352 4593 loco
1396 4538 1573 4592 VAB
1609 4536 2072 4593 molendinarium
2107 4555 2161 4592 m
