3178 5185
820 395 1079 450 RERVM
1115 395 1592 450 RVSTICARVM
1628 396 1764 450 LIB.
1803 397 1828 449 1
1866 394 1951 451 40
2136 392 2143 398 ’
2440 389 2525 453 99

424 547 462 611 6
529 550 599 611 Si
647 550 964 611 eiusdem
1013 553 1302 629 generis
1351 558 1459 611 est
1506 551 1877 612 dumtaxat
1933 559 2010 611 ut
2066 552 2161 612 sit
2215 560 2525 631 utraque

266 656 494 734 maius]
536 660 742 721 Malus
780 657 963 718 codex
1013 656 1408 739 Florentium,
1448 663 1644 719 maius
1681 658 1908 738 reliqua
1947 658 2295 738 apographa.
2362 662 2528 720 dum·

264 771 434 845 taxat,
479 773 547 826 ut
588 770 648 827 si
690 776 952 842 utraque
998 771 1191 827 malus
1237 764 1490 826 Ursinus
1539 775 1599 826 et
1647 765 2064 827 SchneideruS.
2174 745 2194 764 ’

415 870 512 931 Ex
562 873 818 934 arbore
868 869 999 953 {lua
1048 872 1203 934 uult
1261 872 1524 934 habere
1573 872 1941 934 surculum
1994 875 2064 934 in
2123 892 2266 934 eam
2325 893 2526 952 quam

261 979 569 1040 inserere
618 980 779 1041 uult
824 980 1168 1041 ramulum
1231 981 1549 1042 traducit
1611 989 1679 1042 et
1736 982 1804 1041 in
1864 983 2019 1041 eius
2075 998 2265 1041 ramo
2324 991 2527 1060 prae-

262 1086 395 1145 ciso
454 1105 530 1147 ac
587 1086 879 1148 diffisso
947 1086 1269 1166 implicat
1324 1106 1477 1148 cum
1543 1086 1775 1148 locum
1841 1090 1963 1168 qui
2029 1090 2387 1167 contingit
2447 1107 2526 1147 ex

261 1201 545 1273 utraque
603 1203 804 1273 parte
862 1194 1046 1274 quod
1104 1196 1296 1254 intro
1354 1204 1462 1256 est
1518 1195 1698 1255 falce
1761 1202 2220 1256 extenuatum
2287 1198 2385 1255 ita
2453 1203 2529 1256 ut

261 1315 328 1357 ex
372 1317 503 1359 una
549 1303 740 1379 parti
788 1300 971 1380 quod
1019 1301 1287 1361 caelum
1335 1304 1662 1362 uisurum
1701 1309 1808 1361 est
1847 1303 2121 1362 cortice
2168 1321 2321 1363 cum
2369 1320 2526 1363 cor-

260 1404 399 1464 dice
465 1415 939 1485 exaequatum
999 1406 1283 1484 habeat]
1332 1409 1423 1469 Ae
1471 1408 1702 1485 diffisso
1751 1417 1810 1469 et
1856 1409 2068 1469 deinde
2116 1412 2345 1470 cortice
2391 1427 2528 1470 eum

260 1515 491 1573 cordiee
544 1512 799 1591 plurima
857 1513 1214 1593 apographa:
1281 1516 1476 1576 minus
1527 1491 1806 1576 ‘accurate
1863 1515 2188 1576 Politianus
2242 1518 2528 1596 principis

261 1614 524 1680 editionis
571 1619 886 1680 lectionem
934 1623 1209 1684 correxit.
1301 1640 1380 1682 ex
1437 1624 1663 1684 arbore
1718 1626 1901 1698 enim,
1949 1642 1989 1683 a
2044 1641 2166 1698 qua
2222 1626 2357 1698 quis
2409 1628 2536 1684 vult

259 1727 471 1787 habere
524 1730 864 1804 surculum,
915 1731 975 1788 in
1039 1746 1198 1804 eam,
1260 1746 1440 1804 quam
1500 1733 1773 1790 inserere
1835 1733 1985 1803 vult,
2040 1735 2344 1791 ramulum
2410 1737 2534 1791 tra·

262 1836 418 1895 ducit
463 1842 523 1896 et
568 1838 630 1895 in
679 1838 809 1896 eius
854 1854 1025 1897 ramo
1066 1840 1352 1913 praeciso
1401 1855 1477 1897 ae
1525 1840 1729 1910 difisso
1791 1840 2084 1913 implicat,
2133 1844 2256 1897 tum
2311 1841 2538 1898 ramuli

259 1943 427 2016 Iocus,
466 1945 575 2016 qui
620 1946 917 2017 continqit
962 1962 1042 2004 ex
1087 1951 1350 2018 utraque
1389 1951 1588 2021 parte,
1629 1963 1750 2018 qua
1790 1948 2078 2017 fissuram
2127 1948 2334 2018 intrat,
2365 1943 2535 2020 falce

260 2056 643 2122 extenuatur,
692 2053 782 2109 ita
828 2057 896 2110 ut
941 2069 1020 2111 ex
1065 2070 1190 2111 una
1231 2058 1438 2127 parte,
1486 2069 1608 2125 qua
1656 2055 1887 2112 eoelum
1943 2055 2184 2111 visurus
2239 2058 2350 2125 est,
2399 2069 2534 2112 eor-

260 2158 420 2216 tieem
487 2174 621 2216 eum
698 2160 928 2219 cortice
1003 2166 1408 2232 exaequatum
1472 2159 1697 2218 habeat
1767 2157 2087 2219 IucunduS.
2177 2159 2533 2236 scripturam

262 2261 548 2343 archetypi
604 2262 900 2324 Victorius
960 2266 1254 2326 restistuit
1314 2272 1551 2344 praeter
1607 2282 1821 2346 pauca,
1877 2268 1939 2325 in
2000 2264 2216 2344 quibus
2263 2264 2530 2325 Aldinam

265 2368 566 2430 editionem
617 2378 860 2432 secutus
916 2379 1033 2447 est,
1081 2392 1162 2433 ex
1208 2374 1459 2448 arbore,
1507 2392 1540 2432 e
1586 2390 1708 2447 qua
1756 2375 1890 2447 quis
1935 2377 2061 2433 vult
2114 2374 2344 2433 habere
2397 2391 2531 2433 sur-

264 2479 465 2551 culum,
506 2481 569 2538 in
616 2497 768 2554 eam,
807 2467 987 2553 quam
1035 2483 1307 2541 inserere
1352 2484 1491 2555 vult,
1532 2485 1834 2541 ramulum
1882 2483 2156 2541 traducit
2200 2488 2259 2542 et
2304 2484 2367 2540 in
2405 2484 2535 2541 eius

264 2602 419 2646 ramo
459 2588 746 2662 praeciso
794 2606 870 2647 ae
918 2589 1120 2661 dzfisso
1174 2590 1469 2666 implicat,
1518 2607 1653 2649 eum
1696 2592 1918 2664 locum,
1966 2591 2073 2663 qui
2116 2590 2412 2663 contingit
2457 2606 2536 2649 ex

264 2696 511 2766 utraque
548 2700 750 2773 parte,
799 2696 960 2767 quod
1004 2697 1164 2754 intro
1214 2701 1302 2755 est
1351 2693 1519 2769 falce
1564 2702 1961 2770 extenuatur,
2009 2699 2097 2756 ita
2151 2702 2218 2756 ut
2273 2714 2353 2756 ex
2411 2713 2536 2754 una

259 2806 443 2875 parte,
490 2803 655 2874 quod
699 2804 928 2861 eoelum
975 2804 1244 2862 visurum
1291 2810 1395 2877 est,
1438 2805 1727 2863 corticem
1774 2820 1911 2864 eum
1957 2805 2187 2863 cortice
2232 2819 2535 2877 exaequa-

263 2909 372 2965 tum
438 2908 677 2996 habeat.
768 2907 938 2986 plura
997 2907 1397 2968 Schneiderus
1463 2911 1665 2969 novari
1731 2908 1940 2990 voluit,
1998 2928 2133 2970 cum
2192 2909 2534 2988 impeditam

262 3028 418 3073 more
454 3011 734 3074 Varronis
781 3016 1262 3075 coniunctionem
1309 3014 1627 3077 verborum
1677 3033 1793 3075 non
1842 3015 2230 3095 intellegeret.
2315 3015 2534 3075 descri-

262 3115 413 3180 bit-ur
474 3130 671 3181 autem
737 3141 925 3201 genus
989 3124 1285 3183 insitionis
1350 3123 1541 3183 simile
1600 3126 1656 3184 ei
1711 3121 1867 3200 quod
1925 3123 1985 3182 in
2042 3122 2261 3183 vitibus
2316 3121 2538 3182 indicat

264 3224 394 3287 Cato
437 3225 542 3308 41,
582 3225 623 3288 2
672 3234 871 3291 altera
919 3233 1119 3290 insitio
1166 3237 1284 3291 est:
1338 3234 1396 3290 si
1446 3234 1582 3291 vitis
1630 3233 1805 3291 vitem
1852 3233 2173 3313 continget,
2219 3233 2538 3304 utriusque

263 3337 424 3395 vitem
488 3343 762 3396 teneram
819 3339 1210 3413 praeacuitO,
1277 3337 1514 3411 obliquo
1572 3319 1741 3396 'inter
1813 3354 1941 3396 sese
2014 3338 2333 3397 medullam
2399 3354 2536 3397 eum

264 3444 509 3503 medulla
558 3444 716 3502 libro
764 3447 1083 3518 conligata.
1163 3444 1497 3503 accuratius
1545 3442 1865 3503 Columella
1913 3440 1958 3500 V
2001 3440 2101 3524 11,
2135 3439 2216 3503 13
2263 3444 2323 3502 in
2371 3461 2535 3502 ramo

266 3547 431 3610 olivae
478 3552 539 3609 in
590 3550 768 3610 ficum
816 3550 1132 3610 inserendo
1182 3567 1308 3609 rem
1357 3552 1646 3628 exposuit.
1723 3569 1794 3610 ex
1843 3568 1909 3610 ea
1957 3552 2137 3629 igitur
2186 3548 2415 3631 arbore,
2462 3568 2533 3608 ex

270 3673 368 3734 qua
426 3655 737 3718 surculum
801 3656 1018 3718 habere
1088 3656 1315 3737 volunt,
1371 3656 1665 3717 ramulum
1728 3656 2051 3717 traducunt
2107 3659 2166 3716 in
2234 3655 2419 3735 illam,
2477 3657 2538 3715 in

268 3780 424 3841 quam
473 3782 611 3825 eum
658 3781 886 3823 ramum
943 3765 1209 3823 inserere
1257 3762 1460 3823 volunt
1507 3771 1566 3823 et
1621 3765 1684 3823 in
1740 3781 1902 3823 ramo
1959 3764 2088 3822 eius
2144 3763 2412 3841 praeciso
2470 3781 2537 3822 ac

267 3869 471 3932 diffisso
521 3869 836 3950 ramulum,
875 3872 977 3949 qui
1024 3888 1094 3930 ex
1135 3869 1317 3930 altera
1356 3869 1566 3930 arbore
1613 3870 1924 3931 traductus
1972 3888 2106 3929 eum
2156 3868 2351 3928 locum
2399 3887 2535 3929 con·

268 3979 446 4062 tingit,
492 3977 807 4057 inplicant,
855 3986 1164 4057 postquam
1212 3979 1291 4060 is,
1339 3986 1626 4056 quantum
1677 3977 1914 4057 quidem
1973 3979 2130 4037 intro
2188 3974 2536 4054 inplicatum

268 4095 370 4168 est,
416 4085 566 4146 falce
615 4104 685 4145 ex
734 4093 984 4164 utraque
1030 4094 1197 4164 parte
1246 4093 1599 4146 extenuatus
1647 4093 1754 4146 est.
1843 4083 2129 4164 inplicant
2186 4092 2383 4143 autem
2436 4084 2536 4165 ita,

266 4199 323 4251 ut
363 4212 432 4253 ex
480 4211 597 4254 una
647 4195 776 4252 eius
835 4190 1045 4252 ramuli
1099 4200 1267 4269 parte
1323 4191 1381 4251 id
1440 4191 1596 4270 quod
1655 4191 1882 4251 caelum
1938 4192 2204 4250 visurum
2263 4198 2354 4248 est
2410 4208 2538 4250 cor-

264 4300 420 4360 ticem
494 4307 886 4378 exaequatum
954 4317 1089 4359 cum
1155 4301 1376 4359 cortice
1446 4298 1690 4358 alterius
1757 4298 1905 4358 rami
1982 4295 2211 4356 habeat.
2304 4295 2410 4355 sed
2475 4298 2537 4356 in

263 4404 368 4487 hm,
422 4426 571 4487 quae
630 4408 743 4488 sic,
801 4415 866 4467 ut
919 4408 979 4465 in
1037 4405 1239 4466 codice
1297 4408 1513 4484 scripta
1573 4413 1768 4487 erant,
1816 4403 2083 4484 exhibui,
2143 4404 2401 4482 primum
2459 4422 2539 4464 ex

267 4516 473 4576 arbore
527 4532 651 4591 qua
716 4518 841 4574 vult
902 4514 1131 4573 habere
1183 4518 1497 4575 surculum
1555 4532 1671 4573 non
1729 4513 1977 4591 repetita
2031 4519 2171 4591 ‘ante
2226 4510 2534 4571 relativum

2043 4609 2114 4667 7*
