3178 5185
826 446 1086 499 RERVM
1125 445 1605 500 RVSTICARVM
1640 444 1777 498 ΜΒ.
1817 447 1839 497 1
1882 443 2034 499 3—4
2241 463 2248 468 ·
2490 433 2578 497 25

299 601 349 660 11
384 600 441 681 8,
474 601 517 662 2
560 606 747 663 matri
789 605 1222 678 suppositiciae
1266 620 1502 676 quoque
1549 604 1902 680 inserviunt,
1958 617 2074 675 quo
2122 618 2278 674 equa
2315 603 2577 660 ministe-

298 712 454 769 rium
502 713 673 770 lactis
722 712 927 770 cibum
965 714 1132 786 pullo
1169 711 1477 787 praebere
1517 711 1723 785 possit.

474 821 556 875 IV
605 815 635 875 1
705 817 898 888 Quae
974 817 1213 876 mundi
1278 835 1435 876 esse
1504 817 1760 875 ennius
1824 813 2083 875 scribit
2145 832 2322 893 aqua
2388 823 2580 874 terra

301 924 526 982 anima
568 931 637 983 et
684 922 828 1001 sol]
881 925 1100 984 Anima
1148 931 1207 985 et
1250 928 1343 985 sol
1385 941 1563 983 manu
1612 924 1820 1002 scripti
1866 921 2000 981 libri
2047 939 2270 1002 omnes»,
2318 928 2375 982 et
2427 940 2580 981 unus

300 1028 621 1090 politianus
668 1033 729 1090 in
776 1033 1046 1110 principe
1097 1030 1354 1091 editione
1403 1030 1645 1117 delevit¹
1675 1029 1766 1090 vel
1815 1047 2019 1089 errore
2069 1028 2264 1107 aliquo
2311 1028 2401 1088 vel
2449 1047 2576 1088 cor·
2638 1079 2641 1082 .

301 1138 562 1197 rectione
609 1139 830 1198 veteris
868 1137 1005 1197 libri
1061 1137 1277 1197 ductus
1315 1138 1406 1197 vel
1446 1141 1804 1198 coniectura.
1869 1137 2029 1196 hunc
2068 1138 2258 1196 secuti
2301 1141 2442 1195 sunt
2479 1137 2581 1213 qui

302 1243 623 1321 fragmenta
686 1243 869 1304 Ennii
935 1244 1325 1325 collegerunt,
1403 1247 1505 1323 qui
1579 1244 1725 1304 haec
1790 1252 2088 1321 tamquam
2152 1245 2341 1323 ipsius
2407 1243 2582 1302 Ennii

305 1349 477 1410 verba
529 1353 586 1411 in
634 1352 981 1430 fragmentis
1027 1351 1368 1431 Epicharmi
1413 1351 1665 1412 Enniani
1713 1360 2058 1431 posuerunt.
2150 1349 2335 1410 Varro
2384 1357 2581 1410 autem

301 1457 506 1517 eodem
546 1458 781 1519 dicendi
818 1477 1036 1538 genere
1067 1478 1211 1520 usus
1251 1468 1342 1519 est
1378 1456 1492 1538 14,
1520 1457 1563 1520 4
1594 1461 1934 1536 porticibus
1963 1462 2129 1519 ostiis
2167 1477 2243 1519 ac
2275 1458 2583 1538 fenestriS,

300 1556 482 1644 41‚'4
524 1570 682 1639 ficus
728 1571 923 1627 malus
963 1571 1199 1644 punica
1246 1574 1305 1628 et
1349 1569 1511 1640 vitiS,
1568 1564 1653 1627 68
1711 1584 1866 1626 uvae
1919 1570 2081 1626 mala
2129 1575 2188 1626 et
2231 1568 2443 1640 sorba,
2504 1564 2584 1624 ΙΙΙ

301 1669 396 1751 12,
435 1670 477 1733 2
518 1676 630 1734 sed
663 1677 881 1734 horum
921 1678 1182 1734 omnium
1220 1676 1497 1733 custodia
1539 1676 1974 1734 incrementum
2021 1681 2081 1734 et
2110 1677 2310 1749 pastio
2350 1681 2584 1750 aperta,

302 1776 398 1859 13,
435 1777 476 1840 3
537 1799 858 1841 cervorum
911 1798 1203 1858 aprorum
1251 1787 1309 1841 et
1355 1787 1703 1840 ceterarum
1759 1781 2202 1855 quadripedum
2251 1783 2583 1839 multitudo.

468 1885 904 1966 Priusquam
945 1889 1212 1948 semina
1252 1889 1472 1947 iacias
1503 1886 1687 1965 quod
1726 1888 2012 1945 initium
2045 1886 2406 1946 fructuum
2446 1887 2584 1945 ori·

304 1992 439 2072 tur]
492 1996 670 2066 Quod
706 1998 851 2055 hinc
889 1998 1125 2055 initium
1163 1993 1435 2074 UrsinuS,
1472 1996 1638 2068 quod
1673 2012 1752 2054 ex
1795 1997 1869 2053 iis
1908 1996 2145 2053 initium
2184 1991 2586 2053 Schneiderus

304 2118 416 2159 non
452 2101 757 2162 intellecta
796 2101 1115 2162 verborum
1155 2108 1475 2169 structura.
1551 2119 1686 2160 nam
1725 2099 1868 2160 illud
1908 2102 2121 2178 ipsum,
2163 2099 2319 2177 quod
2363 2102 2586 2159 semina

303 2207 616 2289 iaciuntur,
672 2210 910 2268 initium
959 2215 1050 2268 est
1097 2208 1419 2290 fructuum,
1467 2207 1624 2287 quod
1673 2226 1809 2268 cum
1856 2206 2179 2286 generandi
2225 2196 2586 2285 principium

306 2315 594 2395 praebeat,
646 2318 815 2393 quasi
863 2317 1120 2395 primum
1168 2317 1401 2375 initium
1450 2317 1658 2377 oritur.

473 2421 516 2484 2
593 2423 736 2482 Nec
802 2440 938 2482 non
1005 2441 1080 2482 ea
1150 2440 1328 2501 quae
1395 2423 1679 2482 faciunt
1743 2421 2027 2483 cultura
2090 2422 2586 2483 honestiorem

305 2547 536 2607 agrum
585 2531 935 2609 pleraque
991 2548 1128 2590 non
1178 2530 1402 2590 solum
1461 2531 1955 2590 fructuosiora
2014 2529 2252 2589 eadem
2312 2529 2588 2590 faciunt

307 2668 380 2678 —-
412 2639 531 2698 sed
584 2641 798 2699 etiam
847 2636 1437 2714 uendibiliorem]
1494 2640 1749 2698 Cultura
1798 2648 2039 2697 auctore
2086 2637 2301 2697 Ursino
2360 2629 2586 2697 deleve-

308 2753 439 2804 runt
496 2745 806 2806 Gesnerus
871 2754 931 2806 et
987 2745 1408 2806 SchneideruS.
1493 2744 1970 2819 fructuosiorem
2035 2748 2288 2805 eundem
2353 2746 2488 2805 inde
2556 2764 2588 2804 a

308 2853 568 2933 principe
620 2853 881 2913 editione
929 2861 1237 2933 receptum
1296 2862 1440 2914 erat.
1525 2852 2003 2927 fructuosiorem
2059 2855 2268 2912 eadem
2325 2851 2590 2913 defendit

307 2956 681 3020 Zahlfeldtius
713 2968 939 3039 quaest.
961 2962 1091 3020 crit.
1112 2962 1172 3020 in
1196 2959 1358 3019 Varr.
1382 2978 1495 3021 rer.
1521 2967 1669 3020 rust.
1699 2958 1828 3019 libr.
1851 2957 2112 3019 Berolini
2133 2978 2185 3019 a.
2208 2956 2371 3019 1881
2409 2978 2464 3038 p.
2487 2956 2588 3020 28.

307 3084 624 3143 pronomen
674 3070 886 3128 eadem
934 3075 1128 3128 autem
1177 3066 1391 3145 plurali
1438 3085 1688 3127 numero
1739 3066 1965 3126 dictum
2012 3074 2072 3125 et
2121 3085 2255 3126 cum
2293 3071 2591 3142 pleraque

309 3176 687 3261 coniunctum
737 3183 855 3256 est,
909 3183 974 3234 ut
1022 3174 1044 3233 1
1085 3172 1150 3254 7,
1190 3171 1232 3235 5
1289 3177 1499 3234 eadem
1555 3178 1785 3253 omnia,
1841 3172 1921 3232 ΙΙΙ
1966 3170 2072 3253 16,
2113 3170 2197 3232 24
2253 3192 2333 3233 ex
2380 3176 2589 3234 iisdem

312 3285 574 3343 omnibus
621 3284 832 3356 rebuS,
880 3281 905 3340 Ι
943 3278 1047 3361 23,
1078 3279 1117 3342 6
1166 3284 1467 3356 quaedam
1515 3286 1650 3342 loca
1699 3284 1909 3343 eadem
1966 3283 2092 3339 alia
2140 3283 2225 3340 ad
2266 3284 2591 3341 serendum

311 3390 532 3450 idonea.

473 3496 690 3556 Nemo
741 3498 925 3555 enim
974 3495 1213 3555 eadem
1261 3495 1569 3555 utilitati
1629 3513 1766 3555 non
1814 3495 2202 3554 formosius
2251 3495 2433 3572 quod
2482 3504 2592 3554 est

310 3618 532 3663 emere
601 3602 881 3662 'mauult
946 3601 1184 3680 pluris
1249 3620 1457 3679 quam
1515 3604 1573 3661 si
1642 3609 1749 3660 est
1815 3597 2251 3660 fructuosus
2317 3601 2588 3679 turpis]

315 3705 612 3771 Rariorem
662 3708 898 3770 ablativi
946 3711 1193 3770 formam
1250 3713 1526 3782 utilitati,
1584 3710 1741 3768 sicut
1787 3708 1895 3767 alia
1945 3710 2073 3768 eius
2120 3709 2356 3786 generis
2404 3707 2590 3785 plura,

316 3815 406 3876 ubi
450 3817 727 3879 codicum
775 3819 1127 3877 auctoritate
1176 3817 1518 3876 confirmata
1558 3825 1744 3896 erant,
1791 3818 2030 3894 retinui,
2076 3814 2101 3873 Ι
2145 3812 2244 3895 12,
2273 3813 2314 3874 2
2352 3817 2589 3875 heredi-

317 3927 430 3998 tati,
478 3926 502 3985 Ι
544 3921 650 4004 13,
680 3919 739 3984 5.
786 3921 893 4002 40,
922 3921 982 3984 6.
1031 3923 1109 3982 111
1148 3921 1208 4006 3,
1239 3921 1305 4004 83
1355 3921 1395 3984 9
1437 3927 1625 3999 parti,
1674 3925 1815 3982 item
1863 3921 1940 3982 ΙΙΙ
1981 3918 2039 4001 5,
2072 3919 2171 3983 16.
2225 3918 2323 4003 16,
2352 3918 2394 3982 5
2441 3925 2591 3994 orbi,

316 4027 461 4111 112,
489 4031 531 4094 3
573 4034 851 4103 convalli,
899 4028 1058 4110 Ι22,
1089 4030 1149 4091 6.
1188 4026 1271 4091 56
1321 4034 1496 4103 clavi,
1544 4029 1568 4089 Ι
1611 4027 1695 4089 64
1735 4032 1877 4105 iqui,
1929 4028 1951 4087 1
1981 4025 2065 4090 53
2104 4031 2295 4101 messi,
2334 4026 2386 4085 ΙΙ
2423 4026 2518 4107 11,
2549 4024 2591 4088 5

321 4143 480 4214 rumi,
529 4138 612 4197 111
647 4133 749 4216 16,
777 4134 858 4198 37
901 4140 1095 4212 imbri,
1134 4136 1211 4196 Ill
1246 4134 1347 4215 14,
1377 4133 1418 4197 5
1459 4136 1648 4211 farri.
1686 4169 1759 4178 -—
1793 4154 1974 4210 quam
2010 4139 2068 4196 si
2093 4142 2181 4196 est
2210 4134 2593 4210 fructuosius

323 4249 480 4321 turpe
526 4243 781 4324 Merula,
839 4243 1141 4323 archetypi
1189 4246 1546 4322 scripturam
1596 4243 1892 4303 Victorius
1940 4243 2228 4321 restituit,
2286 4259 2468 4315 quam
2521 4246 2592 4320 si,

322 4354 421 4409 etsi
455 4352 860 4427 fructuosius,
910 4360 1088 4427 turpe
1134 4357 1223 4411 est
1258 4350 1591 4429 Nettleship
1637 4352 1698 4410 in
1737 4367 1944 4409 museo
1991 4346 2349 4427 philologico
2387 4345 2590 4407 Canta-

326 4452 590 4535 brigiensi
648 4476 697 4518 a.
747 4453 909 4517 1877
961 4476 1016 4535 p.
1068 4454 1222 4538 173,
1280 4456 1437 4536 quod
1497 4465 1862 4536 quantopere
1918 4474 1947 4514 a
2007 4453 2259 4533 simplici
2317 4452 2593 4514 Varronis

329 4578 581 4626 sermone
633 4563 977 4645 abhorreat,
1033 4582 1206 4624 nemo
1255 4583 1373 4624 non
1424 4564 1597 4624 videt.
1691 4581 1885 4642 neque
1942 4562 2328 4622 offensionem
2375 4561 2593 4624 habere

606 4673 637 4684 Q
