3178 5185
873 424 1131 478 RERVM
1168 424 1647 479 RVSTtOARVM
1684 425 1819 481 LIB.
1856 425 1909 479 II
1951 424 1981 478 1
2448 414 2569 478 137

290 576 496 637 nibus
546 585 754 638 notae
801 597 1126 657 apecore
1173 582 1241 639 in
1279 581 1466 649 mari
1505 579 1685 657 quod
1736 577 2316 655 nominauerunt]
2349 579 2567 653 Etiam,

291 684 438 763 quod
489 686 553 744 in
599 687 867 764 principe
907 686 1164 747 editione
1208 688 1493 746 omissum
1532 705 1725 764 neque
1766 705 1794 744 a
1836 682 2123 745 Politiano
2162 685 2424 745 additum
2463 694 2579 765 est,
2644 670 2645 673 ¹

287 790 499 869 legitur
554 793 617 852 in
672 791 946 852 omnibus
1012 793 1380 872 apographis.
1470 796 1787 868 reqionum
1841 802 2020 854 notae
2074 811 2142 852 ex
2191 790 2396 851 Aldina
2454 793 2573 852 edi-

291 899 441 958 tione
501 907 809 978 receptum
869 906 1015 960 erat.
1107 918 1146 960 a
1198 918 1427 977 pecore
1484 906 1780 979 tamquam
1838 900 2090 979 glossam
2139 898 2439 959 Gesnerus
2484 901 2570 958 in·

286 1003 476 1065 clusit.
568 1005 674 1065 sed
724 984 1027 1085 praeterea
1076 1010 1138 1067 in
1185 1010 1348 1067 mari
1392 1025 1464 1066 ex
1511 1005 1921 1085 superioribus
1971 1005 2205 1065 videtur
2252 1007 2570 1084 repetitum

287 1129 439 1191 esse,
490 1131 576 1172 an
632 1130 753 1173 non
818 1117 997 1174 etiam
1052 1117 1190 1174 item
1248 1117 1310 1174 in
1366 1117 1529 1174 mari
1581 1121 1873 1188 terraque
1920 1115 1997 1173 ab
2057 1115 2151 1173 his
2197 1105 2261 1192 (i.
2302 1131 2351 1172 e.
2399 1130 2428 1171 a
2475 1130 2574 1191 pe-

286 1214 531 1298 cuariis)
581 1221 935 1295 reqionibus
982 1227 1177 1301 notae,
1226 1223 1389 1295 quod
1431 1223 1911 1281 nominaverunt.

461 1324 932 1386 Cantherium
1000 1337 1303 1389 montem
1363 1346 1572 1388 unum
1632 1327 1987 1387 thracium
2045 1326 2348 1387 alterum
2407 1327 2572 1385 cim·

289 1431 625 1509 merium]
666 1434 1000 1509 Bosporum
1047 1452 1232 1494 unum
1279 1452 1348 1494 ex
1395 1436 1665 1514 principe
1705 1434 1960 1493 editione
2008 1441 2313 1512 receptum
2362 1440 2471 1510 est,
2517 1438 2578 1491 et

288 1541 538 1599 sortasse
581 1543 638 1599 in
681 1540 905 1621 lacuna,
944 1557 1117 1618 quam
1157 1539 1295 1599 olim
1335 1540 1749 1622 indicaveram,
1788 1543 1963 1600 etiam
2001 1540 2169 1620 plura
2209 1539 2574 1599 exciderunt.

450 1643 490 1707 9
563 1645 882 1725 Denique
948 1648 1019 1707 in
1084 1647 1287 1707 italia
1354 1666 1386 1706 a
1454 1647 1711 1707 uitulis
1778 1656 1852 1708 ut
1917 1647 2178 1709 scribit
2246 1643 2431 1725 piso]
2501 1646 2577 1704 In

279 1752 409 1813 inde
472 1771 504 1812 a
567 1754 835 1831 principe
892 1753 1150 1814 editione
1208 1756 1496 1814 omissum
1561 1764 1705 1815 erat.
1797 1773 1905 1834 pro
1971 1754 2084 1813 hoc
2151 1772 2269 1814 non
2335 1753 2575 1830 scripsi:

283 1877 409 1919 nam
479 1859 632 1919 haec
699 1877 962 1941 quoque,
1023 1862 1178 1921 sicut
1245 1860 1498 1942 reliqua,
1556 1862 1804 1922 formam
1871 1860 2088 1921 habent
2156 1858 2576 1939 interrogandi,

285 1969 547 2042 denique
594 1984 715 2027 non
762 1968 949 2027 Italia
997 1986 1035 2028 a
1081 1971 1322 2029 vitulis?

451 2074 590 2133 Aes
639 2075 1227 2151 antiquissimum
1276 2075 1458 2153 quod
1509 2084 1621 2135 est
1667 2074 1917 2135 flatum
1968 2091 2228 2152 pecore
2287 2080 2396 2132 est
2452 2090 2573 2131 no·

287 2178 545 2256 tatum]
607 2181 784 2258 Quod
818 2188 908 2241 est
953 2184 1279 2256 conflatum
1329 2200 1555 2258 pecore
1592 2189 1681 2242 est
1709 2188 1961 2257 pectore
1999 2187 2267 2241 notatum
2306 2197 2381 2258 m,
2419 2182 2582 2253 quod

280 2291 609 2363 conflatam
651 2305 894 2363 pecore,
935 2307 1163 2364 pecore
1210 2297 1297 2349 est
1343 2297 1614 2349 notatum
1662 2287 1980 2369 IucunduS,
2028 2289 2191 2362 quod
2225 2290 2441 2362 flatum
2489 2292 2577 2346 est

276 2412 517 2473 pecore,
552 2411 784 2471 pecore
830 2402 918 2455 est
963 2402 1233 2456 notatum
1272 2394 1583 2475 Victorum,
1632 2414 1780 2474 quae
1820 2394 1993 2455 lectio
2033 2393 2244 2454 deinde
2284 2394 2574 2453 editiones

283 2495 467 2580 usque
519 2500 595 2560 ad
644 2499 974 2561 Gesnerum
1023 2504 1349 2582 occupavit.

463 2606 551 2669 10
615 2607 700 2668 Et
762 2610 944 2687 quod
994 2608 1202 2670 urbis
1259 2628 1412 2670 cum
1479 2610 1770 2671 condita
1838 2618 1946 2669 est
1993 2617 2198 2670 tauro
2248 2615 2316 2667 et
2367 2626 2579 2668 uacca

287 2734 457 2793 quae
511 2724 761 2775 essent
808 2718 990 2775 muri
1039 2724 1106 2776 et
1153 2723 1402 2795 portae
1450 2715 1864 2794 definitum]
1916 2717 1997 2777 Et
2040 2718 2203 2791 quod
2245 2717 2393 2776 urbs
2441 2734 2578 2776 eum

286 2826 534 2884 condita
593 2829 682 2883 est
727 2829 907 2883 tauro
955 2831 1015 2882 et
1060 2841 1278 2898 vacca,
1333 2828 1442 2899 qui
1503 2832 1699 2886 essent
1752 2828 1943 2884 muris
1991 2829 2214 2900 portae
2269 2826 2581 2895 definitum

285 2927 528 3007 Merula,
578 2934 637 2987 et
681 2929 846 3002 quod
888 2929 1037 2987 urbs
1083 2946 1220 2988 eum
1268 2932 1517 2990 condita
1556 2938 1662 3003 est,
1701 2937 1881 2990 tauro
1920 2937 1979 2990 et
2013 2946 2206 2990 vacca
2245 2932 2352 3004 qui
2386 2936 2583 2989 essent

284 3038 446 3095 muri
503 3041 570 3095 et
614 3040 835 3109 portae
895 3037 1206 3106 definitum
1261 3035 1564 3097 Iucundos
1631 3046 1691 3097 et
1745 3036 1956 3097 deinde
2026 3035 2239 3115 reliqui
2305 3036 2582 3096 editores,

285 3159 403 3215 qua
453 3146 660 3201 essent
696 3139 996 3200 Gesnerus
1035 3143 1307 3222 coniecit,
1348 3152 1413 3203 ut
1453 3142 1855 3205 Schneiderus
1891 3143 2208 3217 adnotavit,
2245 3146 2353 3204 ubi
2386 3151 2583 3205 essent
2612 3142 2635 3170 ⁹

286 3247 616 3326 Madvigius
664 3246 889 3306 advers,
939 3265 989 3306 v.
1030 3245 1082 3305 ΙΙ
1129 3266 1182 3326 p.
1228 3245 1375 3310 180.
1451 3252 1624 3310 urbis
1670 3252 1731 3310 in
1781 3245 2014 3310 ‘vetere
2063 3248 2283 3331 codice,
2330 3251 2391 3310 in
2430 3268 2579 3309 mar-

288 3356 423 3432 gine
489 3371 632 3414 vero
690 3370 875 3431 aeque
932 3355 1171 3432 antiqua
1230 3350 1440 3415 manu'
1489 3365 1707 3418 taurus
1755 3366 1813 3418 et
1857 3375 2050 3417 vacca
2098 3359 2161 3416 in
2207 3374 2366 3434 uruo
2412 3359 2582 3438 urbis

290 3463 651 3524 condendae
697 3461 985 3538 scriptum
1034 3479 1164 3521 esse
1213 3460 1464 3523 Ursinus
1513 3463 1840 3545 adnotavit,
1891 3462 2047 3523 unde
2105 3470 2165 3523 et
2216 3467 2382 3538 quod
2432 3482 2583 3524 urvo

291 3572 479 3646 urbis,
531 3585 668 3629 eum
715 3570 964 3628 condita
1012 3576 1114 3645 est,
1155 3576 1335 3630 tauro
1383 3577 1442 3630 et
1478 3589 1672 3632 vacca
1711 3575 1818 3646 qui
1862 3577 2058 3632 essent
2096 3587 2222 3649 sqq.
2270 3569 2582 3648 legendum

293 3694 417 3737 esse
471 3676 747 3736 coniecit.
830 3682 889 3735 et
935 3678 1098 3750 quod
1154 3694 1304 3737 urvo
1362 3679 1556 3754 urbis,
1623 3696 1761 3739 eum
1820 3680 2066 3739 condita
2123 3684 2236 3752 est,
2285 3685 2465 3737 tauro
2528 3685 2587 3737 et

295 3801 486 3845 vacca
535 3784 759 3844 iunctis
803 3785 912 3856 qui
955 3790 1148 3844 essent
1194 3802 1322 3862 sqq.
1373 3783 1775 3845 Schneiderus
1825 3785 2025 3846 edidit.
2120 3793 2348 3844 remota
2401 3785 2581 3843 inter-

296 3891 594 3969 polatione
645 3887 844 3948 Ursini
892 3891 1103 3968 scripsi
1147 3898 1206 3951 et
1252 3894 1430 3973 quod,
1478 3895 1626 3953 urbs
1673 3911 1810 3954 eum
1858 3894 2103 3953 condita
2150 3898 2254 3964 est,
2303 3897 2482 3951 tauro
2529 3899 2587 3951 et

299 4015 489 4059 vacca
548 4014 670 4071 qua
726 4002 923 4056 essent
967 4013 1093 4075 sqq.
1150 4014 1284 4056 nam
1343 4001 1769 4059 nominativum
1824 4000 1997 4077 urm,
2054 4015 2169 4056 non
2227 3999 2603 4079 genetivum,x

300 4108 398 4183 qui
445 4108 506 4165 in
559 4102 876 4181 archetypo
936 4103 1072 4183 fuit,
1118 4106 1267 4165 ratio
1324 4108 1617 4166 sermonis
1664 4116 1726 4167 et
1779 4123 1923 4166 usus
1972 4103 2248 4163 Varronis
2310 4104 2582 4182 postulat.

301 4228 417 4285 qua
466 4219 668 4271 autem
715 4209 788 4269 de
836 4208 1040 4269 eadem
1080 4229 1143 4270 re
1193 4210 1416 4272 dictum
1455 4220 1546 4273 est
1584 4212 1658 4272 de
1705 4210 1844 4290 ling.
1884 4211 1978 4271 lat.
2011 4209 2055 4268 V
2090 4206 2214 4269 142
2263 4227 2385 4284 qua
2423 4215 2582 4271 viam

303 4319 728 4393 relinquebant
772 4320 835 4377 in
881 4334 1081 4391 mure,
1129 4323 1360 4393 quain
1408 4323 1691 4397 oppidum
1739 4325 2088 4397 portarent,
2129 4323 2369 4394 portas,
2418 4326 2478 4377 et
2523 4320 2583 4378 in

302 4423 390 4485 his
436 4424 608 4485 libris
654 4426 718 4484 in
766 4423 1190 4502 significatione
1247 4426 1362 4486 loci
1408 4444 1582 4506 saepe
1632 4427 1724 4487 vel
1768 4424 2159 4505 praecedente
2209 4425 2446 4484 nomine
2494 4426 2587 4486 vel

239 4597 240 4602 η
309 4534 540 4614 omisso,
579 4532 603 4592 1
645 4529 704 4613 8,
742 4527 788 4591 4
835 4532 1069 4592 tubulos
1106 4550 1243 4591 cum
1283 4531 1480 4608 fundo
1522 4542 1790 4610 pertuso,
1829 4550 1950 4608 qua
1996 4548 2170 4591 umor
2208 4531 2587 4596 adventicius
2620 4549 2623 4554 ‘
