3178 5185
840 405 1098 462 RERVM
1134 404 1612 460 Rvs'rchRVM
1648 405 1780 458 ms.
1813 401 1864 455 11
1904 395 1941 452 5
2409 394 2538 461 239

286 584 403 649 cuS,
464 572 536 632 ad
578 576 840 635 matrices
897 588 1041 635 Lxx
1099 573 1244 653 duc,
1310 590 1494 634 unum
1551 570 1920 649 anniculum,
1987 567 2238 628 alterum
2296 563 2538 625 bimum.

281 670 411 733 haec
465 681 771 742 secundum
829 683 976 742 astri
1033 689 1307 741 exortum
1364 680 1541 759 facio,
1609 676 1763 757 quod
1824 676 2035 736 Graeci
2090 680 2301 733 vocant
2354 671 2541 751 lyran,

283 777 439 841 fidem
501 790 686 849 nostri.
779 797 906 848 tum
972 788 1228 867 denique
1282 795 1486 847 tauros
1541 787 1605 844 in
1661 801 1900 862 gregem
1956 781 2177 860 redigo.
2275 797 2401 839 mas
2456 797 2530 838 an
2557 780 2634 837 13

282 883 475 949 femina
514 897 583 954 sit
616 904 915 974 concepta,
961 896 1253 972 significat
1290 894 1582 954 descensu
1621 902 1849 971 tauruS,
1888 908 2023 950 cnm
2062 892 2174 949 init
2205 887 2330 967 [si]‚
2363 887 2538 966 quod,

242 992 327 1082 5nsi
357 1012 473 1057 mas
509 1011 602 1080 est,
636 1005 696 1062 in
735 1003 1134 1063 dexteriorem
1174 1010 1403 1081 partem
1443 1000 1595 1080 abit3
1633 1001 1685 1059 si
1722 999 1956 1078 femina,
1994 999 2055 1056 in
2087 997 2536 1056 sinisteriorem.

284 1114 377 1158 eur
426 1102 532 1166 hoc
578 1110 697 1191 fiat,
755 1128 860 1169 vos
916 1110 1206 1186 videritiS‚
1266 1111 1463 1188 inquit
1519 1108 1692 1186 mihi,
1748 1108 1852 1185 qui
1899 1103 2275 1165 Aristotelem
2324 1102 2536 1180 legitis.

287 1222 388 1265 non
439 1216 679 1275 miuores
735 1225 974 1295 oportet
1028 1219 1180 1298 inire
1234 1216 1449 1295 bima5‚
1507 1224 1573 1275 nt
1620 1216 1829 1274 trimae
1877 1214 2135 1291 pariant,
2189 1229 2259 1270 eo
2307 1209 2536 1287 melinS,

290 1312 333 1370 Si
371 1320 697 1394 quadrimae.
792 1323 1110 1403 pleraeque
1158 1326 1398 1403 pariunt
1434 1325 1496 1383 in
1536 1322 1741 1382 decem
1781 1339 1985 1400 annos,
2033 1318 2320 1398 quaedam
2359 1320 2535 1377 etiam

289 1417 480 1494 plures,
567 1432 817 1490 maxime
883 1432 1163 1492 idoneum
1231 1440 1468 1509 tempus
1533 1429 1605 1488 ad
1672 1426 2127 1506 concipiendum
2185 1445 2214 1485 a
2273 1424 2537 1504 delphini

234 1535 272 1574 10
293 1538 471 1592 exortu
527 1554 706 1616 usque
773 1537 847 1598 ad
904 1538 1031 1597 dies
1086 1537 1472 1616 quadraginta
1530 1543 1632 1596 aut
1686 1534 1861 1613 paulo
1918 1533 2070 1613 plus,
2171 1551 2320 1612 quae
2379 1534 2535 1592 enim

288 1630 352 1691 ita
409 1652 816 1724 conceperunt,
885 1647 1381 1723 temperatissimo
1447 1645 1583 1703 anni
1642 1651 1911 1720 tempore
1969 1643 2225 1720 pariunt.
2325 1658 2536 1700 vaccae
2632 1636 2639 1644 '

290 1741 418 1801 enim
469 1750 756 1811 mensibus
812 1751 1016 1812 decem
1074 1759 1214 1812 sunt
1271 1758 1636 1836 praegnates,
1728 1750 1801 1810 de
1850 1749 2068 1829 quibus
2114 1748 2522 1809 admirandum
2548 1758 2629 1813 14

290 1849 532 1928 scriptum
585 1859 814 1938 inveni,
871 1860 1163 1937 exemptis
1218 1857 1514 1919 testiculis
1572 1860 1625 1917 si
1683 1860 1881 1918 statim
1940 1858 2280 1936 admiseris,
2337 1859 2534 1917 statim

292 1960 570 2038 concipere.
617 1983 718 2025 eas
750 1967 915 2044 pasci
944 1973 1179 2044 oportet
1207 1965 1352 2025 locis
1375 1966 1665 2026 viridibus
1686 1973 1745 2025 et
1765 1967 2020 2044 aquosis,
2070 1983 2278 2024 cavere
2299 1972 2535 2043 oportet

234 2067 270 2105 ¹⁵
292 2074 348 2118 sse
372 2076 459 2128 aut
482 2074 783 2149 angustius
816 2081 975 2132 stent
1003 2080 1106 2132 aut
1136 2073 1425 2133 feriantur
1453 2081 1554 2134 aut
1582 2082 1959 2133 concurrant.
2017 2075 2215 2151 itaque
2248 2071 2402 2151 quod
2435 2090 2534 2131 eas

290 2177 467 2235 aestate
508 2178 703 2238 tabani
751 2181 1051 2239 concitare
1099 2178 1292 2239 solent
1338 2187 1398 2239 et
1443 2179 1726 2240 bestiolae
1776 2178 2061 2258 quaedam
2111 2179 2372 2238 minutae
2421 2178 2533 2239 sub

290 2278 434 2339 cauda
468 2283 548 2365 ali,
594 2303 671 2345 ne
711 2287 1108 2365 concitentur,
1156 2285 1336 2365 aliqui
1377 2286 1569 2346 solent
1607 2286 1912 2347 includere
1953 2288 2187 2364 saeptis,
2281 2287 2356 2344 iis
2395 2284 2530 2345 sub-

290 2387 438 2447 sterni
470 2401 698 2469 oportet
736 2392 1008 2453 frondem
1049 2393 1279 2454 aliudve
1319 2394 1461 2473 quid
1502 2397 1560 2454 in
1603 2393 1836 2474 cubilia,
1876 2413 1992 2473 quo
2022 2393 2259 2454 mollius
2289 2395 2531 2471 conqui-

289 2502 464 2557 escant.
502 2506 721 2559 aestate
752 2499 823 2558 ad
854 2517 1065 2578 aquam
1095 2500 1508 2579 adpellendum
1537 2501 1648 2582 bis,
1676 2502 1868 2561 hieme
1899 2501 2097 2562 semel.
2146 2519 2280 2561 cum
2311 2518 2520 2579 parere
2548 2505 2626 2561 15

233 2603 268 2642 20
288 2611 576 2687 coeperunt,
607 2608 937 2668 secundum
967 2608 1200 2669 stabula
1217 2609 1498 2687 pabulum
1523 2613 1744 2670 servari
1767 2619 2003 2688 oportet.
2022 2612 2339 2690 integrum,
2371 2609 2529 2688 quod

289 2711 608 2780 egredientes
647 2714 964 2792 degustare
1003 2718 1258 2794 possint:
1298 2718 1635 2778 fastidiosae
1675 2720 1831 2778 enim
1872 2719 2036 2777 fiunt.
2121 2725 2179 2777 et
2217 2715 2528 2795 providen-

285 2808 404 2897 dum,
442 2838 548 2898 quo
579 2824 880 2901 recipiunt
909 2841 990 2903 se,
1021 2842 1094 2883 ne
1124 2824 1375 2902 frigidus
1404 2824 1570 2885 locus
1602 2827 1694 2885 sit.
1761 2824 1925 2902 algor
1954 2826 2112 2884 enim
2143 2841 2241 2883 eas
2271 2831 2329 2883 et
2358 2823 2529 2882 famis

387 3043 413 3091 7
451 3055 557 3092 non
594 3039 838 3094 minores
876 3042 1100 3108 oportet
1135 3041 1275 3096 inire
1312 3041 1491 3096 bimas
1528 3057 1748 3111 ysopon.
1790 3041 1994 3095 XVII
2030 3047 2101 3095 10

400 3252 427 3298 1
464 3244 611 3299 LXX
649 3246 761 3299 duo
804 3246 988 3300 PAB
1026 3246 1388 3316 septuaginta.
1424 3246 1563 3301 duos
1601 3265 1634 3302 v
1797 3254 1828 3300 2
1867 3246 2008 3302 satio
2046 3246 2101 3299 A
2271 3246 2432 3321 lyran
2471 3246 2527 3300 Β

281 3322 381 3386 liran
407 3334 457 3387 A
483 3333 660 3403 lyram
704 3334 756 3388 V
894 3342 928 3388 4
956 3336 1204 3390 foemina
1243 3336 1294 3389 V
1354 3357 1360 3364 ·
1432 3337 1703 3390 descensu
1732 3353 1763 3390 v
1794 3336 2050 3391 dissensu
2074 3335 2254 3389 PAB
2401 3352 2524 3390 curn

279 3447 354 3509 init
373 3459 478 3512 PB
515 3437 752 3514 adminit
779 3458 834 3511 A
863 3477 987 3513 oum
1017 3460 1148 3514 iniit
1181 3478 1214 3515 v
1341 3461 1567 3530 siquod
1598 3460 1648 3514 si
1676 3461 1855 3515 PAR
1883 3462 2157 3530 siquidem
2187 3461 2234 3515 si
2261 3460 2384 3516 Λευ

281 3545 302 3592 5
334 3542 673 3602 desteriorein
711 3547 767 3601 Β
909 3548 1158 3604 foemina
1202 3549 1255 3603 V
1392 3557 1423 3605 6
1466 3551 1652 3619 inquit
1686 3552 1783 3606 Bv
1820 3548 2015 3620 inquid
2057 3552 2173 3605 PA
2316 3550 2525 3606 Aristo-

278 3630 401 3693 telem
451 3637 499 3688 V
539 3636 830 3691 aristolem
871 3639 923 3690 A
972 3638 1240 3692 aristolen
1278 3640 1333 3692 Β
1370 3637 1707 3694 aristotilem
1742 3658 1796 3694 m
1941 3648 1973 3695 8
2020 3640 2077 3695 in
2118 3641 2311 3695 decem
2349 3658 2524 3696 annos

281 3717 522 3779 Iucundus
581 3725 640 3778 in
689 3725 883 3780 decem
932 3728 1091 3781 annis
1136 3727 1256 3781 AB
1302 3727 1358 3781 in
1407 3727 1627 3783 decimo
1675 3746 1819 3783 anno
1873 3729 1926 3783 V
2099 3736 2129 3783 9
2191 3748 2226 3784 a
2272 3729 2524 3799 delphini

279 3816 423 3867 exortu
443 3814 719 3869 vPlim‘us
746 3814 914 3868 VIII
928 3821 1053 3882 177,
1083 3834 1116 3870 a
1135 3816 1353 3885 dulpini
1376 3818 1627 3871 eamortu
1644 3818 1828 3872 PAB
1939 3825 2001 3872 11
2034 3822 2409 3889 conceperunt
2427 3820 2521 3872 Βυ

279 3903 593 3975 conciperunt-
632 3904 749 3957 PA
862 3911 926 3958 12
964 3908 1298 3975 praegnates
1338 3907 1393 3960 P
1423 3910 1722 3976 pregnates
1752 3910 1872 3962 AB
1909 3912 2283 3978 praegnantes
2312 3926 2343 3963 v
2457 3915 2521 3962 16

277 3986 423 4046 tabani
457 3995 678 4048 aestate
716 4010 854 4048 corr.
893 3996 1110 4049 aestate
1146 3996 1342 4050 tabani
1376 3997 1431 4049 Β
1576 3998 1679 4051 sub
1717 3999 1897 4052 cauda
1933 3997 2031 4052 alii
2069 4015 2138 4052 ne
2178 4003 2266 4069 (ne
2304 4015 2402 4053 om.
2445 4002 2520 4067 A)

279 4081 582 4137 concitentur
627 4082 804 4151 aliqui
842 4083 1025 4137 solent
1067 4083 1248 4137 PAR
1287 4085 1389 4138 sub
1428 4087 1610 4140 cauda
1645 4086 1744 4140 alii
1783 4104 1852 4142 ne
1891 4088 2241 4143 concitentur
2279 4088 2462 4143 solent
2488 4105 2520 4141 v

279 4168 345 4223 sub
374 4172 548 4226 cauda
586 4187 656 4225 ne
695 4171 1047 4227 concitentur
1083 4173 1260 4242 aliqui
1290 4174 1474 4228 solent
1502 4176 1798 4231 Iucundus
1944 4184 2008 4231 17
2049 4179 2223 4247 septis
2262 4179 2314 4233 V
2451 4179 2520 4232 iis

279 4259 505 4316 substerni
527 4262 586 4314 P
609 4260 681 4314 iis
711 4262 984 4316 substerri
1002 4262 1058 4316 Β
1088 4263 1174 4317 his
1194 4262 1470 4318 substerni
1493 4268 1588 4319 Av
1667 4272 1730 4319 19
1764 4266 2160 4336 appellendum
2180 4284 2213 4321 v
2233 4269 2519 4336 appellan—

278 4344 367 4402 dum
414 4350 596 4405 PAB
740 4352 939 4422 hyeme
1000 4353 1054 4404 P
1195 4356 1497 4422 coeperunt
1551 4355 1609 4408 P
1668 4358 1934 4424 ceperunt
1987 4358 2042 4407 A
2107 4361 2410 4425 caeperunt
2466 4361 2521 4413 Β

279 4441 511 4510 coeperint
546 4458 583 4494 v
702 4446 772 4494 20
809 4441 1080 4510 papulum
1117 4457 1255 4497 corr.
1294 4442 1561 4511 pabulum
1601 4444 1656 4497 A
1772 4451 1837 4497 21
1878 4444 2228 4513 egredientes
2266 4464 2299 4500 v
2335 4463 2518 4516 regre·
2541 4467 2553 4477 ·

278 4524 438 4585 dientes
468 4529 662 4584 PAB
804 4536 870 4583 22
911 4530 1063 4598 quod
1099 4529 1378 4600 recipiunt
1413 4533 1468 4585 Β

347 4630 457 4670 Ono
489 4641 556 4669 DE
588 4639 709 4667 aaut
740 4638 778 4668 c.
2023 4632 2090 4680 16
