3178 5185
608 398 733 462 146
1286 406 1667 463 ΟΟΜΜΕΝΤ.
1706 409 1786 462 IN
1825 406 2201 463 VARRONIS

607 560 960 639 fructum]
1012 564 1162 635 Iam,
1215 562 1369 642 quod
1421 582 1535 623 una
1575 581 1707 623 cum
1750 566 2015 624 nondum
2054 564 2193 642 poni
2232 579 2349 622 non
2399 570 2648 643 poterat,
2694 548 2878 641 priore

608 667 736 727 loco
786 667 989 729 delevi.
1066 669 1211 730 aliae
1270 680 1411 730 sunt
1468 688 1606 730 oves
1659 689 1807 749 quae
1857 656 2154 751 nondum,
2206 669 2351 729 aliae
2400 663 2548 748 quae
2608 671 2718 728 iam
2773 687 2881 728 non

604 774 861 855 amplius
910 775 1171 837 fructum
1218 776 1358 837 dare
1407 785 1676 856 possunt.

783 881 823 944 3
888 883 1145 962 Apicas
1194 883 1698 964 appellabant]
1758 884 1921 945 Paul.
1962 904 2084 945 exc.
2125 884 2279 945 Fest.
2319 903 2374 963 p.
2415 881 2518 966 25,
2562 880 2642 944 13
2698 883 2884 961 Apica

611 993 841 1051 dicitur
888 994 1012 1052 ovis
1059 1010 1217 1066 quae
1254 999 1521 1054 uentrem
1564 995 1848 1067 qlabrum
1886 996 2090 1054 habet.
2166 1010 2300 1052 nam
2340 1010 2407 1051 ex
2447 990 2709 1051 Varrone
2746 990 2885 1049 haec

611 1099 794 1175 petita
851 1106 1018 1181 sunt,
1078 1118 1194 1160 non
1249 1102 1447 1160 minus
1505 1117 1681 1178 quam
1735 1117 1882 1178 quae
1943 1098 2306 1178 praecedunt
2353 1098 2582 1157 Arcum
2639 1098 2886 1157 dicimus

602 1224 820 1280 aarum
867 1209 1123 1268 necdum
1169 1215 1367 1268 satum
1414 1226 1484 1267 ex
1533 1207 1558 1266 Ι
1597 1204 1698 1268 29.

780 1311 1039 1374 Caudis
1087 1313 1474 1374 obseruate
1522 1322 1598 1374 ut
1647 1316 1791 1375 sint
1838 1316 1908 1373 in
1956 1313 2157 1374 italia
2218 1312 2525 1394 prolixis
2584 1312 2654 1370 in
2704 1311 2884 1389 syria

599 1417 985 1497 breuibus]
1046 1423 1385 1483 Observare
1424 1421 1608 1482 codex
1654 1420 2032 1487 Florentinus
2071 1430 2132 1481 et
2177 1420 2467 1481 Caesenas
2507 1427 2566 1479 et
2606 1420 2884 1497 impressa

604 1525 741 1585 inde
792 1545 822 1586 a
870 1529 1140 1608 principe
1198 1528 1456 1589 editione
1506 1528 1878 1608 exemplaria.
1955 1546 2063 1607 pro
2119 1528 2233 1588 hoc
2281 1530 2607 1589 observant
2661 1526 2884 1604 scripsi.

603 1650 736 1692 nam
780 1635 839 1693 in
880 1633 987 1693 hac
1026 1635 1427 1714 descriptione
1461 1653 1656 1714 neque
1687 1636 2070 1714 imperativus
2100 1653 2293 1713 neque
2333 1634 2660 1695 infinitivus
2698 1632 2884 1693 locum

601 1738 842 1801 habent.

772 1844 816 1907 4
879 1846 957 1918 Id⁴
994 1848 1165 1908 fieri
1204 1867 1281 1908 ex
1322 1847 1598 1909 duabus
1640 1848 1855 1909 rebus
1892 1857 2134 1928 potest
2172 1845 2684 1925 animadverti]
2724 1850 2887 1907 Fieri

601 1952 736 2013 libri
786 1972 962 2015 manu
1002 1957 1209 2034 scripti
1259 1973 1490 2034 omnes;
1542 1955 1926 2035 neglegenter
1975 1955 2197 2015 codicis
2254 1958 2611 2033 scripturam
2660 1953 2880 2014 Politia-

596 2079 711 2122 nus
758 2060 1076 2123 adnotavit.
1149 2062 1251 2122 sed
1301 2070 1464 2123 recte
1514 2061 1735 2123 Merula
1786 2066 1853 2123 id
1890 2061 2030 2137 sere
2077 2081 2156 2123 ex
2203 2064 2441 2123 duabus
2479 2064 2679 2123 rebus.
2751 2080 2876 2122 nam

541 2235 546 2240 ,
587 2171 738 2241 sieri
782 2167 852 2228 de
901 2170 975 2229 iis
1023 2171 1125 2248 qui
1175 2169 1392 2229 habent
1448 2187 1634 2248 pecus
1691 2168 1832 2229 boni
1887 2171 2130 2229 seminis
2187 2186 2393 2249 parum
2457 2176 2591 2248 apte
2653 2169 2876 2229 dicitur.

587 2272 735 2348 fere
781 2284 977 2335 autem
1026 2275 1097 2335 de
1145 2278 1217 2336 iis
1265 2294 1415 2355 quae
1464 2275 1637 2354 vulgo
1693 2276 1840 2336 fiunt
1897 2293 1926 2334 a
1975 2274 2234 2336 Varrone
2292 2275 2516 2336 dictum
2573 2285 2664 2337 est
2710 2295 2873 2355 saepe

597 2389 656 2441 et
699 2383 757 2441 in
797 2381 972 2441 simili
1016 2385 1308 2443 sententia
1352 2380 1492 2464 114,
1525 2379 1608 2443 13
1647 2385 2141 2444 animadvertunt
2169 2382 2309 2458 fere
2348 2402 2426 2444 ex
2457 2388 2657 2460 primo
2678 2391 2874 2460 partu.

777 2487 1025 2549 Tortis
1064 2489 1411 2550 cornibus
1449 2492 1722 2570 promis
1761 2489 1840 2550 ad
1870 2497 2187 2550 rostrum
2225 2491 2421 2551 rauis
2460 2489 2692 2550 oculis
2729 2490 2873 2550 lana

600 2598 881 2674 opertis
940 2596 1237 2657 auribus
1294 2598 1508 2678 ampli
1563 2606 1859 2678 pectore
1916 2606 1986 2658 et
2042 2596 2358 2677 scapulis
2414 2606 2483 2657 et
2548 2596 2870 2659 clunibus

588 2700 792 2779 latis]
834 2704 1085 2764 Incertis
1137 2707 1424 2765 cornibus
1456 2705 1609 2765 edita
1640 2713 1775 2766 ante
1806 2704 2130 2766 Victorium
2171 2704 2524 2783 exemplaria
2555 2725 2622 2765 ex
2657 2704 2867 2765 Colum.

597 2807 794 2890 vl13,
824 2808 885 2872 3.
966 2816 1141 2897 tortis
1196 2831 1263 2872 ex
1315 2812 1518 2873 codice
1574 2811 1872 2873 Victorius
1927 2814 2210 2873 restituit.
2287 2816 2503 2888 pronis
2558 2821 2618 2872 et
2673 2811 2870 2872 deinde

595 2919 852 2978 auribus
910 2922 1123 2994 amplis
1175 2919 1428 2999 Merula,
1489 2924 1683 2997 amplo
1731 2928 1985 2996 pectore
2033 2918 2314 3000 UrsinuS,
2363 2918 2519 2998 quod
2579 2918 2767 2979 deleto
2820 2922 2871 2978 et

597 3023 997 3086 Schneiderus
1062 3029 1316 3106 recepit,
1374 3032 1569 3103 amplo
1619 3034 1896 3106 pectore,
1953 3030 2221 3103 scapulis
2279 3033 2338 3086 et
2393 3029 2672 3087 clunibus
2726 3029 2869 3086 latis.

598 3131 757 3192 hunc
804 3134 863 3192 in
912 3132 1093 3193 altera
1142 3132 1401 3193 editione
1442 3141 1685 3195 secutus
1725 3152 1877 3214 sum,
1917 3136 2054 3213 quia
2094 3142 2152 3194 et
2190 3135 2536 3194 concinnior
2575 3132 2869 3193 videbatur

599 3238 774 3299 lectio
814 3247 874 3299 et
923 3242 1104 3319 magis
1153 3243 1469 3301 convenire
1520 3260 1656 3306 cum
1703 3243 2041 3320 praeceptis
2089 3239 2444 3300 Columellae
2492 3239 2526 3299 l.
2566 3258 2616 3299 c.
2656 3247 2714 3300 et
2748 3257 2869 3318 geo-

590 3347 938 3423 ponicorum
978 3346 1162 3407 XVIII
1203 3346 1256 3408 1.
1333 3347 1433 3408 sed
1475 3367 1616 3407 vera
1657 3366 1788 3408 esse
1826 3356 1972 3427 puto
2013 3365 2163 3427 quae
2201 3348 2262 3405 in
2304 3346 2621 3426 archetypo
2661 3349 2867 3425 scripta

591 3460 786 3531 erant,
853 3458 1061 3530 ampli,
1120 3462 1372 3531 pectore
1432 3462 1490 3515 et
1543 3458 1811 3531 scapulis
1873 3463 1931 3515 et
1987 3457 2268 3530 clunibus
2324 3457 2479 3514 latis
2564 3473 2698 3514 nam
2763 3471 2869 3512 non

590 3558 780 3618 solum
828 3578 1046 3640 corpus
1098 3569 1157 3621 et
1205 3560 1469 3622 membra
1509 3564 1778 3641 corporis
1827 3560 2016 3640 ampla
2056 3560 2358 3641 dicuntur,
2403 3560 2505 3620 sed
2546 3563 2719 3622 etiam
2759 3561 2868 3619 ani·

590 3665 756 3725 malia
825 3668 949 3746 ipsa
1019 3685 1171 3747 quae
1241 3667 1433 3746 amplo
1502 3686 1752 3747 corpore
1818 3677 1985 3750 sunt,
2053 3645 2301 3746 gallinae
2347 3663 2605 3750 1119,4
2662 3676 2721 3728 et
2776 3663 2867 3745 19,

589 3790 831 3833 anseres
879 3770 956 3833 ΙΙΙ
999 3772 1098 3855 10,
1127 3772 1186 3852 2,
1235 3774 1509 3835 cochleae
1560 3774 1640 3833 111
1685 3772 1783 3857 14,
1811 3773 1874 3836 4.
2424 3847 2427 3848 ⁷

768 3876 809 3941 5
872 3880 1035 3941 lure
1085 3884 1354 3942 utimur
1394 3902 1472 3942 eo
1513 3901 1656 3969 quo
1695 3882 1805 3942 lex
1844 3881 2357 3962 praescripsit]
2407 3883 2584 3955 Quod
2618 3883 2677 3942 in
2714 3882 2863 3961 prin·

604 3987 732 4065 cipe
789 3985 1044 4046 editione
1101 3986 1423 4048 Politianus
1479 4006 1598 4048 non
1659 3990 1942 4068 correxi13
2007 4006 2123 4063 quo
2180 3990 2239 4047 in
2304 3988 2624 4068 archetypo
2692 3989 2860 4048 fuisse

598 4111 924 4152 consensus
950 4094 1421 4172 apographorum
1445 4094 1634 4155 docet.
1697 4114 1889 4173 neque
1921 4104 2116 4155 tamen
2143 4095 2296 4155 hanc
2325 4095 2562 4156 dicendi
2587 4097 2861 4156 rationem

592 4199 840 4259 Varroni
882 4199 1252 4268 tribuendam
1293 4222 1424 4262 esse
1473 4213 1638 4284 puto,
1676 4211 1742 4263 ut
1784 4220 1899 4263 non
1937 4204 2189 4282 repetito
2229 4202 2407 4263 verbo
2448 4202 2518 4263 ad
2560 4202 2857 4263 ablativum

594 4309 845 4366 nominis
885 4325 1087 4368 casum
1127 4308 1434 4370 relativum
1475 4328 1804 4387 pronomen
1845 4309 2375 4370 accommodaverit
2412 4311 2472 4370 in
2509 4310 2684 4371 huius
2713 4308 2853 4368 modi

591 4415 912 4495 sententia,
970 4411 1132 4475 ‘iure
1192 4418 1415 4475 utimur
1475 4434 1544 4475 eo
1595 4435 1711 4494 quo
1769 4419 1856 4476 uti
1906 4416 1997 4476 lex
2044 4412 2482 4496 praescripsit'.
2560 4420 2745 4495 itaque
2790 4432 2850 4471 ex

591 4517 762 4578 editis
810 4520 998 4581 adhuc
1048 4521 1480 4599 exemplaribus
1528 4526 1693 4597 quod
1735 4528 1836 4584 lex
1874 4527 2282 4600 praescripsit
2335 4526 2552 4603 recepi.
