3178 5185
758 414 1015 470 RERVM
1052 412 1521 471 RVSTIOARVM
1559 415 1692 471 ms.
1733 416 1812 470 111
1855 412 1933 465 16
2385 379 2513 480 311

291 582 510 660 fugitivae
553 584 719 643 fiunt.
799 602 926 664 nec,
975 586 1026 644 si
1073 603 1145 644 ex
1193 583 1321 644 alvo
1367 585 1430 643 in
1477 583 1673 643 alvum
1720 586 1781 645 in
1830 584 2037 644 eodem
2086 585 2214 645 loco
2263 587 2516 665 traiciaS,

287 688 602 767 neglegenter
649 690 1002 751 faciendum.
1096 691 1199 751 sed
1247 699 1307 751 et
1353 693 1712 750 transiturae
1761 693 1881 752 sint
1930 710 2088 770 apes,
2137 711 2205 752 ea
2251 695 2507 771 apiastro
2531 698 2611 753 22

288 797 688 878 perfricandum,
739 799 896 878 quod
936 799 1201 859 inlicium
1239 799 1353 859 hoc
1391 798 1525 878 illis,
1564 807 1625 859 et
1662 799 1777 858 favi
1813 799 2021 859 melliti
2060 801 2222 859 intus
2261 800 2519 879 ponendi

286 921 310 961 a
345 903 575 964 faucibus
623 923 742 965 non
791 905 992 985 longe,
1040 924 1132 985 ne,
1178 923 1315 965 cum
1362 905 1885 966 animadverterint
1931 914 2033 966 aut
2077 894 2337 986 inopiam
2385 924 2516 967 esse

245 1008 506 1070 5habuisse
567 1011 768 1071 dicitis
835 1013 915 1071 ait
980 1030 1117 1072 cum
1184 1013 1303 1072 sint
1364 1031 1504 1092 apes
1561 1012 1864 1100 morbidae
1929 1023 2174 1093 propter
2237 1015 2517 1093 primoris

283 1133 452 1175 vernos
492 1126 711 1198 pastuS,
760 1120 863 1198 qui
910 1138 979 1178 ex
1030 1118 1277 1179 floribus
1325 1122 1496 1180 nucis
1544 1139 1788 1199 graecae
1839 1129 1899 1181 et
1945 1139 2131 1181 cornu
2171 1121 2338 1200 fiunt,
2386 1139 2517 1180 coe-

279 1221 418 1282 liacas
465 1225 584 1286 fieri
640 1234 817 1305 atque
876 1229 1044 1287 urina
1102 1235 1270 1306 potas
1327 1229 1508 1288 refici.
1602 1228 1674 1288 de
1723 1230 1798 1288 iis
1842 1228 2136 1308 propolim
2183 1236 2419 1308 vocant,
2474 1246 2506 1287 e
2531 1232 2611 1289 23

262 1334 370 1407 'quo
426 1321 633 1392 faciunt
697 1335 770 1394 ad
838 1335 1099 1394 foramen
1165 1336 1446 1394 introitus
1505 1343 1843 1413 protectum
1900 1337 1960 1395 in
2017 1334 2207 1395 alvum
2264 1337 2516 1395 maxime

274 1424 472 1499 aestate.
555 1460 730 1519 quam
785 1460 911 1502 rem
961 1444 1138 1501 etiam
1185 1444 1422 1502 nomine
1471 1442 1679 1502 eodem
1726 1443 1943 1503 medici
1990 1452 2242 1504 utuntur
2289 1444 2352 1501 in
2400 1461 2518 1501 em-

225 1553 262 1591 1⁰
281 1543 495 1627 plastris,
545 1556 791 1627 propter
848 1567 1021 1627 quam
1072 1567 1197 1608 rem
1247 1551 1422 1608 etiam
1470 1551 1668 1609 carius
1716 1551 1776 1609 in
1827 1568 1990 1609 sacra
2041 1552 2129 1610 via
2178 1568 2353 1629 quam
2400 1548 2518 1609 mel

280 1653 418 1711 venit.
504 1655 804 1715 erithacen
871 1666 1105 1736 vocant,
1174 1655 1391 1734 quibus
1456 1656 1618 1716 favos
1686 1664 1983 1717 extremos
2041 1659 2198 1716 inter
2256 1674 2317 1717 se
2379 1675 2516 1717 con-

280 1755 542 1841 glutinant,
600 1762 757 1840 quod
815 1771 906 1823 est
962 1763 1106 1823 aliut
1162 1762 1332 1822 melle
1392 1763 1650 1841 propoli:
1704 1765 2008 1842 itaque'in
2057 1765 2171 1824 hoc
2220 1766 2336 1824 vim
2384 1781 2514 1823 esse

276 1863 544 1927 inliciendi.
637 1871 916 1948 quocirca
975 1887 1220 1929 examen
1280 1867 1383 1929 ubi
1440 1868 1644 1929 volunt
1700 1869 2040 1949 considere,
2097 1888 2233 1929 eum
2286 1888 2516 1929 ramum

272 1968 474 2033 aliamve
509 1994 682 2053 quam
721 1994 847 2035 rem
886 1974 1158 2035 oblinunt
1194 1975 1304 2034 hoc
1342 1976 1605 2035 admixto
1642 1977 1915 2054 apiastro.
1981 1977 2149 2035 favus
2187 1984 2294 2055 est,
2335 1996 2509 2056 quem
2534 1981 2616 2037 24

226 2080 259 2119 15
278 2077 468 2156 fingunt
498 2081 937 2142 multicavatum
979 2101 1010 2141 e
1050 2100 1203 2163 cera,
1242 2101 1378 2142 cum
1418 2082 1648 2160 singula
1687 2101 1825 2143 cava
1864 2101 2003 2142 sena
2037 2082 2218 2142 latera
2250 2083 2519 2164 habeant,

282 2194 394 2261 quot
448 2189 686 2266 singulis
751 2189 934 2267 pedes
1000 2188 1164 2249 dedit
1228 2196 1453 2249 natura.
1556 2208 1750 2268 neque
1817 2208 1965 2268 quae
2030 2188 2383 2250 adferuntur
2446 2190 2519 2250 ad

283 2301 512 2368 quattuor
548 2314 645 2356 res
685 2296 1002 2374 faciendaS,
1048 2295 1358 2377 propolim,
1406 2297 1730 2376 erithacen,
1776 2297 1991 2377 favum,
2026 2296 2160 2377 mel,
2198 2315 2267 2356 ex
2307 2296 2519 2358 iisdem

281 2401 502 2464 omnibus
547 2403 730 2464 rebus
778 2412 1023 2483 carpere
1071 2402 1293 2463 dicunt.
1388 2403 1663 2483 simplex,
1710 2402 1866 2482 quod
1916 2423 1950 2463 e
1997 2402 2147 2462 malo
2194 2406 2413 2482 punico
2461 2407 2554 2465 et'

386 2652 412 2699 2
452 2649 858 2721 neglegendum
903 2649 991 2702 ’cer
1035 2664 1171 2702 corr.
1210 2646 1575 2717 neglegenter
1615 2649 1666 2700 A
1704 2646 2057 2716 negligenter
2104 2647 2176 2714 V,
2218 2649 2281 2702 in
2319 2649 2522 2703 lacuna

176 2729 183 2738 ’
282 2747 353 2788 om.
390 2737 440 2796 B,
573 2740 670 2795 sed
731 2742 787 2793 et
842 2739 912 2807 (si
958 2740 1085 2793 add.
1134 2738 1239 2806 A2)
1294 2737 1634 2792 transiturae
1691 2737 1804 2791 sint,
1855 2737 2037 2791 PAB
2085 2738 2182 2792 sed
2231 2737 2277 2791 si
2322 2738 2521 2791 transi-

282 2823 399 2878 turae
432 2831 553 2882 sunt:
586 2847 620 2884 v
765 2836 796 2881 3
839 2827 1255 2896 perfricandum
1303 2827 1355 2879 V
1384 2825 1739 2896 perfricanda
1777 2828 1895 2880 Am
1931 2843 2031 2896 per
2068 2843 2188 2881 cum
2226 2828 2431 2881 lacuna
2468 2827 2521 2878 Β

385 2921 413 2968 4
444 2934 508 2971 ne
547 2936 672 2972 eum
714 2919 824 2971 VB
862 2934 963 2971 nee
1002 2933 1127 2970 cum
1158 2918 1289 2969 Am.
1350 2915 1511 2969 ‘Cum
1546 2917 1805 2969 maiorem
1841 2916 2052 2968 nullam
2081 2931 2235 2992 'opem
2262 2916 2523 2970 studiosis

280 2999 378 3056 dare
422 3008 645 3077 possim,
705 3009 948 3076 priscam
1010 3006 1343 3073 scripturam
1405 3005 1520 3059 illis
1583 3006 1888 3059 ostendam:
1950 3003 2036 3057 Ne
2093 3021 2216 3057 eum
2271 3004 2521 3059 animad-

283 3093 524 3163 uenerint,
579 3099 680 3151 aut
737 3096 984 3166 inopiam
1033 3112 1154 3149 esse
1199 3093 1458 3148 habuisse
1507 3093 1695 3147 dicitis
1743 3093 1826 3147 ait
1872 3110 1995 3147 cum
2043 3092 2163 3146 sint*
2202 3108 2335 3162 apes
2385 3095 2515 3149 etc)

292 3174 518 3238 Victorius
657 3185 909 3255 inopiam
949 3201 1068 3238 esse
1104 3183 1369 3236 habuisse
1407 3182 1595 3237 dicit-‚is
1624 3183 1747 3238 AB
1783 3184 2029 3252 inopiam
2068 3198 2222 3237 essae
2260 3180 2521 3238 habuisse

289 3263 428 3325 dicitis
465 3274 516 3326 P
547 3273 798 3344 inopiam
837 3290 996 3328 escae
1035 3272 1297 3326 habuisse
1337 3271 1557 3326 dicatur
1594 3289 1624 3326 v
1771 3278 1803 3326 5
1842 3272 1924 3326 ait
1961 3287 2085 3326 cum
2125 3272 2239 3325 sint,
2275 3272 2398 3326 PB
2435 3274 2524 3326 att

286 3368 375 3409 cum
421 3365 538 3417 sunt
573 3364 629 3417 A
685 3366 786 3417 aut,
831 3380 957 3416 cum
1005 3363 1135 3414 sunt
1178 3378 1210 3414 υ
1359 3366 1387 3415 7
1446 3363 1614 3428 atque
1660 3361 1823 3415 urina
1869 3364 2032 3430 potas
2074 3360 2188 3414 PA
2237 3363 2407 3428 atque
2454 3362 2523 3415 iis

282 3445 406 3506 potas
439 3450 629 3507 lacwna
660 3458 789 3520 post
825 3451 892 3506 iis
928 3451 1119 3504 relicta
1147 3450 1201 3502 Β
1239 3452 1408 3516 atque
1447 3448 1609 3503 urina
1644 3452 1781 3519 pota
1816 3467 1848 3504 v
1993 3448 2170 3520 refici]
2201 3449 2324 3503 fieri
2351 3450 2521 3519 refici,

286 3533 352 3584 Sed
371 3534 470 3591 fieri
494 3540 719 3594 deletum
740 3541 795 3593 A
902 3545 933 3593 9
970 3556 1079 3607 qua
1108 3556 1223 3592 rem
1246 3539 1436 3607 priore
1464 3540 1578 3592 loco
1597 3539 1652 3591 A
1763 3544 1830 3592 10
1860 3537 2063 3609 carius]
2097 3556 2267 3593 canus
2288 3540 2345 3593 A
2456 3546 2519 3593 11

290 3618 515 3681 erithaoen
560 3630 614 3681 A
674 3629 999 3683 erhithacen
1050 3629 1105 3681 P
1156 3628 1451 3681 rhithacen
1496 3644 1544 3682 v.
1620 3628 1909 3681 erithacen
1957 3632 2162 3682 vocant
2208 3629 2272 3682 iu
2319 3631 2524 3683 lacuna

290 3721 361 3762 Om-
383 3712 427 3766 Β
558 3735 670 3786 quo
707 3716 868 3772 fanos
900 3718 1194 3771 Iucundus
1338 3716 1483 3770 inter
1521 3732 1578 3770 se
1610 3716 2003 3784 conglutinant
2030 3718 2152 3770 AB
2182 3716 2348 3770 simul
2375 3716 2523 3770 inter

295 3845 335 3883 fle
357 3841 714 3909 conglutinant,
736 3841 791 3893 P
818 3841 985 3896 simul
1014 3841 1403 3911 conglutinant,
1431 3857 1461 3894 v
1575 3847 1640 3894 12
1671 3826 1998 3909 quod⁰aliut
2027 3840 2194 3895 melle
2222 3841 2446 3910 propoli
2466 3843 2520 3895 A

293 3925 402 3984 quod
432 3935 505 3986 est,
539 3930 698 3987 aliud.
735 3930 902 3985 melle
938 3928 1163 4000 propoli
1190 3930 1244 3983 Β
1274 3929 1423 3997 quod
1453 3932 1540 3982 est
1567 3929 1721 3983 aliud
1748 3931 1862 3983 mel
1893 3947 1922 3984 e
1954 3929 2173 3999 propoli
2210 3928 2270 3983 V.
2341 3929 2523 3995 ‘Quod

294 4011 356 4062 est
390 4017 521 4073 aliud
557 4019 752 4086 melle,
799 4020 1038 4089 propoli.
1116 4020 1216 4074 Ita
1252 4020 1314 4072 in
1351 4036 1522 4072 manu
1558 4020 1781 4086 scriptis
1818 4019 2224 4088 antiquioribus
2259 4020 2523 4087 seriptum

295 4094 452 4157 inueni’
492 4109 765 4164 Victorius
876 4114 940 4161 13
970 4106 1260 4162 inliciendi
1286 4107 1342 4161 A
1377 4106 1653 4162 illiciendi
1682 4107 1793 4160 VB
1896 4113 1962 4161 14
1992 4106 2238 4161 admixto
2266 4106 2376 4160 VA
2408 4125 2523 4161 am-

296 4184 424 4245 mixto
453 4196 501 4250 B
630 4201 694 4251 15
734 4213 897 4251 caera,
945 4196 998 4249 V
1119 4212 1258 4250 caua
1306 4195 1359 4248 V
1392 4212 1561 4261 causa
1598 4197 1652 4249 A
1692 4212 1858 4250 causa
1885 4197 1942 4251 Β
2055 4197 2307 4263 habeant
2333 4199 2388 4251 A
2425 4200 2522 4252 ha-

297 4267 394 4329 beat
413 4298 456 4335 m
590 4292 655 4340 16
685 4286 847 4357 quob]
882 4286 1031 4355 quod.
1062 4286 1238 4339 VAB
1383 4285 1708 4339 adferuntur
1726 4287 1778 4339 A
1812 4284 2115 4340 afferuntur
2148 4286 2525 4354 VB.fortasse

300 4359 494 4436 adferunt
600 4381 663 4428 17
696 4374 1020 4428 erhithacen
1048 4374 1104 4426 P
1134 4374 1437 4428 erithocem
1465 4374 1584 4428 Am
1614 4373 1849 4428 erithaci
1877 4374 1934 4428 Β
1970 4374 2262 4428 rhithacen
2289 4392 2321 4430 v
2431 4378 2523 4431 iis-

302 4443 394 4503 dem
416 4449 505 4512 VB
531 4461 751 4516 hisdem
770 4462 825 4516 A
930 4467 994 4515 18
1016 4461 1298 4533 omnibus]
1330 4461 1519 4517 omnia
1539 4463 1809 4516 Gesnerus
1909 4478 2107 4530 capere
2127 4455 2323 4518 dicunt
2348 4465 2525 4521 VAB

312 4547 480 4608 carpere
502 4550 762 4606 dicuntur
790 4551 1087 4606 Iucundus
1229 4551 1381 4619 quod
1419 4569 1450 4606 e
1479 4550 1630 4606 malo
1660 4551 1954 4606 Iucundus
1981 4552 2130 4618 quod
2158 4552 2309 4608 malo
2348 4554 2524 4610 VAB
