3178 5185
475 486 478 491 Ι
559 401 687 464 124
1542 402 1911 458 VARRONIS

554 587 680 627 eam
729 568 912 628 fuisse
961 576 1354 645 opportunam
1403 567 1474 626 ad
1523 568 1835 628 colendum
1887 588 2062 646 quam
2110 569 2335 649 Asiam,
2382 573 2641 647 primum
2689 573 2846 649 quod

555 684 646 734 est
683 677 743 734 in
781 675 1040 755 Europa,
1078 675 1341 735 secundo
1382 674 1540 755 quod
1579 675 1726 735 haec
1765 678 2151 753 temperatior
2188 694 2327 753 pars
2368 666 2543 754 quani
2581 679 2848 737 interior.
2891 738 2896 743 ,

556 800 689 841 nam
746 783 908 841 intus
964 799 1151 858 paene
1205 783 1601 859 sempiternae
1651 781 1903 863 hiemes,
1961 801 2154 862 neque
2202 785 2445 857 mirum,
2505 784 2661 862 quod
2710 794 2850 845 sunt

555 890 828 966 regiones
884 889 1042 947 inter
1090 887 1380 948 circulum
1428 889 1976 967 septemtrionalem
2024 898 2084 949 et
2129 892 2286 949 inter
2334 890 2636 950 cardinem
2684 892 2848 972 caeli,

459 972 463 979 ¹
554 994 659 1054 ubi
727 993 815 1054 sol
881 997 1056 1054 etiam
1123 1013 1225 1054 sex
1282 995 1589 1054 mensibus
1647 997 1947 1055 continuis
2004 1014 2123 1056 non
2180 996 2431 1059 videtur.
2533 1000 2730 1076 itaque
2789 1002 2849 1058 in
2911 1004 2938 1041 5

556 1119 776 1161 oceano
825 1103 886 1160 in
935 1120 1001 1161 ea
1049 1108 1217 1179 parte
1257 1120 1331 1161 ne
1370 1104 1634 1179 navigari
1673 1103 1913 1180 quidem
1951 1120 2126 1179 posse
2165 1102 2373 1162 dicunt
2409 1113 2656 1182 propter
2691 1125 2855 1165 mare

501 1207 948 1286 5congelatum.
1040 1208 1402 1287 FundaniuS‚
1449 1208 1556 1268 Em
1605 1191 1798 1268 ibi'tu
1859 1210 2179 1287 quidquam
2236 1213 2400 1269 nasei
2454 1219 2629 1287 putes
2674 1230 2849 1289 posse

552 1324 654 1376 aut
711 1315 825 1375 ooli
872 1311 1118 1375 natum?
1212 1333 1413 1393 verum
1463 1317 1621 1375 enim
1670 1324 1761 1375 est
1808 1315 1949 1374 illud
1999 1315 2245 1396 Pacuvi,
2302 1311 2413 1376 ‘sol
2462 1319 2513 1376 si
2559 1328 2847 1397 perpetuo

552 1425 630 1483 sit
695 1430 797 1486 aut
852 1440 993 1496 nox,
1060 1422 1328 1481 flammeo
1384 1417 1624 1499 vapore'
1683 1430 1784 1482 aut
1841 1422 2059 1500 frigore
2118 1430 2312 1483 terrae
2372 1424 2599 1483 fructos
2656 1427 2850 1485 omnis

551 1531 814 1590 interire.
907 1547 1015 1606 ego
1063 1528 1185 1608 hic,
1243 1527 1346 1587 ubi
1393 1548 1507 1588 nox
1555 1536 1616 1588 et
1661 1530 1790 1589 dies
1840 1529 2067 1589 modice
2118 1530 2272 1589 redit
2320 1540 2379 1590 et
2427 1529 2574 1611 abit,
2633 1539 2847 1611 tamen,
2881 1538 2937 1576 1⁰

552 1640 834 1697 aestivom
890 1636 1045 1695 diem
1103 1638 1154 1694 si
1213 1654 1328 1694 non
1387 1634 1761 1696 diffinderem
1818 1655 1948 1695 meo
2006 1639 2265 1696 insiticio
2325 1656 2530 1697 somno
2579 1638 2846 1718 meridie,

503 1747 756 1805 6vivere
812 1763 930 1803 non
986 1760 1240 1821 possem.
1332 1741 1453 1801 illic
1510 1744 1569 1800 in
1630 1745 1945 1802 semenstri
2002 1742 2096 1802 die
2153 1751 2255 1803 aut
2310 1751 2483 1804 nocte
2551 1763 2726 1822 quem
2773 1746 2846 1805 ad

554 1852 792 1912 modum
842 1852 1158 1929 quicquam
1208 1851 1328 1908 seri
1375 1856 1477 1909 aut
1515 1832 1775 1909 alescere
1814 1859 1916 1910 aut
1951 1852 2096 1910 meti
2135 1846 2367 1928 possit?
2458 1859 2663 1911 contra
2704 1852 2845 1930 quid

548 1961 608 2018 in
657 1958 818 2018 Italia
879 1956 1137 2017 utensile
1191 1975 1309 2015 non
1366 1956 1540 2016 n‘lodo
1601 1974 1716 2016 non
1774 1958 2066 2036 nascitur,
2125 1957 2229 2016 sed
2286 1959 2464 2017 etiam
2513 1977 2630 2017 non
2679 1977 2843 2037 egre-

551 2068 712 2144 gium
769 2062 877 2125 fit?
950 2064 1107 2143 quod
1164 2064 1253 2123 far
1309 2064 1609 2124 conferam
1668 2060 2007 2141 Campano?
2063 2064 2221 2141 quod
2278 2066 2544 2125 triticum
2606 2063 2843 2143 Apulo‘?
2877 2070 2932 2110 15

553 2171 709 2249 quod
759 2173 958 2231 vinum
1007 2168 1300 2232 Falerno?
1349 2170 1504 2249 quod
1553 2169 1749 2230 oleum
1790 2167 2084 2229 Venafro?
2173 2189 2291 2230 non
2341 2170 2654 2231 arboribus
2704 2191 2841 2232 con—

552 2366 731 2374 Μ-..Ῐῂ
748 2368 973 2373 ww·-

545 2484 698 2554 Ibiq3
746 2486 965 2540 italiam
1003 2485 1058 2538 A
1107 2485 1403 2538 dicendum
1450 2483 1640 2552 ibique
1677 2482 1896 2537 italiam
1926 2507 1996 2530 ω
2025 2485 2081 2536 Β
2119 2483 2358 2538 dicenda
2393 2484 2583 2555 ibique
2621 2485 2846 2541 italiam

557 2576 631 2631 V.
653 2577 885 2643 fortasse
905 2575 1216 2643 dicendum,
1245 2573 1328 2628 ibi
1348 2574 1500 2643 quod
1515 2572 1684 2628 Italia
1794 2579 1820 2626 1
1853 2575 2226 2643 opportunam
2246 2591 2277 2627 v
2309 2577 2640 2644 oportunam
2661 2577 2844 2632 ΡΑΒ

687 2672 720 2719 2
760 2665 912 2735 quod
947 2667 1034 2719 est
1073 2663 1131 2717 in
1169 2679 1379 2733 europa
1406 2665 1525 2716 Bm
1563 2661 1715 2731 quod
1753 2664 1840 2716 est
1878 2679 2086 2731 europa
2135 2663 2243 2715 VA
2390 2672 2422 2719 3
2461 2682 2603 2734 pene
2655 2667 2704 2719 V

545 2753 775 2825 hyemes
815 2754 868 2807 V
989 2760 1023 2807 4
1053 2751 1565 2821 septemtrionalem
1596 2752 1649 2804 A
1679 2751 2172 2822 septentrionalem
2214 2753 2327 2807 VB
2446 2761 2478 2807 6
2517 2771 2757 2809 occeano
2785 2757 2843 2809 B

691 2850 719 2898 7
770 2860 858 2897 em
905 2841 986 2896 ibi
1031 2843 1094 2895 tu
1151 2843 1428 2896 Victorius
1476 2841 1728 2895 emobitu
1773 2840 1894 2894 AB
1933 2839 2134 2894 Emobi
2179 2843 2241 2894 tu
2287 2848 2336 2896 et
2380 2845 2444 2897 iu
2490 2847 2736 2915 maryine
2782 2844 2842 2899 in

545 2934 775 3002 antiquo
814 2931 1006 3002 glossa
1043 2938 1172 2985 noffi
1201 2930 1335 2986 Loci
1367 2932 1422 2983 P
1446 2931 1528 2984 Eo
1565 2929 1661 2990 ibi,
1685 2932 1749 2983 tu
1778 2947 1810 2983 v
1958 2928 2260 2998 quidquam
2291 2931 2415 2985 AB
2454 2932 2754 3001 quicquam
2795 2935 2851 2988 V

687 3024 851 3091 putas
885 3022 1181 3075 Iucundus
1324 3026 1356 3074 8
1393 3020 1535 3073 illud
1563 3018 1763 3073 Paculi
1791 3020 1906 3073 PB
1935 3017 2076 3073 illud
2112 3019 2322 3088 piaculi
2350 3020 2466 3073 Am
2494 3021 2636 3074 illud
2664 3023 2841 3077 Pacu-

544 3114 623 3167 uii
660 3130 693 3167 v
714 3154 726 3168 .
741 3118 869 3182 post
895 3109 1037 3164 illud
1066 3111 1129 3163 iu
1155 3110 1403 3178 maryirte
1431 3110 1639 3163 minore
1665 3111 1947 3177 scriptura
1973 3109 2067 3163 sed
2093 3109 2276 3163 eadem
2304 3127 2473 3164 mauu
2501 3111 2843 3180 adscriptum

544 3208 621 3256 est
664 3208 798 3254 noffi
846 3201 956 3255 loci
1002 3200 1057 3253 A
1203 3204 1234 3251 9
1277 3199 1536 3252 flammeo
1574 3199 1631 3252 B
1678 3199 1877 3252 flameo
1915 3198 2035 3251 Am
2071 3198 2387 3252 flammineo
2438 3199 2487 3251 V
2627 3200 2839 3255 fructos

545 3297 668 3345 οἴη-εἶ
698 3291 879 3345 ΡΑΒ
907 3290 1121 3343 fruetus
1152 3286 1330 3341 omnis
1359 3305 1390 3341 v
1538 3292 1604 3340 10
1634 3286 1778 3357 abit]
1807 3286 1971 3341 habit
1998 3286 2054 3339 A
2200 3293 2264 3340 11
2295 3287 2511 3341 aestiuo
2541 3289 2630 3343 die
2662 3289 2840 3343 VAB

544 3380 823 3433 aestiuum
891 3378 1037 3431 diem
1097 3378 1333 3431 Ursinus
1476 3376 1826 3430 diffinderem
1873 3377 1989 3430 PB
2046 3376 2372 3430 difinderem
2419 3376 2475 3429 A
2528 3376 2839 3432 diffiderem

542 3486 574 3523 v
605 3499 617 3510 ·
649 3469 696 3522 e'
747 3468 806 3522 Si
865 3484 977 3521 non
1033 3465 1383 3521 diffinderem
1439 3482 1563 3520 meo
1620 3464 1866 3519 insiticio
1919 3480 2173 3519 somnum
2212 3466 2443 3519 meridie
2489 3465 2679 3521 uiuere
2724 3483 2839 3520 non

543 3560 606 3612 in
659 3560 906 3627 maryiue
961 3558 1259 3625 adscripsit
1304 3557 1368 3610 P.
1458 3555 1540 3608 ‘Si
1598 3572 1710 3609 non
1765 3553 2113 3607 diffinderem
2168 3569 2292 3607 meo
2349 3553 2595 3611 insititio
2641 3569 2836 3611 somno

543 3646 793 3701 meridie.
877 3647 993 3699 Hic
1048 3648 1197 3701 locus
1251 3646 1484 3713 turpiter
1540 3646 1793 3711 foedatus
1843 3648 1961 3697 erat
2005 3644 2068 3696 iu
2112 3646 2360 3698 omnibus
2405 3647 2618 3699 excusis
2654 3638 2837 3700 libris}-

542 3752 641 3790 uos
703 3738 767 3789 iu
828 3752 1000 3790 manu
1063 3736 1285 3804 scriptis
1348 3734 1756 3802 antiquioribus
1810 3750 1950 3802 perte
2013 3735 2284 3803 integrum
2338 3735 2676 3789 inueuimus:
2738 3736 2838 3789 hoc

542 3831 758 3879 tautum
793 3826 857 3879 in
892 3826 1008 3878 illis
1042 3825 1177 3878 uitii
1213 3830 1348 3890 erat,
1386 3825 1530 3892 quod
1567 3822 1797 3888 Sumnu,
1824 3839 1934 3891 pro
1969 3838 2154 3876 somno
2191 3825 2455 3892 scriptum
2493 3829 2636 3878 erat:
2671 3841 2837 3893 quam

541 3915 812 3969 maculam
877 3915 1007 3984 dum
1072 3914 1253 3968 tollere
1309 3914 1603 3967 uoluerunt
1657 3912 1874 3965 sinistri
1928 3913 2154 3979 quidam
2208 3915 2597 3979 emendatoreS,
2659 3914 2837 3981 mayis

541 4003 718 4058 locum
765 4002 1168 4072 inquinaruut’
1233 4002 1510 4056 Victorius
1655 4016 1778 4053 meo
1826 3998 2198 4054 insiticiosum
2245 4002 2464 4057 numeri
2512 4002 2601 4055 die
2644 4000 2834 4068 (diem,

540 4094 632 4146 sed
668 4094 834 4147 deleto
870 4110 926 4144 m
954 4093 1033 4160 A)
1059 4091 1239 4145 ΡΑΒ
1277 4106 1403 4145 meo
1439 4089 1710 4143 insiciossi
1747 4089 1964 4143 muneri
2003 4088 2149 4143 diem
2187 4108 2240 4145 m
2276 4092 2335 4144 in
2368 4109 2434 4146 eo
2461 4089 2834 4145 insiticiosum

540 4181 758 4234 muneri
803 4181 893 4236 die
930 4198 962 4235 v
1113 4187 1177 4234 12
1224 4197 1446 4249 possem
1481 4196 1534 4232 m
1572 4180 1868 4232 Iucundus
1913 4178 2123 4249 possim
2160 4197 2192 4233 v
2241 4197 2467 4249 possum
2509 4180 2690 4234 ΡΑΒ

542 4269 837 4324 semenstri
877 4270 1059 4324 ΡΑΒ
1097 4269 1348 4325 semestri
1375 4286 1408 4322 v
1554 4273 1622 4321 13
1660 4266 1960 4336 quicquam
1996 4270 2094 4323 hoc
2132 4271 2242 4323 loco
2280 4269 2456 4323 VAB
2600 4269 2752 4338 posit
2781 4269 2836 4322 A

685 4364 752 4411 14
790 4359 847 4412 in
883 4358 1048 4413 italia
1092 4359 1148 4413 A
1294 4355 1584 4426 egregium
1621 4357 1687 4409 fit
1721 4357 1841 4409 AB
1892 4358 2168 4413 Victorius
2206 4359 2494 4427 egregium
2530 4357 2605 4411 sit
2645 4358 2696 4409 V

544 4452 607 4499 15
648 4463 919 4515 campano
970 4447 1019 4499 V
1055 4455 1269 4515 capano
1307 4446 1361 4499 A
1401 4462 1711 4518 campauno
1749 4448 1804 4499 B
1950 4448 2118 4515 apulo
2156 4448 2276 4501 AB
2315 4447 2522 4536 appulo
2572 4447 2624 4499 V
2767 4453 2833 4501 16

540 4537 772 4591 uenafro
824 4536 934 4589 VA
973 4537 1273 4591 uenefrano
1312 4538 1366 4589 B
