3178 5185
648 435 732 498 62
1332 441 1714 497 COMMENT.
1752 442 1833 495 IN
1869 441 2249 495 VARRONIS

651 598 713 656 in
760 596 924 656 Varr.
962 614 1018 675 p.
1064 594 1146 658 13
1196 595 1459 656 defendit
1513 596 1740 656 collatis
1798 598 1985 675 ipsius
2033 595 2271 656 Catonis
2318 594 2518 656 verbis
2559 591 2661 674 10,
2704 590 2734 653 1
2795 610 2931 667 quo-

646 706 820 764 modo
867 706 1085 763 oletum
1134 705 1280 777 apri
1324 706 1542 779 iuyera
1593 697 1810 765 CCXL
1858 707 2166 764 instruere
2212 708 2504 780 oporteat,
2553 719 2706 780 quae
2753 699 2930 757 Varro

647 810 1009 887 repetiverat
1062 806 1160 890 18,
1194 807 1258 890 1,
1313 809 1415 870 sed
1466 809 1662 871 addito
1720 811 1992 889 genetivo
2042 813 2188 885 apri
2238 818 2298 869 et
2354 807 2643 887 singulari
2688 825 2932 867 numero

647 919 942 976 olivetum.
1020 934 1203 994 quare
1262 918 1476 995 scripsi
1532 920 1595 976 in
1651 919 1855 977 oliveti
1907 917 2118 976 CCXL
2172 918 2420 990 iuqeris.
2496 915 2705 975 eodem
2769 913 2935 973 modo

648 1024 938 1102 scriptum
997 1032 1089 1082 est
1145 1020 1257 1104 22,
1296 1021 1336 1085 3
1402 1027 1607 1084 oliveti
1669 1026 1889 1098 iuyera
1955 1023 2168 1083 CCXL
2223 1025 2332 1097 qui
2390 1026 2635 1083 coleret.
2711 1023 2934 1096 iuqeris

647 1128 897 1190 ablativo
954 1147 1096 1190 casu
1152 1129 1370 1208 legitur
1425 1130 1450 1189 1
1494 1127 1683 1211 10,1,
1729 1131 2043 1204 iuqeribus
2087 1127 2115 1187 l
2155 1125 2255 1208 18,
2299 1125 2327 1187 1
2384 1136 2444 1188 et
2490 1126 2550 1190 5.
2608 1128 2687 1188 111
2735 1125 2839 1209 12,
2881 1124 2930 1206 1,

645 1237 917 1314 genetivo
977 1239 1290 1310 iuqerum;
1347 1236 1635 1315 singulari
1681 1221 1939 1296 numero
1998 1239 2277 1310 iuqerum
2334 1238 2536 1310 iuyeri
2587 1239 2822 1310 iuqero.

827 1343 931 1402 Ita
989 1344 1075 1403 rit
1129 1349 1205 1402 ut
1261 1360 1555 1402 saserna
1610 1340 1790 1401 dicit
1851 1360 2097 1402 uerum
2153 1340 2233 1401 ad
2293 1339 2336 1400 C
2393 1341 2642 1419 iugera
2696 1342 2929 1418 iugum

648 1469 826 1528 opus
874 1448 1018 1526 est]
1079 1439 1177 1508 Ita
1215 1452 1293 1521 sit
1350 1456 1417 1509 ut
1463 1450 1737 1509 Saserna
1795 1451 1966 1509 dieat
2019 1465 2226 1509 verum
2282 1450 2369 1508 ad
2422 1453 2663 1508 eentum
2720 1450 2931 1521 iuqera

647 1559 855 1630 iuqum
885 1574 1034 1632 opus
1063 1574 1191 1616 esse
1220 1574 1290 1615 ex
1321 1557 1592 1636 principe
1624 1554 1881 1616 editione
1912 1553 2213 1632 vulgatum
2245 1560 2388 1615 erat.
2463 1557 2552 1614 lta
2580 1557 2638 1614 si
2664 1554 2930 1614 Saserna

648 1666 801 1723 dicit
843 1695 915 1704 —
961 1680 1111 1739 opus
1149 1669 1240 1722 est
1277 1661 1696 1723 Schneiderus
1771 1667 1858 1723 ita
1891 1666 1966 1737 sit
2001 1670 2083 1739 ut,
2121 1666 2179 1723 si
2213 1663 2486 1723 Saserna
2525 1664 2678 1722 dicit
2713 1676 2932 1731 verum,

650 1772 737 1829 ad
787 1771 835 1828 C
877 1773 1095 1844 iuqera
1143 1773 1350 1844 iuyum
1397 1788 1546 1846 opus
1591 1773 1672 1830 sit
1717 1771 1954 1848 scripsi.

824 1875 1170 1937 Neutrum
1217 1877 1495 1936 modum
1543 1876 1796 1936 horum
1834 1894 2104 1936 omnem
2144 1876 2222 1935 ad
2264 1893 2507 1954 agrum
2547 1875 2932 1935 conuenire

649 1980 857 2060 puto]
926 1984 1175 2043 Modum
1237 1985 1298 2043 in
1355 2001 1413 2042 m
1470 1992 1528 2044 et
1587 1986 1648 2043 in
1704 1982 2048 2043 Florentino
2106 1983 2310 2043 codice
2377 1983 2664 2042 omissum
2725 1979 2932 2041 delevit

651 2086 970 2149 iucundus,
1048 2089 1207 2150 modi
1255 2098 1452 2151 autem
1500 2090 1783 2151 dicuntur
1829 2091 1932 2169 qui
1979 2108 2011 2149 a
2059 2088 2312 2150 Saserna
2360 2098 2421 2149 et
2466 2106 2498 2149 a
2537 2087 2757 2149 Catone
2800 2105 2930 2147 cou-

652 2197 848 2255 stituti
895 2205 1083 2278 erant,
1132 2215 1385 2276 quorum
1434 2205 1649 2258 neuter
1697 2196 1768 2257 ad
1816 2215 2051 2256 omnem
2101 2214 2308 2275 agrum
2356 2197 2652 2257 convenit.

808 2302 960 2363 Alia
991 2306 1175 2364 enim
1206 2313 1397 2364 terra
1430 2303 1717 2364 facilior
1746 2311 1869 2364 aut
1889 2302 2278 2363 difficilior
2306 2310 2415 2363 est
2443 2302 2651 2363 aliam
2677 2310 2929 2363 terram

654 2407 875 2468 boues
922 2412 1393 2488 proscindere
1432 2412 1574 2471 nisi
1613 2412 1887 2489 magnis
1925 2409 2210 2471 uiribus
2248 2428 2384 2469 non
2422 2407 2760 2490 possunt]
2799 2409 2930 2468 Alia

651 2518 811 2575 enim
859 2522 1031 2577 terra
1071 2517 1331 2594 facilior
1378 2525 1487 2578 aut
1533 2516 1851 2594 difficilior
1898 2524 1988 2578 est
2033 2520 2175 2578 alia.
2257 2517 2510 2577 Terram
2540 2518 2930 2594 proscindere

651 2640 771 2683 non
809 2626 933 2684 nisi
976 2626 1152 2687 boves
1201 2630 1438 2701 maqnis
1479 2627 1717 2686 niribus
1749 2633 2005 2703 possunt
2032 2624 2275 2706 Merula,
2314 2622 2416 2685 ubi
2452 2632 2684 2686 terram
2721 2626 2930 2683 duram

644 2732 1050 2804 proscindere
1085 2736 1207 2793 nisi
1242 2735 1417 2795 boves
1455 2735 1693 2806 maqnis
1730 2733 1963 2792 viribus
1996 2750 2115 2792 non
2146 2737 2402 2808 possunt
2428 2730 2731 2791 Iucundus
2760 2728 2927 2808 dedit,

651 2841 884 2895 terram
946 2839 1121 2899 boves
1170 2841 1574 2916 proscindere
1628 2841 1750 2898 nisi
1800 2841 2038 2912 maqnis
2076 2856 2202 2917 sqq.
2250 2836 2566 2898 Victorius,
2641 2836 2929 2915 archetypi

652 2943 1010 3021 scripturam
1060 2943 1462 3004 Schneiderus
1511 2945 1793 3004 restituit.

827 3047 870 3110 2
961 3050 1402 3129 Relinquunt
1474 3048 1841 3127 uomeres]
1943 3050 2248 3110 Vomerem
2321 3052 2523 3129 recepi
2607 3069 2677 3110 ex
2749 3049 2927 3109 Nonio

650 3174 706 3234 p.
746 3153 850 3237 80,
884 3153 964 3216 16
1027 3158 1223 3217 Varro
1272 3160 1348 3218 de
1404 3176 1475 3218 re
1520 3161 1759 3218 rustica
1806 3159 1903 3218 lib.
1946 3157 1987 3215 Ι
2025 3163 2085 3217 et
2135 3174 2319 3233 saepe
2365 3156 2583 3232 fracta
2641 3159 2792 3217 bura
2837 3174 2925 3215 re-

651 3265 889 3323 lincunt
931 3281 1228 3325 vomerem
1276 3268 1339 3324 in
1386 3282 1553 3325 arvo,

830 3367 978 3438 Quo
1019 3370 1458 3449 sequendum
1498 3369 1705 3431 nobis
1743 3371 1815 3429 in
1854 3368 2162 3448 singulis
2210 3369 2454 3431 fundis
2491 3370 2652 3430 dum
2698 3386 2924 3431 sumus

657 3477 962 3537 nouicii.
995 3477 1275 3555 triplici
1342 3477 1594 3556 regula
1662 3477 2070 3555 superioris
2134 3475 2404 3537 domini
2470 3479 2806 3538 instituto
2865 3482 2925 3534 et

654 3584 1062 3643 uicinorum
1111 3591 1179 3644 et
1217 3587 1672 3663 experientia
1711 3583 2037 3664 quadam]
2086 3586 2263 3657 Quod
2294 3587 2666 3659 sequendum
2703 3580 2925 3660 Merula,

653 3708 771 3764 quo
817 3693 1185 3764 sequendum
1230 3684 1569 3773 (sequenda
1618 3684 1832 3774 voluit)
1881 3693 2051 3752 nobis
2099 3694 2161 3751 in
2206 3694 2462 3766 sinyulis
2502 3689 2741 3766 fundis,
2796 3691 2924 3749 dum

651 3814 856 3856 sumus
893 3799 1135 3871 novicii,
1182 3801 1409 3874 triplex
1444 3801 1681 3872 regula,
1719 3800 2060 3873 superioris
2098 3799 2328 3857 domini
2365 3800 2661 3858 institutio
2702 3803 2760 3856 et
2793 3797 2920 3855 vici-

654 3921 871 3964 norum
918 3910 978 3964 et
1022 3907 1405 3980 experientia
1443 3907 1746 3979 quaedam
1786 3903 2115 3985 IucunduS,
2172 3921 2290 3979 quo
2346 3906 2718 3979 sequendum
2770 3903 2924 3962 nobis

650 4042 739 4052 —-
779 4012 1078 4086 triplicem
1121 4014 1416 4090 repulam,
1460 4013 1799 4088 superioris
1846 4011 2078 4070 domini
2120 4012 2458 4071 institutum
2505 4017 2565 4072 et
2609 4012 2926 4070 vicinorum

655 4122 716 4177 et
768 4119 1211 4193 experientiam
1256 4119 1563 4191 quandam
1616 4115 2036 4177 Schneiderus,
2108 4114 2414 4196 archetypi
2471 4118 2820 4196 scripturam
2868 4116 2923 4173 in

653 4223 889 4283 luntina
947 4222 1207 4283 editione
1265 4224 1604 4284 restitutam
1651 4220 2002 4283 exhibuerat
2045 4220 2360 4283 Victorius.
2434 4224 2498 4283 in
2545 4222 2654 4283 hac
2690 4239 2918 4297 sequen-

654 4334 795 4392 dum
843 4349 962 4390 non
1010 4329 1206 4390 addito
1256 4331 1493 4389 nomine
1543 4329 1766 4389 dictum
1817 4337 1908 4390 est
1946 4328 2018 4388 de
2065 4330 2140 4388 iis
2188 4331 2324 4409 qui,
2381 4329 2523 4391 dum
2569 4331 2683 4408 ipsi
2728 4326 2920 4388 novicii

657 4446 813 4518 sunt,
860 4438 1224 4516 propositam
1273 4434 1344 4496 ab
1393 4435 1522 4496 aliis
1570 4454 1838 4497 normam
1887 4444 2224 4516 sequuntur
2280 4435 2371 4495 vel
2428 4439 2757 4515 praeceptis
2809 4433 2918 4512 qui·

651 4542 897 4602 busdam
945 4543 1264 4629 ducuntur,
1311 4545 1466 4604 sicut
1510 4541 1566 4602 11
1607 4542 1662 4624 l,
1690 4540 1778 4604 24
1833 4549 1901 4604 ut
1945 4545 2192 4618 quidam
2240 4541 2491 4618 faciunt
2542 4544 2916 4620 sequendum,
