3178 5185
816 371 1073 426 RERVM
1112 372 1581 427 RVSTICARVM
1619 372 1753 426 LIB.
1796 373 1875 426 III
1916 366 2068 422 2-3
2466 373 2595 440 273

494 536 699 597 Merula
739 557 858 598 non
898 547 1153 620 gravate,
1201 539 1482 620 Primum,
1530 542 1742 620 inquit,
1791 540 2097 600 dominum
2135 540 2421 600 scientem
2462 559 2593 601 esse
2632 539 2710 598 Ill

313 652 542 721 oportet
583 664 782 705 earum
832 664 1064 726 rerum,
1122 665 1270 725 quae
1320 648 1378 706 in
1428 646 1560 705 villa
1610 648 1909 707 circumve
1959 665 2086 706 eam
2139 646 2467 723 [animalia]
2519 639 2598 707 ali,

312 769 377 810 ac
423 754 577 829 pasci
619 755 872 833 possint,
918 754 997 812 ita
1046 761 1113 812 ut
1160 752 1397 812 domino
1449 755 1566 813 sint
1618 754 1839 813 fructui
1888 772 1954 812 ac
2003 752 2396 813 delectationi.
2464 756 2593 814 eius

310 857 641 937 disciplinae
689 878 907 937 genera
957 855 1264 939 sunftria,
1313 859 1680 940 ornithoneS‚
1728 860 2035 940 leporaria,
2083 862 2362 939 piscinae.
2436 879 2594 920 nunc

262 979 284 1018 5
312 965 643 1026 ornithonas
692 966 826 1026 dico
876 967 1139 1026 omnium
1188 966 1421 1046 alitum,
1479 986 1629 1046 quae
1679 969 1833 1027 intra
1880 969 2137 1045 parietes
2187 966 2377 1027 villae·
2402 968 2596 1027 solent

308 1072 488 1149 pasci.
579 1072 870 1152 leporaria
944 1082 1003 1133 te
1070 1075 1338 1153 accipere
1406 1073 1534 1133 volo
1601 1092 1718 1133 non
1785 1093 1850 1133 ea
1919 1093 2069 1153 quae
2134 1076 2332 1134 tritavi
2399 1078 2644 1135 nostri2

309 1178 600 1259 dicebant,
657 1179 761 1240 ubi
820 1180 929 1239 soli
985 1180 1221 1259 lepores
1279 1183 1426 1262 sint,
1482 1181 1585 1240 sed
1636 1182 1832 1240 omnia
1883 1188 2110 1261 saepta,
2167 1182 2376 1242 adficta
2425 1181 2592 1241 villae

311 1302 459 1363 quae
511 1294 641 1346 sunt
688 1295 746 1347 et
795 1286 1015 1347 habent
1062 1286 1286 1348 inclusa
1335 1286 1635 1367 animalia,
1694 1305 1844 1365 quae
1891 1296 2228 1366 pascantur.
2321 1288 2592 1348 similiter

310 1377 558 1470 piscinas
610 1393 743 1454 dico
800 1412 927 1474 eas,
984 1412 1133 1473 quae
1189 1396 1250 1453 in
1307 1412 1457 1473 aqua
1513 1393 1673 1454 dulci
1720 1401 1822 1454 aut
1868 1393 2018 1453 salsa
2066 1394 2327 1455 inclusos
2374 1394 2596 1455 habent

242 1512 286 1551 10
309 1499 500 1575 pisces
542 1500 607 1560 ad
648 1500 863 1560 villam:
929 1501 1137 1560 harum
1175 1500 1402 1579 singula
1442 1519 1659 1578 genera
1701 1502 2009 1561 minimum
2049 1504 2108 1561 in
2148 1501 2317 1561 binas
2355 1503 2643 1580 species3

310 1603 488 1665 dividi
528 1615 794 1687 possunt,
842 1610 902 1668 in
951 1610 1142 1686 prima
1190 1615 1358 1686 parte
1410 1616 1475 1667 ut
1523 1609 1643 1667 sint
1691 1626 1840 1687 quae
1890 1616 2047 1668 terra
2086 1608 2262 1668 modo
2301 1611 2419 1669 sint
2457 1628 2591 1669 con·

309 1719 526 1792 tentae,
578 1724 645 1774 ut
701 1723 842 1775 sunt
900 1733 1159 1793 pavones
1213 1723 1485 1775 turtures
1532 1715 1721 1775 turdi:
1777 1714 1959 1774 altera
2009 1717 2207 1793 specie
2255 1725 2396 1776 sunt
2443 1735 2592 1795 quae

306 1837 420 1879 non
469 1831 603 1881 sunt
648 1830 963 1883 contentae
1014 1832 1171 1882 terra
1221 1821 1439 1900 solum,
1498 1821 1602 1881 sed
1651 1823 1827 1882 etiam
1876 1840 2086 1901 aquam
2136 1825 2477 1904 requirunt,
2527 1832 2593 1882 ut

308 1936 443 1987 sunt
496 1947 734 1989 anseres
796 1928 1238 2008 querquednlae
1299 1935 1516 1988 anates,
1612 1929 1697 1987 sic
1755 1927 2006 1988 alterurn
2066 1947 2254 2007 genus
2309 1928 2440 1988 illut
2496 1948 2588 1988 ve-

238 2046 280 2083 15
305 2035 556 2095 naticum
595 2036 743 2097 duas
782 2036 961 2096 hahet
999 2035 1263 2096 diversas
1302 2036 1551 2114 specieS,
1592 2053 1787 2115 unam,
1825 2036 1883 2093 in
1926 2053 2039 2113 qua
2080 2042 2170 2093 est
2208 2052 2350 2111 aper
2379 2052 2590 2114 caprea

307 2139 493 2223 lepns3
537 2142 717 2203 altera
767 2145 909 2203 item
958 2151 1122 2203 extra
1163 2141 1355 2201 villam
1397 2160 1545 2221 quae
1592 2149 1747 2220 sunt,
1795 2148 1862 2200 ut
1899 2159 2039 2219 apes
2078 2140 2352 2202 cochleae
2390 2141 2586 2218 glires,

305 2250 461 2308 tertii
515 2251 752 2327 generis
813 2248 1084 2328 aquatilis
1155 2251 1298 2309 item
1355 2250 1585 2326 species
1642 2246 1818 2325 duae,
1873 2247 2088 2323 partim
2147 2246 2303 2324 quod
2361 2246 2642 2307 habent4

439 2490 470 2537 3
508 2483 622 2538 eius
661 2482 998 2552 disciplinae
1037 2481 1172 2537 Geli.
1214 2483 1298 2535 II
1331 2485 1409 2537 20

406 2713 431 2760 1
462 2708 696 2776 grauate
729 2707 834 2761 VB
853 2708 1087 2776 grauate
1107 2721 1243 2761 corr.
1266 2720 1500 2774 grauate
1521 2710 1585 2758 ut
1602 2704 1819 2758 videtur
1837 2702 1893 2756 A
1910 2719 2145 2773 grauate
2166 2720 2219 2757 m
2321 2703 2589 2771 Primum]

306 2792 379 2848 De
424 2794 660 2851 scientia,
705 2794 956 2850 uillatice
1002 2793 1281 2864 pastionis
1330 2794 1388 2848 in
1425 2810 1629 2864 genere
1668 2794 1731 2847 in
1766 2793 2014 2861 Ματθίου
2049 2793 2274 2847 rubrica
2310 2792 2366 2846 A
2510 2792 2590 2845 in-

308 2883 420 2950 quit
457 2884 567 2939 VB
603 2883 805 2952 inquid
832 2885 888 2939 A
995 2890 1027 2937 2
1067 2883 1347 2938 circumue
1385 2891 1453 2939 εὖ,
1489 2881 1758 2937 animalia
1796 2881 1875 2936 ali
1903 2882 2022 2935 Am
2061 2880 2338 2935 circumue
2377 2897 2446 2934 ea
2473 2881 2590 2935 ani-

305 2973 465 3033 maiia
502 2974 582 3028 ali
604 2974 722 3027 PB
753 2974 1032 3028 circumue
1062 2989 1187 3027 eam
1216 2971 1294 3028 ali
1312 2990 1343 3026 v
1454 2979 1485 3027 3
1516 2973 1753 3041 possunt
1780 2987 1916 3027 corr.
1940 3002 2005 3010 —-
2036 2970 2122 3025 int
2141 2971 2196 3024 B
2304 2975 2337 3021 4
2366 2969 2475 3024 tria
2493 2970 2547 3023 B
2558 2987 2589 3024 v

305 3060 415 3117 trea
448 3079 588 3120 corr.
625 3062 740 3116 tria
766 3062 822 3117 A
858 3063 982 3116 trea
1010 3062 1066 3116 P
1179 3069 1210 3116 5
1250 3061 1374 3116 dico
1404 3061 1527 3116 AB
1566 3062 1842 3115 Victorius
1880 3059 2064 3115 dicam
2105 3059 2156 3112 V
2261 3064 2292 3112 6
2331 3074 2401 3110 ne
2439 3075 2505 3112 ea
2534 3060 2590 3113 A

435 3158 463 3206 7
505 3151 614 3207 soli
651 3152 872 3220 lepores
906 3148 1116 3204 Gellius
1152 3149 1235 3205 II
1266 3155 1362 3217 20,
1397 3154 1454 3217 2,
1493 3148 1646 3204 soliti
1682 3148 1901 3218 lepores
1949 3148 2126 3201 VAB
2233 3148 2394 3215 septa
2438 3145 2491 3198 V

306 3239 481 3296 afficta
510 3242 567 3294 P
598 3257 665 3294 ac
702 3240 836 3294 ficta
864 3240 919 3293 A
957 3239 1124 3292 aficta.
1151 3239 1206 3292 B
1244 3238 1414 3293 affixa
1448 3256 1496 3293 v.
1566 3239 1817 3305 τΑῇἦοία,
1855 3238 2054 3306 scripsi
2090 3252 2116 3291 e
2149 3236 2377 3290 uetustis
2406 3235 2587 3288 libris:

305 3335 453 3383 antea
487 3331 634 3384 enim
669 3330 735 3383 in
760 3330 972 3384 excusis
999 3327 1213 3396 Affioea.
1288 3326 1394 3382 Vbi
1429 3329 1494 3382 de
1527 3328 1787 3382 columbis
1816 3328 1932 3397 ayit
1958 3325 2120 3396 [III
2133 3329 2185 3391 7,
2206 3324 2290 3393 4],
2329 3325 2395 3377 in
2420 3341 2591 3379 manu

305 3421 537 3489 scriptis,
583 3425 634 3473 et
675 3419 858 3485 forma
901 3418 1115 3472 excusis
1155 3416 1393 3485 pariter,
1442 3415 1555 3470 Sub
1603 3416 1822 3469 ordines
1863 3414 2109 3485 sinyulos
2155 3412 2377 3466 tabulae
2416 3413 2587 3479 fictae.

305 3523 403 3562 mm
435 3510 609 3563 multo
637 3512 768 3576 post
804 3507 868 3560 in
904 3506 1151 3574 antiquis
1188 3510 1429 3571 tantum,
1476 3505 1715 3559 Duabus
1752 3504 1930 3572 uiryis
1967 3503 2195 3557 uiscatis
2230 3502 2455 3570 defictis,
2492 3506 2587 3557 etc.

304 3594 379 3652 De
423 3597 672 3652 Gallinis
718 3594 878 3666 [III
913 3600 974 3662 9,
1014 3595 1085 3664 7]
1093 3635 1111 3662 ,
1158 3584 1277 3648 Aut
1323 3594 1604 3662 exculpta,
1655 3597 1753 3647 aut
1800 3593 1991 3659 afficta
2027 3592 2280 3658 firmiter:
2328 3592 2490 3644 etiam
2526 3592 2590 3644 in

305 3683 587 3755 impressis’
624 3685 902 3740 Victorius
1011 3690 1041 3737 9
1082 3685 1181 3737 aut
1211 3685 1267 3752 (a
1295 3682 1476 3737 littera
1504 3684 1567 3736 in
1594 3699 1797 3736 raswra
1824 3682 2032 3749 scripta
2060 3681 2124 3733 in
2142 3681 2218 3749 A)
2240 3679 2390 3732 salsa
2414 3678 2589 3732 VAB

303 3776 383 3828 uel
416 3776 570 3830 salsa
597 3774 650 3828 m
765 3778 827 3825 11
871 3788 1012 3841 quae
1049 3773 1203 3827 terra
1241 3773 1417 3842 (terra
1451 3772 1878 3839 superscriptum
1914 3771 1976 3824 in
2006 3770 2081 3838 B)
2121 3769 2286 3823 modo
2321 3767 2435 3822 sint
2462 3783 2587 3820 con-

305 3865 476 3920 tentae
514 3862 633 3918 PB
671 3879 816 3931 quae
853 3864 1006 3916 terra.
1040 3861 1206 3916 modo
1247 3862 1375 3914 sunt
1413 3860 1710 3915 contentae
1748 3876 1779 3912 v
1819 3874 1925 3927 que
1961 3858 2115 3910 terra.
2141 3856 2309 3909 modo
2341 3855 2454 3907 sint
2482 3874 2588 3924 que

303 3968 398 4007 non
433 3956 568 4008 sunt
598 3952 864 4007 contente
903 3952 1049 4017 sunt,
1087 3951 1180 4004 sed
1217 3949 1329 4004 sint
1355 3950 1623 4003 subducta
1652 3949 1799 4002 linea
1826 3952 2075 4001 ‘notatum
2102 3950 2152 4000 et
2179 3960 2287 4014 que
2318 3959 2430 3997 non
2459 3947 2590 3998 eunt

305 4041 456 4098 deleta
493 4043 548 4096 A
588 4057 733 4110 quae
770 4042 920 4094 terra
955 4038 1122 4094 modo
1161 4038 1424 4093 contenta
1452 4038 1581 4091 sunt
1607 4055 1660 4091 m
1790 4042 1853 4090 12
1891 4038 1957 4088 ut
1994 4035 2104 4088 sint
2140 4050 2388 4103 pauones
2425 4033 2481 4088 A

305 4130 463 4188 altera
497 4129 690 4202 specie
720 4130 849 4183 su‘nt
888 4128 1000 4182 VB
1027 4129 1207 4182 altera
1243 4125 1458 4196 species
1498 4130 1628 4180 sunt
1654 4126 1787 4181 Am.
1852 4126 2084 4192 fortasse
2111 4123 2168 4177 in
2196 4123 2374 4176 altera
2402 4121 2587 4191 speeie

307 4224 414 4275 sunt
563 4226 631 4273 14
670 4218 1080 4286 querquedules
1111 4217 1297 4286 (deleto
1336 4216 1384 4284 s)
1435 4217 1492 4269 et
1529 4218 1724 4270 anates
1759 4215 1814 4268 A
1959 4213 2039 4267 sic
2085 4212 2321 4266 alterum
2373 4210 2482 4263 VB
2522 4210 2584 4278 ὃς

308 4307 364 4375 (h.
397 4327 436 4364 e.
476 4308 613 4374 Sed)
665 4306 908 4361 alterum
945 4307 1000 4360 A
1046 4306 1142 4361 sed
1192 4305 1431 4359 alterum
1477 4322 1530 4358 m
1675 4303 1809 4356 illut
1848 4303 1903 4356 P
1935 4301 2076 4355 illud
2113 4300 2275 4356 ABv
2422 4305 2487 4352 15
2525 4297 2587 4352 in

307 4401 419 4471 qua]
447 4406 524 4454 u'n
557 4414 675 4467 qua
703 4412 842 4451 corr.
866 4394 926 4449 in
946 4412 1057 4464 qua
1075 4394 1130 4447 A
1241 4410 1444 4462 caprea.
1461 4409 1493 4446 v
1515 4391 1707 4461 capria
1729 4392 1911 4445 PAB
2023 4396 2089 4443 16
2111 4405 2252 4458 quae
2273 4391 2404 4443 sunt
2426 4391 2586 4444 Amv

308 4487 385 4555 qui
416 4491 547 4545 sunt
589 4484 713 4540 PB
860 4482 1086 4539 cochlee
1122 4482 1246 4537 AB
1283 4482 1504 4535 cocleae
1549 4480 1604 4534 V

2051 4568 2160 4625 18*
