3178 5185
883 364 1141 418 RERVM
1181 364 1658 419 RVSTICARVM
1696 365 1830 420 121ss.
1870 367 1949 418 ΙΙΙ
1994 364 2071 421 16
2489 357 2618 422 289

339 526 395 578 et
442 519 528 577 sio
576 519 730 578 infra
778 516 818 593 ἓ
862 515 942 580 18
992 521 1056 578 in
1093 521 1304 579 eadem
1350 522 1483 579 alvo
1524 521 1739 598 scripsi
1777 519 1970 579 addita
2008 521 2445 598 praepositione
2485 539 2621 581 oon·

335 626 513 684 stanti
568 626 630 684 in
687 625 801 685 hoo
857 626 1209 703 pronomine
1267 643 1406 705 usu,
1471 623 1496 683 1
1533 622 1639 705 44,
1676 622 1735 686 4.
1792 624 1845 684 II
1884 623 1944 707 2,
1987 622 2085 686 10.
2144 625 2222 684 III
2266 624 2320 708 1,
2362 624 2418 687 7.
2466 624 2528 708 4,
2566 624 2624 689 3.

334 725 391 811 5,
432 727 533 791 17.
587 728 686 812 12,
725 729 784 792 2.
828 728 927 813 16,
965 729 1067 792 21.
1160 732 1220 791 in
1279 732 1524 809 reliquis
1592 731 1772 792 huius
1827 733 2064 809 generis
2123 732 2406 812 exemplis
2463 742 2625 793 certa

334 836 422 896 lex
471 855 591 897 non
640 846 748 918 est,
796 839 900 899 sed
948 838 1231 918 pleraque
1280 856 1414 898 cum
1464 839 1901 917 praepositione
1951 837 2106 898 diota
2164 847 2330 917 sunt,
2375 837 2543 920 148,
2584 837 2624 902 3

330 961 562 1003 summa
611 947 674 1004 in
719 947 891 1021 spica
939 953 998 1005 et
1045 946 1108 1004 in
1148 947 1356 1017 infima
1393 947 1584 1024 spica,
1630 943 1710 1003 111
1750 939 1809 1026 5,
1847 940 1888 1004 9
1937 946 2000 1004 in
2039 947 2154 1004 imo
2185 948 2391 1026 fluvio,
2420 946 2506 1007 ib.
2542 944 2619 1006 11

331 1053 391 1111 in
438 1053 719 1124 marqine
764 1054 944 1126 quasi
989 1053 1191 1123 infimo
1239 1059 1299 1110 et
1346 1053 1408 1111 in
1455 1069 1578 1126 qua
1625 1053 1854 1112 media:
1903 1068 2034 1110 nam
2084 1054 2286 1126 infimo
2333 1048 2504 1134 1115,
2541 1050 2623 1114 14

332 1155 598 1216 adverbii
644 1157 773 1217 loco
823 1166 929 1216 est.
1022 1158 1367 1234 saepissime
1418 1160 1479 1217 in
1528 1161 1658 1218 loeo
1707 1165 1765 1217 et
1812 1161 1874 1217 in
1921 1160 2095 1230 locis,
2145 1159 2274 1219 sine
2322 1161 2662 1238 praeposi-⁹

329 1266 490 1323 tione
538 1263 562 1322 I
607 1261 706 1345 13,
751 1261 782 1324 1
850 1269 980 1325 loeo
1038 1267 1227 1339 plano
1293 1267 1355 1323 in
1413 1267 1579 1325 cellis
1637 1272 1696 1324 et
1756 1263 1807 1322 ΙΙ
1843 1261 1905 1344 4,
1944 1260 2031 1324 20
2077 1272 2145 1324 ut
2186 1267 2450 1325 silvestri
2492 1269 2623 1326 loeo

330 1371 595 1446 dispersi
652 1389 729 1431 ne
789 1372 1166 1446 dispereant,
1227 1372 1340 1430 nisi
1402 1373 1464 1430 in
1524 1373 1790 1430 silvestri
1836 1372 2034 1449 potius
2083 1368 2464 1431 scribendum
2513 1381 2622 1451 est,

329 1476 381 1535 ΙΙ
420 1474 480 1558 5,
525 1474 609 1537 14
656 1481 803 1538 locis
849 1479 1149 1538 viridibus
1195 1484 1254 1536 et
1300 1479 1560 1551 aquosis,
1608 1475 1660 1536 11
1702 1474 1758 1558 7,
1796 1473 1878 1537 10
1918 1476 2172 1552 friqidis
2218 1481 2382 1553 Iocis,
2429 1477 2454 1537 1
2494 1474 2552 1556 6,
2581 1476 2622 1538 2

327 1586 529 1644 multis
574 1587 739 1659 loeis,
784 1582 811 1643 Ι
850 1581 908 1665 8,
946 1580 989 1644 5
1037 1587 1098 1643 in
1139 1587 1288 1643 Asia
1326 1587 1527 1644 multis
1564 1586 1730 1656 loeis,
1777 1581 1802 1641 Ι
1839 1580 1946 1665 44,
1990 1582 2020 1644 1
2074 1587 2135 1643 in
2175 1584 2436 1644 Etruria
2474 1588 2623 1646 loeis

329 1694 580 1765 aliquot,
641 1689 672 1749 Ι
709 1688 813 1771 34,
851 1688 891 1749 2
942 1694 1173 1765 aliquot
1214 1692 1593 1769 regionibus,
1656 1688 1708 1749 11
1752 1686 1851 1770 10,
1893 1687 1928 1750 7
1978 1693 2177 1750 multis
2233 1693 2623 1766 reqionibus;

327 1798 467 1856 item
517 1796 570 1855 ΙΙ
613 1795 670 1879 1,
712 1794 791 1856 19
831 1804 1027 1857 monte
1071 1796 1289 1871 Taqro,
1336 1795 1416 1855 ΙΙΙ
1451 1796 1504 1876 1,
1535 1771 1581 1856 '6
1631 1804 1690 1856 et
1738 1793 1795 1874 2,
1830 1792 1913 1855 14
1959 1799 2059 1856 via
2098 1798 2368 1873 Salaria,
2406 1798 2459 1857 11
2491 1796 2551 1879 2,
2579 1797 2623 1859 4

321 1903 533 1979 fronte
577 1907 723 1963 lana
770 1907 984 1978 vestiti,
1024 1906 1180 1964 sicut
1224 1902 1276 1963 ΙΙ
1308 1901 1366 1984 2,
1398 1901 1438 1965 3
1478 1911 1538 1963 et
1578 1900 1637 1982 7,
1666 1899 1709 1962 5
1746 1908 1867 1962 toto
1907 1920 2183 1979 corpore,
2222 1922 2340 1964 non
2382 1908 2446 1964 in
2484 1913 2622 1980 toto,

331 2008 409 2069 ΙΙΙ
453 2007 554 2090 16,
593 2007 676 2070 37
728 2014 854 2087 ipso
902 2027 1061 2071 vaso.

513 2113 590 2177 17
642 2116 738 2176 Ad
787 2126 1100 2177 extrema
1141 2134 1273 2195 qua
1313 2114 1628 2176 mellarii
1673 2116 1910 2175 fanum
1957 2117 2270 2176 eximere
2318 2125 2621 2195 possunt

329 2222 672 2301 opercula
718 2225 1097 2302 imponunt
1143 2222 1330 2284 aluis
1377 2225 1689 2302 optimae
1729 2222 1919 2283 fiunt
1959 2221 2348 2300 corticeae]
2383 2225 2624 2284 Possint

327 2330 482 2389 edita
531 2337 667 2390 ante
707 2328 1034 2390 Victorium
1073 2328 1448 2408 exemplaria.
1522 2329 1626 2389 sed
1676 2347 1851 2408 prava
1900 2329 2279 2389 distinetione
2327 2330 2503 2390 verba
2543 2329 2614 2390 ab

330 2435 661 2497 editoribus
709 2438 884 2497 etiam
934 2437 1121 2514 magis
1168 2440 1448 2514 corrupta
1495 2444 1683 2517 erant,
1731 2438 1818 2496 ad
1860 2441 2155 2515 extrema,
2192 2454 2313 2511 qua
2360 2439 2625 2497 mellarii

321 2542 533 2619 favum
581 2545 852 2605 eximere
889 2549 1158 2620 possunt,
1204 2545 1497 2619 opercula
1544 2545 1857 2619 imponunt
1901 2545 2069 2604 alvis.
2160 2546 2422 2622 optimae
2460 2546 2622 2617 fiunt

328 2653 661 2713 corticeae.
735 2652 794 2711 in
844 2648 1062 2728 quibus
1109 2649 1252 2710 illud
1300 2668 1650 2729 perversum
1697 2658 1806 2732 est,
1846 2650 2000 2728 quod
2050 2649 2121 2709 ad
2169 2658 2433 2712 extrema
2469 2651 2621 2711 fora-

333 2761 510 2841 mina,
548 2776 699 2837 quae
746 2759 807 2817 in
855 2757 1045 2817 media
1091 2765 1259 2836 parte
1306 2756 1419 2816 alvi
1466 2758 1617 2818 facta
1666 2765 1823 2839 sunt,
1862 2757 2140 2836 opercula
2186 2757 2467 2818 dicuntur
2513 2759 2619 2817 im·

336 2868 504 2946 poni,
552 2883 702 2943 quae
752 2882 870 2924 non
917 2871 1167 2942 possunt
1215 2882 1346 2924 esse
1395 2865 1507 2924 nisi
1556 2866 1620 2923 in
1666 2882 1894 2924 summa
1951 2872 2135 2944 parte.
2225 2864 2452 2924 viderat
2505 2862 2620 2924 hoo

334 2971 607 3052 UrsinuS,
639 2973 743 3050 qui
772 2978 838 3031 at
864 2980 1158 3045 extrema,
1190 2989 1308 3046 quo
1328 2974 1666 3047 —possint
1692 2970 2005 3048 legendum
2036 2989 2168 3031 esse
2198 2972 2466 3031 coniecit.
2514 2970 2618 3031 sed

329 3078 713 3140 scribendum
743 3085 871 3137 erat
898 3079 1098 3157 potius
1128 3080 1215 3138 ad
1240 3085 1593 3152 extremam,
1623 3095 1745 3152 qua
1790 3080 2056 3138 mellarii
2092 3077 2305 3153 favum
2351 3080 2620 3138 eximere

318 3188 574 3263 possint,
613 3188 905 3261 opercula
952 3187 1263 3261 inponunt.
1340 3187 1464 3244 alvi
1499 3187 1760 3260 optimae
1789 3187 1950 3256 fiunt
1985 3187 2308 3244 cortic-eae.
2382 3201 2518 3243 nam
2557 3184 2618 3243 in

328 3292 454 3352 alvo
504 3290 864 3351 instituenda
914 3290 1064 3350 duae
1112 3308 1209 3348 res
1270 3287 1689 3349 observantur:
1747 3290 1806 3347 in
1866 3288 2054 3349 media
2108 3297 2276 3367 parte
2333 3290 2619 3349 foramina

329 3400 498 3480 fiunt,
545 3407 612 3457 ut
657 3396 741 3456 ibi
787 3398 1036 3457 introire
1086 3413 1225 3475 apes
1272 3397 1532 3475 possint,
1580 3395 1651 3455 ad
1701 3403 2023 3456 extremam
2063 3403 2289 3474 partem
2339 3396 2616 3475 opercula

328 3506 725 3585 inponuntur,
787 3511 854 3563 ut
913 3502 996 3562 ibi
1054 3501 1307 3562 mellarii
1365 3502 1563 3562 favum
1627 3503 1884 3563 eximere
1945 3504 2192 3581 possint.
2284 3501 2496 3563 deinde
2544 3503 2617 3564 de

327 3612 573 3671 materie
622 3610 888 3670 alvorum
934 3609 1314 3688 praecipitur.

505 3715 1149 3777 vehementissime
1204 3715 1316 3775 hic
1374 3714 1947 3793 commonentur]
2004 3717 2123 3776 Hie
2178 3718 2240 3776 in
2298 3716 2502 3778 codice
2560 3738 2616 3779 m

330 3826 615 3884 omissum
652 3821 955 3883 Iucundus
993 3821 1306 3902 deleverat,
1346 3820 1646 3883 Victorius
1688 3841 1758 3882 ex
1807 3822 2124 3902 archetypo
2164 3825 2446 3886 restituit.
2499 3827 2618 3886 hae

332 3930 418 3990 vel
464 3932 620 3991 haee
665 3928 980 4008 legendum
1030 3930 1286 3988 coniecit
1331 3910 1650 3989 GesneruS.

512 4034 591 4098 18
650 4036 813 4097 Cum
861 4045 930 4097 et
978 4035 1258 4115 quidam
1306 4035 1558 4096 dicunt
1605 4038 1746 4096 tria
1794 4054 2054 4114 genera
2104 4053 2255 4096 cum
2304 4037 2448 4097 sint
2494 4037 2617 4099 du-

330 4162 484 4205 cum
530 4145 602 4203 in
649 4141 907 4221 apibus
956 4143 1161 4220 niger
1209 4141 1423 4202 ruber
1465 4145 1709 4203 uarius
1747 4151 1822 4203 ut
1870 4149 2315 4204 menecrates
2362 4143 2619 4205 scribit

328 4251 463 4311 duo
512 4252 716 4329 niger
763 4258 832 4310 et
876 4250 1129 4309 uarius
1176 4251 1295 4327 qui
1343 4251 1442 4310 ita
1490 4250 1745 4310 melior
1792 4259 1865 4311 ut
1913 4250 2246 4330 expediat
2292 4250 2614 4312 mellaria

330 4376 484 4419 oum
546 4357 679 4417 duo
742 4358 889 4417 sint
949 4356 1193 4416 eadem
1253 4355 1411 4417 aluo
1473 4357 1905 4418 interficere
1967 4359 2247 4436 nigrum
2308 4375 2460 4417 cum
2523 4360 2618 4418 sit

325 4483 484 4526 eum
533 4464 765 4524 altero
814 4481 980 4541 rege
1038 4482 1196 4524 esse
1254 4462 1709 4541 seditiosum]
1768 4465 1842 4525 Ut
1885 4467 2393 4551 quidamdicunt
2432 4498 2507 4506 —
2550 4473 2619 4525 ut

435 4576 589 4616 VARR.
619 4584 728 4615 nnn..
758 4583 894 4615 Bvs-r.
948 4574 1011 4615 II.
2126 4570 2189 4619 19
