3178 5185
813 402 1066 456 RERVM
1107 401 1579 456 RVSTICARVM
1616 401 1753 456 LIB.
1791 402 1818 454 Ι
1856 395 2099 489 33-38
2304 471 2307 475 ⁴
2484 401 2611 465 175

309 570 480 650 dum,
538 576 601 628 ut
648 571 698 628 si
746 576 973 647 segetes
1019 570 1324 650 instituas;
1383 570 1453 629 ad
1504 568 1793 649 quaedam
1845 567 2060 647 bipalio
2108 569 2387 629 vertenda
2437 574 2661 631 terra5

306 677 451 756 plus
518 684 618 736 aut
683 678 893 735 minuS.
1007 675 1150 736 aliae
1218 678 1375 735 enim
1444 676 1674 739 radices
1741 668 2051 754 angustius
2116 677 2481 757 diffundunt,
2545 684 2612 736 ut

308 785 604 863 cupressi,
653 782 794 842 aliae
846 782 1037 863 latiuS,
1084 780 1151 843 ut
1199 782 1435 863 platani,
1483 801 1672 861 usque
1722 802 1810 864 eo,
1857 790 1925 843 ut
1971 783 2415 863 Theophrastus
2465 785 2613 868 scri-⁴

306 890 413 950 bat
468 890 718 950 Athenis
784 892 843 949 in
911 889 1101 970 lyce0,
1167 908 1303 950 cum
1371 891 1548 949 etiam
1606 908 1765 950 nunc
1823 890 2094 968 platanus
2152 889 2376 950 novella
2437 899 2611 971 esset,

251 1011 277 1051 5
307 997 543 1058 radices
600 998 783 1056 trium
842 1003 900 1055 et
956 998 1196 1073 triginta
1253 995 1591 1055 cubitorum
1650 999 1859 1075 egisse.
1962 997 2248 1077 quaedam
2307 998 2354 1057 si
2413 996 2611 1057 bubus

307 1111 368 1164 et
416 1112 615 1164 aratro
664 1103 1046 1182 proscideriS,
1095 1112 1153 1162 et
1200 1103 1554 1182 iterandum,
1606 1113 1920 1183 antequam
1962 1122 2163 1164 semen
2202 1105 2397 1163 iacias,
2469 1105 2610 1163 item

307 1212 685 1289 praeparatio
737 1211 941 1288 siquae
989 1209 1055 1268 fit
1101 1211 1163 1268 in
1209 1211 1415 1290 pratiS,
1462 1208 1523 1268 id
1571 1217 1663 1269 est
1710 1219 1777 1270 ut
1824 1210 2217 1271 defendantur
2255 1229 2284 1269 a
2324 1213 2612 1291 pastione,

309 1317 469 1395 quod
530 1317 655 1377 sere
716 1316 1035 1375 observant
1081 1335 1111 1374 a
1160 1318 1289 1394 piro
1338 1315 1616 1398 florente3
1675 1320 1726 1378 si
1771 1320 2003 1395 inrigua
2053 1327 2217 1398 sunt,
2274 1328 2342 1377 ut
2388 1325 2610 1395 tempe-

308 1425 461 1483 stive
508 1426 868 1503 inrigentur.

226 1548 279 1586 ιο
491 1529 654 1600 Quae
720 1529 848 1590 loca
906 1532 966 1589 in
1025 1548 1164 1608 agro
1224 1531 1630 1610 stercoranda,
1697 1532 2039 1610 videndum,
2105 1539 2164 1591 et
2222 1533 2324 1610 qui
2388 1539 2449 1591 et
2514 1550 2631 1610 quo
2669 1530 2933 1590 XXXVII

303 1655 526 1716 genere
582 1639 965 1715 potissimum
1021 1637 1227 1697 facias:
1288 1655 1421 1697 nam
1470 1638 1814 1698 discrimina
1864 1641 1994 1699 eius
2043 1636 2283 1717 aliquot.
2378 1646 2613 1699 stercus

306 1746 604 1823 optimum
665 1744 878 1805 scribit
935 1762 1067 1804 esse
1125 1745 1365 1805 Cassius
1420 1744 1777 1823 volucrium,
1843 1753 2081 1824 praeter
2139 1744 2491 1823 palustrium
2549 1763 2615 1804 ac

305 1853 598 1911 nantium.
694 1852 766 1911 de
817 1852 982 1911 hisce
1030 1858 1334 1929 praestare
1383 1851 1807 1931 columbinum,
1858 1852 2015 1930 quod
2065 1853 2143 1911 sit
2190 1851 2616 1912 calidissimum

303 1975 374 2017 ac
436 1956 798 2018 fermentare
856 1959 1045 2036 possit
1101 1966 1338 2018 terram.
1432 1959 1491 2018 id
1550 1967 1618 2019 ut
1674 1977 1877 2020 semen
1935 1960 2172 2036 aspargi
2228 1965 2505 2036 oportere
2553 1960 2614 2017 in

228 2081 278 2121 15
306 2082 480 2144 agro,
538 2083 657 2124 non
714 2072 782 2125 ut
837 2065 909 2124 de
965 2083 1182 2144 pecore
1229 2067 1546 2125 acervatim
1595 2068 1751 2145 poni.
1844 2085 1951 2145 ego
2000 2064 2257 2125 arbitror
2306 2070 2666 2143 praestare2

307 2190 380 2230 ex
447 2173 685 2230 aviariis
742 2172 1057 2232 turdorum
1115 2191 1181 2232 ac
1229 2171 1620 2254 merularum,
1678 2172 1834 2252 quod
1881 2192 2003 2233 non
2050 2171 2242 2232 solum
2288 2170 2357 2231 ad
2408 2190 2614 2248 agrum

307 2277 488 2358 utile,
547 2278 650 2337 sed
700 2280 877 2339 etiam
927 2279 998 2338 ad
1047 2277 1247 2339 cibum
1296 2281 1377 2338 ita
1423 2278 1622 2339 bubus
1669 2298 1735 2340 ac
1785 2279 1996 2360 subus,
2044 2287 2111 2339 ut
2156 2279 2301 2338 fiant
2346 2281 2615 2357 pingues,

306 2387 518 2462 itaque
587 2387 689 2463 qui
753 2387 969 2445 aviaria
1036 2386 1405 2464 conducunt,
1470 2388 1523 2445 si
1588 2394 1755 2446 cavet
1811 2387 2086 2447 dominus
2143 2393 2377 2446 stercus
2432 2394 2500 2446 ut
2553 2388 2614 2445 in

464 2654 497 2700 3
539 2646 957 2717 Theophrastus
996 2647 1208 2702 scribat
1243 2649 1365 2703 hist.
1402 2650 1581 2717 plant.
1622 2650 1667 2701 I
1701 2653 1755 2715 7,
1793 2653 1825 2702 1

464 2741 532 2790 11
562 2739 773 2815 stercus
805 2737 1079 2806 optimum
1108 2754 1332 2808 geopon.
1363 2738 1445 2791 II
1469 2744 1566 2805 21,
1593 2743 1627 2792 4
1739 2744 1804 2791 15
1837 2755 1942 2808 ego
1973 2736 2215 2793 arbitror
2245 2740 2396 2793 Plin.
2427 2745 2515 2808 17,
2546 2745 2618 2795 50

462 3009 509 3098 1,
540 2969 717 3059 mega}
751 3004 808 3058 B
951 3004 1024 3059 ad.
1062 3006 1339 3074 quaedam
1370 3006 1552 3061 PAB
1591 3008 1652 3060 at
1688 3005 1967 3075 quaedam
2004 3024 2035 3060 v
2180 3012 2211 3059 3
2250 3005 2469 3076 platani
2507 3006 2618 3059 VB

306 3087 494 3181 plata?
506 3112 560 3165 A
712 3111 920 3167 scribat
956 3113 1188 3167 athenas
1221 3113 1277 3166 P
1310 3113 1521 3168 scribat
1555 3114 1821 3169 athenaes
1848 3114 1905 3167 B
1942 3114 2155 3168 scribat
2189 3113 2254 3166 ut
2291 3114 2526 3167 athenas
2563 3116 2619 3166 A

312 3201 519 3256 scribit
563 3204 627 3256 ut
673 3203 910 3256 athenas
957 3220 1010 3255 m
1057 3200 1254 3256 scribit
1298 3203 1521 3262 athenis
1558 3205 1591 3257 i)
1735 3208 1769 3256 4
1815 3204 1976 3272 lyceo
2013 3204 2068 3256 A
2114 3203 2308 3273 lycaeo
2359 3202 2477 3256 VB

461 3326 636 3379 etiam
691 3344 840 3380 nunc
880 3327 991 3380 PB
1041 3306 1276 3381 etiancA
1325 3326 1498 3382 etiam
1545 3344 1679 3381 num
1716 3344 1747 3381 v
1787 3326 1957 3381 etiam
1995 3328 2129 3381 tuno
2171 3326 2441 3382 Gesnerus

314 3413 492 3484 esset]
532 3431 655 3469 esse
693 3415 750 3468 A
895 3421 926 3468 6
974 3414 1308 3483 proscideris
1356 3415 1409 3468 V
1441 3415 1817 3485 proscinderis
1857 3418 1909 3469 A
1950 3416 2321 3485 proscinderis
2357 3417 2478 3471 Bm

457 3502 660 3575 iacias]
701 3504 879 3557 iactas
918 3504 1100 3557 PAR
1140 3504 1318 3558 iactes
1355 3521 1450 3558 mv
1599 3512 1628 3559 7
1669 3505 1861 3573 siquae
1899 3503 2019 3558 AB
2065 3504 2340 3559 Victorius
2377 3504 2534 3574 sique
2568 3506 2622 3558 P

316 3594 481 3662 siqua
508 3610 604 3647 mv
715 3591 892 3663 pratis
918 3593 1039 3648 AB
1050 3612 1081 3648 v
1119 3594 1298 3664 partis
1336 3596 1400 3648 in
1434 3596 1684 3665 marqine
1712 3596 2006 3663 adscripsit
2026 3595 2082 3648 P
2183 3600 2215 3648 8
2252 3593 2476 3664 inrigua
2505 3593 2620 3647 PA

316 3681 534 3749 irrigua
570 3683 667 3737 Bv
813 3682 1090 3751 tepestiue
1131 3683 1182 3735 A
1329 3689 1359 3737 9
1398 3681 1717 3753 inrigentur
1752 3682 1808 3736 A
1845 3682 2149 3752 irrigentur
2193 3683 2306 3738 VB

466 3812 527 3859 11
589 3783 900 3860 discrim¹¹²³
927 3808 983 3861 B
1163 3806 1385 3875 aliquot
1434 3809 1531 3862 Βυ
1589 3808 1818 3877 aliquod
1878 3808 1994 3861 PA
2178 3814 2242 3862 13
2299 3807 2611 3878 praestare]

318 3898 481 3963 prare
517 3895 577 3949 A
761 3901 828 3949 14
865 3894 923 3949 id
960 3896 1049 3967 ut]
1088 3898 1153 3965 ut
1187 3895 1246 3950 id
1283 3900 1349 3950 ut
1385 3898 1437 3949 A
1612 3897 1838 3967 aspargi
1876 3898 2049 3951 PAB
2088 3897 2310 3966 aspergi
2346 3914 2378 3950 v
2554 3901 2618 3950 15

322 4000 435 4037 non
462 3985 562 4038 Bv
599 4001 751 4038 nuuc
789 4001 927 4040 corr.
964 4002 1079 4039 non
1108 3988 1160 4039 A
1197 4003 1313 4040 nun
1345 3986 1401 4039 P
1538 3986 1824 4054 praestare
1865 3985 1917 4039 V
1948 3991 2110 4055 prare
2138 3988 2193 4040 A
2232 3988 2517 4054 praestare
2558 3987 2619 4053 in

324 4089 458 4152 2}th
494 4074 551 4128 B
699 4079 765 4128 16
805 4073 1011 4128 auiaris
1039 4074 1093 4127 A
1237 4073 1560 4129 merilarum
1587 4075 1642 4128 A
1787 4075 1898 4129 non
1937 4075 2119 4130 solum
2159 4075 2229 4128 ad
2267 4090 2463 4143 agrum
2503 4074 2619 4128 VB

326 4152 434 4215 non
501 4163 685 4216 solum
750 4162 812 4215 id.
876 4164 946 4216 ad
1005 4180 1205 4231 agrum
1261 4166 1340 4231 A,
1399 4163 1491 4218 sed
1546 4163 1567 4215 i
1624 4165 1807 4218 littera
1863 4165 2059 4218 addita
2114 4164 2220 4230 ΑΩ,
2285 4180 2398 4217 non
2436 4163 2617 4218 solum

328 4250 387 4303 id
433 4267 627 4319 agrum
675 4269 730 4305 m
877 4257 940 4305 17
998 4251 1180 4306 bubus
1219 4269 1285 4306 ac
1323 4253 1492 4306 subus
1537 4252 1650 4305 PA
1698 4252 1879 4307 bubus
1918 4270 1984 4306 ac
2024 4250 2212 4306 suibus
2251 4253 2307 4305 B
2341 4247 2523 4306 bubus
2564 4254 2621 4307 et

334 4338 518 4393 suibus
562 4357 595 4394 v
626 4381 637 4392 .
673 4340 774 4393 ‘Ivi
811 4342 1057 4410 antiquis
1095 4342 1252 4395 libris
1290 4342 1498 4409 Subus,
1550 4346 1613 4394 ut
1650 4342 1813 4395 etiam
1849 4342 1945 4394 illo
1984 4341 2095 4393 loco
2131 4339 2213 4391 II
2247 4340 2381 4393 libri
2414 4341 2512 4411 [1,
2551 4341 2621 4411 5]

334 4428 397 4480 de
436 4430 621 4484 suibus
650 4431 869 4485 'nemini
904 4432 1172 4499 iqnotum’
1234 4431 1510 4485 Victorius
1657 4437 1722 4485 18
1763 4429 1809 4483 si
1848 4429 2045 4483 caueto
2085 4427 2213 4497 VA,
2243 4430 2337 4483 sed
2375 4447 2406 4483 o
2437 4431 2621 4484 littera

338 4525 597 4584 empuncta
634 4519 714 4573 A2
755 4520 837 4573 sic
875 4521 1040 4573 aueto
1078 4520 1134 4573 B

442 4616 563 4657 OA'ro
591 4630 655 4658 DE
685 4629 809 4659 Aam
839 4627 879 4657 c.
2128 4615 2191 4663 12
