3178 5185
625 355 757 419 284
1613 354 1986 410 VARRONIS

622 522 820 599 potius
884 521 1103 582 factum
1169 530 1296 581 tum
1362 520 1653 582 luxuriosi
1720 541 1894 600 quam
1962 524 2154 583 severi
2209 521 2350 582 boni
2410 523 2525 582 viri
2583 521 2931 583 laudabant.

626 647 800 707 quen]
850 629 969 687 cito
1017 630 1208 689 secuti
1248 627 1418 689 multi
1457 627 1800 690 extulerunt
1839 648 2045 690 eorum
2085 631 2295 708 pretia,
2342 632 2423 690 ita
2462 638 2529 690 ut
2569 649 2675 690 ova
2714 648 2931 690 eorum

626 735 886 795 denariis
934 743 1184 796 veneant
1232 738 1449 816 quiniS,
1497 737 1613 815 ipsi
1652 735 1818 796 facile
1859 738 2309 818 quinquageniS,
2357 755 2498 815 grex
2540 737 2932 797 centenarius

623 842 791 902 facile
850 842 1223 922 quadragena
1288 843 1444 902 milia
1494 843 1767 904 sestertia
1819 851 1882 903 ut
1930 843 2163 918 reddat,
2220 852 2286 904 ut
2334 844 2570 922 quidem
2621 843 2931 904 Abuccius

623 949 832 1031 aiebat,
871 951 923 1009 si
961 952 1020 1009 in
1061 948 1328 1028 singulos
1367 959 1573 1010 ternos
1612 951 1878 1028 exigeret
1913 948 2126 1032 pulloS,
2165 951 2373 1028 perfici
2403 969 2693 1029 sexagena
2725 969 2928 1029 posse.
2980 970 3002 1010 5

508 1055 606 1115 Vll
806 1055 1035 1117 Interea
1085 1059 1246 1118 venit
1292 1059 1593 1138 apparitor
1632 1058 1783 1136 Appi
1830 1076 1861 1116 a
1909 1055 2153 1117 consule
2201 1065 2261 1117 et
2306 1075 2562 1136 augures
2609 1059 2694 1116 ait
2733 1058 2930 1116 citari.

623 1162 720 1224 ille
780 1163 938 1223 foras
992 1166 1113 1224 exit
1160 1183 1191 1224 e
1241 1163 1389 1225 villa.
1483 1172 1542 1224 at
1589 1167 1649 1224 in
1698 1162 1892 1224 villam
1939 1165 2097 1223 intro
2146 1162 2408 1223 involant
2454 1162 2798 1244 columbae,
2858 1164 2929 1223 de

623 1270 840 1348 quibus
887 1269 1111 1331 Merula
1159 1272 1325 1351 Axio,
1375 1270 1440 1331 Si
1486 1273 1726 1349 inquam
1778 1289 1848 1330 ex
1896 1269 2430 1348 peristerotrophio
2478 1271 2923 1349 constituisseS,

620 1376 726 1436 has
784 1385 916 1441 tuas
973 1396 1104 1439 esse
1161 1387 1430 1458 putareS‚
1487 1379 1754 1457 quamvis
1812 1378 1969 1437 serae
2018 1385 2235 1437 essent.
2328 1376 2445 1437 duo
2493 1379 2650 1438 enim
2701 1395 2926 1456 genera

620 1502 823 1544 earum
865 1486 924 1543 in
964 1484 1495 1563 peristerotropbio
1535 1503 1666 1544 esse
1707 1483 1916 1564 solent,
1958 1503 2141 1544 unum
2171 1491 2423 1564 agreste,
2462 1493 2529 1544 ut
2557 1484 2655 1543 alii
2687 1484 2920 1565 dicunt,
2952 1500 2998 1539 10

621 1590 891 1670 saxatile‚
948 1591 1119 1670 quod
1162 1591 1415 1653 habetur
1471 1593 1530 1650 in
1586 1589 1856 1651 turribus
1904 1610 1970 1651 ac
2018 1590 2416 1651 columinibus
2463 1589 2658 1671 villae,
2720 1611 2754 1652 a
2807 1611 2925 1671 quo

621 1698 944 1777 appellatae
985 1699 1317 1780 columbae,
1357 1716 1506 1778 quae
1554 1705 1801 1777 propter
1840 1699 2112 1758 timorem
2151 1695 2481 1757 naturalem
2521 1716 2754 1780 summa
2796 1699 2926 1760 loca

622 1807 687 1865 in
745 1808 917 1867 tectis
974 1815 1239 1885 captant:
1295 1823 1421 1885 quo
1469 1806 1533 1864 fit
1591 1812 1658 1864 ut
1712 1812 1977 1882 agrestes
2025 1806 2275 1865 maxime
2324 1813 2650 1882 sequantur
2701 1816 2924 1888 turreS,

568 1913 690 1973 2in
755 1931 902 1990 quas
967 1931 1037 1972 ex
1105 1931 1245 1990 agro
1312 1910 1542 1977 evolant
1608 1919 1813 1989 suapte
1882 1920 2091 1991 sponte
2157 1930 2224 1971 ac
2281 1920 2561 1972 remeant.
2662 1913 2921 1974 alterum

618 2037 829 2097 genus
871 2019 1014 2080 illud
1083 2018 1490 2080 columbarum
1557 2027 1649 2079 est
1713 2017 2091 2097 clementIuS,
2141 2009 2315 2097 'quod
2385 2019 2517 2078 cibo
2583 2019 2922 2081 domestico
2952 2033 3000 2073 ¹⁵

618 2135 961 2188 contentum
1020 2128 1175 2187 intra
1233 2126 1434 2187 limina
1490 2127 1699 2185 ianuae
1760 2123 1910 2185 solet
1967 2125 2145 2203 pasci.
2247 2123 2358 2184 hoc
2416 2144 2603 2204 genus
2659 2129 2921 2188 maxime

617 2242 709 2294 est
764 2233 961 2294 colore
1019 2232 1177 2313 albo,
1235 2231 1366 2293 illut
1423 2232 1674 2293 alterum
1729 2239 1960 2310 agreste
2022 2232 2150 2291 sine
2210 2229 2369 2312 alb0,
2427 2235 2603 2292 vario.
2712 2252 2788 2294 ex
2850 2237 2922 2294 iis

619 2340 847 2401 duabus
896 2339 1184 2418 stirpibus
1233 2341 1298 2400 fit
1337 2338 1663 2400 miscellum
1704 2340 1946 2398 tertium
1984 2355 2174 2415 genus
2213 2337 2446 2399 fructus
2485 2358 2679 2420 causa,
2732 2337 2916 2421 atque

620 2448 906 2508 incedunt
951 2449 1014 2506 in
1061 2445 1256 2507 locum
1303 2464 1516 2526 unum,
1565 2445 1723 2525 quod
1771 2445 1871 2505 alii
1917 2452 2126 2505 vocant
2173 2446 2561 2526 peristerona‚
2609 2446 2710 2507 alii
2758 2451 2918 2528 peri·

616 2553 1077 2635 steron-ophion,
1123 2555 1185 2613 in
1233 2572 1348 2632 quo
1395 2572 1514 2615 uno
1563 2571 1737 2632 saepe
1787 2551 1877 2614 vel
1926 2553 2190 2633 quinque
2239 2542 2395 2614 milia
2445 2561 2586 2615 sunt
2624 2554 2915 2618 inclusae.
2945 2565 2994 2605 2⁰

565 2667 601 2724 3
624 2664 960 2740 peristeron
999 2662 1065 2721 fit
1100 2669 1168 2721 ut
1207 2660 1442 2721 testudo
1480 2680 1709 2742 magna,
1757 2679 1984 2721 camara
2026 2669 2238 2741 tectuS,
2287 2681 2410 2722 uno
2446 2664 2598 2722 ostio
2638 2673 2917 2745 angusto,

757 2920 823 2968 21
863 2912 1176 2983 peristeron
1213 2913 1278 2967 fit
1313 2928 1531 2983 yeopon.
1576 2912 1767 2980 XIV,
1806 2918 1842 2967 6

758 3161 785 3207 1
843 3152 1116 3208 luxuriosi
1171 3170 1337 3222 quam
1397 3151 1578 3207 seueri
1636 3151 1815 3205 VAB
1860 3167 1999 3206 corr.
2047 3150 2327 3207 luxuriose
2374 3168 2541 3221 quam
2590 3170 2786 3209 seuere
2834 3155 2915 3209 A²

787 3249 820 3297 2
861 3243 1052 3313 quem]
1092 3260 1258 3311 quam
1298 3242 1354 3296 A
1390 3258 1525 3298 corr.
1567 3258 1733 3311 quem
1772 3240 1855 3294 Αἵ*
2033 3241 2221 3309 precia
2268 3242 2319 3295 V
2483 3249 2515 3295 3
2554 3241 2721 3296 facile
2772 3242 2914 3312 ipsis

610 3348 748 3386 corr.
805 3331 919 3400 ipsi
964 3330 1129 3386 facile
1177 3332 1233 3386 A
1410 3337 1445 3383 4
1502 3329 1764 3384 sestertia
1812 3329 1868 3382 P
1909 3330 2172 3385 sestereia.
2218 3331 2273 3384 A
2319 3332 2584 3386 sextertia
2630 3333 2730 3386 Bv

610 3420 874 3473 abuccius
918 3419 1100 3475 PAB
1138 3419 1387 3475 albutius
1423 3437 1455 3473 v
1602 3424 1634 3472 ὅ
1676 3417 1924 3487 exigeret
1961 3418 2074 3472 PB
2114 3418 2334 3489 exigere
2370 3421 2489 3475 Am
2526 3421 2757 3491 exigent
2795 3439 2828 3476 v

750 3516 782 3562 6
841 3510 1083 3579 Interea]
1131 3507 1214 3562 De
1272 3506 1544 3563 columbis
1597 3508 1661 3559 in
1704 3506 1953 3575 maryi‘ne
1997 3508 2221 3562 rubrica
2258 3508 2314 3562 A
2457 3508 2594 3579 appi
2629 3508 2750 3562 AB
2801 3511 2913 3580 Api

608 3597 665 3650 P
692 3595 822 3667 Apii
859 3614 892 3651 v
1036 3604 1069 3652 8
1115 3615 1204 3652 me
1254 3597 1324 3651 de
1362 3596 1636 3650 columbis
1674 3595 1800 3649 rula
1836 3594 1992 3649 axios
2028 3594 2259 3665 inquam
2298 3613 2365 3651 ex
2400 3596 2911 3670 pei-isterotrophio

609 3688 698 3755 (ex
745 3685 1291 3756 peristerothrophio
1339 3685 1481 3753 AB)
1531 3681 1919 3745 constituisses
1966 3684 2148 3738 PAB
2195 3686 2412 3740 Merula.
2448 3685 2555 3740 Axi
2602 3686 2650 3740 si
2696 3693 2909 3758 siquam

605 3773 1151 3844 peristerotrophion
1215 3773 1599 3830 constituisses
1652 3790 1684 3828 v
1729 3814 1741 3825 .
1786 3774 2020 3841 fortasse
2073 3772 2293 3827 Merula
2345 3773 2512 3843 Axio,
2580 3775 2657 3842 si,
2722 3775 2913 3846 inquit

603 3862 1143 3934 peristerolzrophion
1167 3861 1554 3919 constituisses
1648 3868 1679 3916 9
1708 3863 1837 3917 tuas
1857 3861 2003 3932 esse]
2023 3863 2125 3916 tua
2144 3879 2264 3917 sese
2285 3863 2340 3916 A
2431 3869 2497 3917 10
2525 3863 2909 3933 imperistero-

603 3953 827 4023 trophio
865 3955 922 4009 A
1068 3959 1129 4007 11
1171 3951 1543 4007 columinibus
1597 3953 1709 4006 VB
1745 3958 1795 4007 et
1832 3967 1970 4006 corr.
2009 3950 2346 4005 culminibus
2382 3952 2439 4006 A
2474 3951 2819 4009 culminibus
2856 3973 2910 4009 m

750 4049 813 4096 13
854 4045 1083 4111 captans
1112 4059 1249 4099 corr.
1279 4074 1349 4081 —
1378 4039 1477 4097 ant
1502 4042 1559 4096 A
1703 4043 1979 4110 agrestres
2009 4039 2076 4093 A
2212 4046 2278 4094 15
2316 4056 2492 4110 genus
2521 4040 2665 4096 illud
2696 4044 2907 4099 colum-

596 4123 800 4186 barum
837 4134 893 4187 Β
944 4133 1219 4188 Victorius
1254 4150 1431 4203 genus
1468 4131 1612 4185 illud
1649 4130 2056 4184 collumbarum
2106 4129 2162 4183 A
2198 4146 2373 4200 genus
2420 4130 2824 4190 columbarum.
2862 4132 2914 4185 V

772 4220 896 4275 cibu
937 4221 1088 4290 quod
1127 4221 1280 4288 cib0,
1325 4222 1420 4275 sed
1457 4220 1586 4275 cibu
1622 4219 1852 4273 deletum
1887 4218 1943 4272 A
2117 4224 2180 4272 17
2220 4218 2351 4272 illut
2387 4219 2626 4273 alterum
2670 4221 2729 4274 P
2763 4220 2908 4277 illud

602 4307 840 4364 alterum
870 4310 1030 4364 ABv
1143 4327 1210 4364 ex
1245 4308 1315 4363 iis
1345 4308 1528 4363 PAB
1558 4323 1626 4360 ex
1651 4306 1742 4359 his
1770 4323 1801 4360 v
1916 4312 1979 4360 18
2017 4307 2233 4362 duabus
2271 4307 2384 4361 VB
2419 4304 2635 4361 duobus
2665 4310 2724 4362 A
2840 4317 2904 4364 19

601 4398 798 4453 uolani,
824 4398 880 4452 A
908 4416 1046 4455 corr.
1077 4400 1284 4454 uocant
1310 4398 1392 4452 A²
1501 4403 1565 4449 21
1600 4411 1825 4449 camara
1863 4395 2043 4449 VAB
2070 4413 2206 4453 corr.
2240 4412 2460 4452 camera.
2486 4396 2568 4451 A'
2599 4401 2827 4454 camatas
2855 4418 2906 4454 m

742 4488 928 4543 hostio
965 4490 1021 4543 Β
