3178 5185
959 380 1220 434 RERVM
1255 378 1737 434 RVSTICARVM
1773 378 1907 432 LIB.
1947 379 2023 431 III
2067 376 2143 433 16
2558 368 2682 433 291

399 530 595 618 telem,
635 535 935 596 adnotavit
975 534 1253 614 Scaliger.
1330 542 1388 594 et
1426 534 1690 594 diversas
1738 533 2065 593 sententias
2104 531 2176 591 de
2223 531 2317 591 his
2364 530 2688 610 generibus

399 627 576 724 apu'm
632 644 814 704 fuisse
881 642 1055 702 docet
1101 640 1326 702 Plinius
1373 640 1453 700 XI
1490 636 1604 722 57,
1666 657 2030 716 quamquam
2092 645 2151 700 et
2209 642 2285 699 de
2345 642 2419 699 ii's
2475 631 2688 721 (fucis)

398 754 571 811 video
628 753 907 811 dubitari
956 752 1397 825 propriumque
1458 751 1531 808 iis
1585 767 1782 823 ,oenus
1839 766 1968 809 esse
2027 749 2261 821 aliquos
2320 747 2691 820 existimare,

396 860 557 918 sicut
596 855 870 932 furibus,
913 858 1343 931 grandissimis
1390 858 1549 915 inter
1605 859 1767 936 illas,
1821 857 1934 915 sed
1985 857 2183 928 niqris
2237 856 2484 928 lataque
2538 845 2690 926 alvo,

399 967 488 1024 ita
536 966 869 1043 appellatis,
918 965 1066 1038 quia
1105 961 1326 1037 furtim
1373 964 1665 1023 devorent
1708 965 1900 1023 mella.

578 1087 715 1148 Hae
764 1088 1125 1149 differunt
1171 1089 1364 1147 inter
1411 1106 1484 1147 se
1534 1106 1712 1167 quae
1770 1088 1963 1147 ferae
2023 1094 2094 1145 et
2150 1086 2438 1146 cicures
2495 1083 2686 1161 sunt]

401 1192 483 1255 De
546 1195 887 1255 diversitate
944 1212 1119 1273 apum
1179 1194 1437 1254 ferarum
1494 1201 1553 1253 et
1611 1194 1880 1253 cicurum
1938 1192 2084 1252 dixit
2130 1191 2480 1252 Aristoteles
2538 1191 2574 1252 l.
2624 1211 2692 1274 c.,

399 1303 540 1362 item
590 1301 814 1361 Plinius
861 1300 941 1359 XI
978 1296 1063 1362 59
1113 1319 1257 1376 apes
1300 1307 1442 1360 sunt
1488 1306 1547 1360 et
1591 1303 1864 1360 rusticae
1907 1302 2346 1374 silvestresque,
2393 1301 2692 1359 horridae

399 1388 717 1485 adspectu,
765 1412 947 1469 multo
996 1410 1449 1481 iracundiores,
1495 1409 1608 1467 sed
1658 1424 1841 1483 opere
1896 1424 1973 1466 ac
2028 1408 2238 1467 labore
2284 1412 2692 1482 praestantes.

401 1516 786 1576 urbanarum
832 1517 952 1574 duo
994 1532 1230 1589 yenera
1268 1532 1395 1592 sqq.
1472 1514 1577 1573 sed
1624 1514 1686 1573 in
1725 1513 1833 1574 hac
1873 1515 2165 1573 sententia
2206 1512 2516 1573 relativum
2556 1529 2690 1590 pro-

404 1639 619 1681 nomen
676 1639 835 1696 quae
889 1638 1098 1700 parum
1156 1629 1357 1700 aptum
1415 1639 1546 1680 esse
1603 1628 1862 1699 apparet.
1957 1638 2151 1699 neque
2213 1621 2398 1698 magis
2452 1618 2696 1698 probari

401 1734 601 1807 potest
639 1727 795 1805 quod
837 1706 1238 1786 Schneiderus
1277 1726 1661 1787 scribendum
1698 1729 1969 1808 coniecit,
2008 1746 2130 1803 qua
2162 1727 2359 1803 ferae.
2435 1744 2543 1805 pro
2581 1725 2695 1811 hoc

402 1837 549 1908 quia
589 1831 770 1908 ferae
817 1834 1051 1914 scripsi,
1090 1832 1181 1893 vel
1229 1835 1428 1911 potius
1475 1836 1642 1908 quod
1677 1833 1860 1910 ferae
1907 1833 2291 1894 scribendum
2339 1841 2482 1893 erat.
2559 1850 2694 1891 nam

400 1942 547 2014 quia
585 1938 901 1999 admodum
940 1957 1073 1999 raro
1114 1958 1145 1999 a
1182 1938 1444 1999 Varrone
1485 1939 1811 2000 adhibitum
1850 1958 1982 2000 esse
2022 1939 2422 2018 disputatione
2467 1936 2688 1997 Reiteri

403 2054 629 2125 quaest.
689 2044 933 2106 Varron.
993 2063 1236 2124 gramm.
1288 2063 1343 2124 p.
1383 2042 1468 2106 98
1531 2046 1982 2125 comprobatum
2043 2054 2149 2106 est.
2241 2046 2303 2105 in
2365 2044 2457 2103 his
2522 2042 2692 2103 libris

401 2152 620 2231 legitur
667 2151 867 2234 semel,
914 2151 995 2211 111
1039 2149 1137 2233 16,
1179 2149 1212 2212 1
1263 2171 1345 2213 an
1392 2155 1537 2228 quia
1586 2159 1650 2213 tu
1696 2156 1904 2214 solitus
1950 2171 2028 2213 es.

581 2280 900 2338 Pascitant
956 2277 1136 2337 editio
1196 2279 1477 2356 princeps
1538 2296 1570 2337 a
1625 2276 1915 2337 Politiano
1978 2295 2097 2337 non
2163 2283 2433 2336 correcta
2496 2282 2556 2334 et
2622 2294 2695 2334 ex

405 2403 579 2445 manu
628 2386 866 2464 scriptis
923 2382 1088 2443 libris
1136 2402 1197 2443 m
1245 2391 1303 2443 et
1351 2384 1668 2466 CaesenaS,
1727 2384 1831 2444 sed
1878 2387 2180 2460 pastitant
2227 2381 2329 2442 AB
2388 2390 2447 2442 et
2508 2380 2695 2442 codex

406 2490 449 2549 F
456 2490 803 2572 lorentinus,
852 2488 1009 2569 quod
1059 2508 1264 2550 verum
1312 2499 1420 2551 est.

582 2622 663 2685 21
717 2624 789 2685 Si
836 2625 1384 2686 transferendae
1434 2611 1609 2685 sunt
1650 2624 1849 2684 aluos
1896 2626 1966 2684 in
2005 2623 2220 2683 alium
2265 2621 2527 2699 locum]
2558 2623 2699 2682 Alvi

373 2729 560 2791 ‘edita
625 2731 763 2791 inde
831 2750 862 2792 a
926 2732 1196 2810 principe
1263 2731 1521 2791 editione
1585 2730 1958 2811 exemplaria.
2052 2730 2242 2790 delevi
2304 2734 2499 2790 alvos:
2556 2746 2697 2788 <nam

405 2839 566 2916 ipsae
614 2855 757 2915 apes
805 2856 941 2898 cum
988 2837 1131 2897 alvis
1182 2839 1493 2898 transferri
1539 2837 1838 2899 dicuntur.

583 2959 779 3031 Quod
827 2962 1055 3023 hieme
1094 2961 1508 3022 difficulter
1546 2969 2041 3022 consuescunt
2079 2959 2264 3039 quod
2303 2957 2697 3019 translatae

408 3067 719 3145 manere]
770 3071 898 3142 Quo
944 3075 1087 3129 sunt
1130 3072 1471 3129 translatae
1516 3086 1589 3127 ex
1627 3066 1834 3127 Aldina
1883 3067 2141 3126 editione
2180 3070 2540 3144 receperunt
2578 3063 2698 3122 edi-

415 3182 593 3235 tores,
686 3177 748 3234 in
819 3176 1137 3254 archetypo
1203 3177 1369 3250 quod
1430 3176 1640 3234 vitiose
1705 3173 2026 3252 repetitum
2095 3179 2237 3231 erat.
2328 3170 2439 3230 hoc
2505 3169 2697 3229 deleto

416 3282 627 3359 scripsi
673 3284 837 3356 quod
879 3285 1071 3342 hieme
1117 3280 1451 3356 difficulter
1496 3286 1900 3342 consuescunt
1944 3282 2282 3340 translatae
2326 3295 2590 3337 manere.
2676 3317 2679 3318 ν

596 3411 678 3475 22
747 3413 879 3473 Sed
946 3421 1015 3474 et
1074 3416 1522 3475 transiturae
1585 3416 1732 3474 sint
1792 3430 1961 3492 apes
2024 3430 2099 3472 ea
2160 3413 2477 3491 apiastro
2538 3393 2698 3489 per-

398 3519 774 3598 fricanda]
827 3520 1243 3596 Perfricanda
1290 3519 1407 3580 Am
1455 3528 1513 3580 et
1560 3520 1747 3580 codex
1793 3518 2189 3599 FlorentinuS,
2230 3516 2702 3594 perfricandum

418 3627 595 3688 editio
671 3628 949 3706 princeps
1013 3627 1054 3686 ‘a
1130 3626 1417 3687 Politiano
1490 3645 1611 3686 non
1686 3633 1954 3685 correcta
2019 3632 2079 3685 et
2142 3625 2328 3685 codex
2395 3623 2702 3684 CaesenaS.

417 3735 712 3811 scriptura
751 3742 949 3794 autem
995 3734 1300 3814 archetypi
1345 3736 1406 3793 in
1446 3741 1706 3794 extrema
1753 3741 1921 3811 parte
1968 3731 2106 3791 libri
2144 3750 2318 3811 saepe
2358 3729 2572 3790 detrita
2614 3729 2703 3789 vel

420 3839 656 3901 defectu
706 3840 1182 3900 membranarum
1229 3839 1417 3901 deleta
1473 3842 1547 3899 iis
1597 3841 1697 3919 qui
1744 3840 1951 3917 quinto
2010 3838 2237 3898 decimo
2286 3835 2520 3897 saeculo
2568 3854 2703 3916 apo-

421 3946 640 4026 grapha
688 3948 959 4007 fecerunt
997 3965 1116 4007 non
1146 3949 1287 4007 satis
1327 3946 1546 4026 ubique
1597 3944 1942 4026 apparebat3
1990 3963 2184 4024 neque
2232 3942 2557 4003 Politianus
2616 3942 2703 4001 vel

421 4051 745 4133 Victorius,
801 4055 903 4132 qui
959 4060 1094 4132 post
1152 4053 1286 4113 illos
1345 4053 1611 4114 codicem
1673 4059 2137 4131 usurpaverunt,
2185 4049 2353 4129 plura
2414 4048 2704 4127 legebant.

418 4162 529 4221 sed
555 4163 619 4220 si
657 4163 1035 4220 transiturae
1061 4166 1204 4220 sunt
1230 4178 1391 4238 apes,
1422 4164 1694 4237 apiastro
1717 4157 2188 4235 perfricandum
2225 4154 2466 4237 Merula,
2498 4154 2598 4214 ubi
2629 4174 2703 4215 ea

429 4274 563 4346 post
592 4285 736 4343 apes
766 4264 989 4325 addidit
1019 4264 1338 4348 Iucundus,
1358 4270 1470 4328 sed
1502 4272 1562 4327 et
1598 4284 1672 4326 ea
1701 4269 1888 4344 alvus,
1918 4267 1980 4324 in
2010 4280 2132 4338 qua
2161 4265 2542 4322 transiturae
2568 4269 2708 4321 sunt

430 4392 591 4456 apes,
630 4375 902 4449 apiastro
930 4371 1345 4448 perfricanda
1383 4372 1679 4451 Angelius,
1715 4373 1825 4432 sed
1865 4373 1923 4430 si
1965 4373 2343 4430 transiturae
2387 4375 2528 4428 sunt
2564 4385 2708 4443 apes

423 4499 516 4562 ea,
554 4483 826 4558 apiastro
866 4478 1280 4555 perfricanda
1326 4478 1640 4539 Victorius,
1715 4476 1922 4536 lacuna
1961 4483 2302 4554 corruptam
2350 4476 2707 4552 scripturam

2173 4573 2283 4629 19*
