3178 5185
594 377 725 441 254
1579 380 1952 435 VARRONIS

594 546 828 606 deacios
895 564 1072 624 quam
1136 548 1392 607 triticios
1451 565 1661 626 panes:
1730 550 1917 627 magis
1973 549 2131 608 enim
2188 566 2257 607 eo
2315 546 2555 608 aluntur
2614 555 2676 608 et
2738 547 2919 608 lactis

500 658 577 714 12
601 651 888 730 praebent
951 654 1236 713 maiorem
1301 654 1655 714 facultatem.
1757 657 1819 715 in
1886 656 2189 715 nutricatu
2255 654 2584 715 secundum
2643 662 2919 733 partum,

592 762 645 819 si
689 759 894 838 plures
941 768 1098 841 sunt,
1147 762 1346 821 statim
1393 760 1613 839 eligere
1665 770 1901 840 oportet
1949 780 2099 841 quos
2147 761 2366 822 habere
2413 761 2576 840 veliS‚
2629 755 2934 840 reliquos

593 865 846 927 abicere.
939 885 1114 945 quam
1162 869 1557 945 paucissimos
1606 868 1940 948 reliqueris,
1987 877 2106 929 tam
2145 871 2354 948 optimi
2391 870 2453 929 in
2492 868 2710 929 alendo
2756 869 2918 928 fiunt

592 981 837 1052 propter
883 975 1113 1051 copiam
1160 974 1347 1035 lactis,
1441 974 1848 1036 substernitur
1894 978 1982 1036 eis
2028 994 2171 1037 acus
2217 983 2319 1036 aut
2362 975 2502 1054 quid
2543 978 2690 1036 item
2737 975 2912 1056 aliut,
2967 989 2990 1027 5

593 1081 750 1160 quod
799 1079 1071 1141 molliore
1118 1080 1301 1142 cubili
1346 1080 1579 1141 facilius
1627 1083 1974 1143 educentur.
2068 1082 2248 1143 catuli
2297 1082 2507 1142 diebus
2544 1098 2645 1143 XX
2693 1082 2915 1142 videre

591 1190 906 1268 incipiunt.
1000 1187 1234 1248 duobus
1290 1188 1599 1249 mensibus
1656 1191 1865 1269 primis
1921 1208 1951 1249 a
2006 1197 2181 1269 partu
2239 1209 2356 1251 non
2414 1190 2825 1269 diiunguntur
2883 1208 2914 1248 a

593 1304 814 1374 matre,
870 1295 974 1355 sed
1030 1296 1370 1355 minutatim
1428 1296 1785 1357 desuefiunt.
1877 1297 2139 1358 educunt
2195 1316 2299 1358 eos
2350 1296 2551 1376 plures
2597 1299 2661 1357 in
2714 1315 2912 1357 unum

588 1401 787 1463 locum
824 1411 885 1462 et
930 1403 1178 1462 inritant
1216 1403 1286 1462 ad
1329 1405 1733 1484 pugnandum,
1782 1423 1899 1484 quo
1939 1406 2089 1464 fiunt
2127 1406 2406 1485 acrioreS‚
2455 1422 2651 1483 neque
2693 1404 2911 1464 defati-

498 1516 576 1572 13
599 1511 725 1588 gari
781 1510 1113 1589 patiuntur,
1170 1528 1286 1588 quo
1342 1510 1495 1571 fiunt
1550 1513 1875 1589 segniores,
1975 1530 2197 1572 consue
2254 1530 2489 1590 quoque
2547 1512 2785 1573 faciunt
2844 1520 2911 1571 ut
2939 1523 2987 1562 10

596 1615 825 1695 alligari
881 1618 1111 1695 possint
1166 1619 1425 1705 primum
1476 1617 1705 1679 levibus
1752 1618 1989 1679 vinclis:
2046 1637 2196 1697 quae
2245 1620 2298 1677 si
2342 1617 2631 1679 abrodere
2684 1637 2910 1679 conan-

591 1731 718 1802 tur,
777 1741 851 1783 ne
909 1723 968 1784 id
1027 1732 1420 1785 consuescant
1475 1727 1698 1806 facere,
1755 1725 2104 1786 verberibus
2160 1743 2263 1784 eos
2320 1724 2626 1786 deterrere
2690 1726 2908 1786 solent.

591 1830 811 1908 pluviis
864 1830 1075 1891 diebus
1125 1831 1340 1893 cubilia
1391 1832 1828 1893 substernenda
1875 1833 2083 1893 fronde
2130 1840 2232 1892 aut
2278 1831 2493 1911 pabulo
2541 1832 2784 1893 duabus
2835 1833 2909 1892 de

496 1944 578 1999 14
601 1939 821 2017 causiS‚
869 1945 935 1997 ut
981 1957 1055 1998 ne
1104 1939 1444 2000 oblinantur
1491 1948 1593 2000 aut
1638 1941 2084 2018 perfrigescant.
2179 1939 2416 2017 quidam
2465 1957 2567 1999 eos
2614 1947 2908 2018 castrant,

597 2046 753 2123 quod
811 2063 880 2105 eo
938 2047 1133 2105 minus
1188 2054 1400 2124 putant
1456 2046 1797 2126 relinquere
1863 2066 2130 2125 gregem:
2185 2046 2422 2124 quidam
2480 2064 2599 2105 non
2649 2046 2904 2125 faciunt,
2934 2056 2981 2096 15

590 2153 748 2231 quod
809 2171 912 2212 eos
959 2153 1213 2212 credunt
1258 2154 1456 2213 minus
1504 2172 1673 2213 acres
1720 2155 1867 2214 fieri.
1961 2154 2201 2232 quidam
2247 2151 2503 2212 nucibus
2551 2154 2794 2229 graecis
2839 2154 2902 2212 in

592 2278 741 2338 aqua
809 2261 966 2319 tritis
1032 2267 1375 2338 perungunt
1439 2279 1615 2339 aures
1679 2268 1739 2321 et
1793 2263 1950 2321 inter
2007 2260 2249 2339 digitos,
2317 2260 2473 2338 quod
2532 2276 2782 2319 muscae
2843 2266 2903 2318 et

586 2368 764 2425 ricini
821 2375 877 2426 et
933 2366 1162 2444 pulices
1210 2366 1462 2448 soleant,
1520 2370 1571 2428 si
1619 2368 1731 2428 hoc
1778 2369 2039 2447 unguine
2087 2385 2205 2427 non
2254 2368 2337 2426 sis
2384 2384 2558 2444 usuS‚
2615 2384 2683 2425 ea
2736 2365 2902 2425 exul·

493 2478 570 2535 15
596 2490 817 2533 cerare.
908 2491 982 2532 ne
1039 2473 1426 2534 vulnerentur
1481 2493 1513 2534 a
1570 2474 1806 2555 bestiis,
1863 2477 2231 2553 inponuntur
2277 2472 2370 2533 his
2417 2472 2684 2552 collaria,
2743 2491 2899 2552 quae

592 2587 881 2641 vocantur
927 2579 1198 2662 melium,
1245 2580 1304 2641 id
1353 2589 1445 2642 est
1492 2580 1797 2660 cingulum
1844 2583 2070 2642 circum
2120 2579 2337 2643 collum
2384 2599 2454 2640 ex
2504 2581 2669 2640 corio
2722 2581 2896 2640 firmo
2927 2591 2974 2630 2⁰

587 2706 725 2747 cum
790 2687 1032 2748 clavulis
1099 2690 1398 2769 capitatiS‚
1465 2708 1614 2768 quae
1669 2692 1825 2750 intra
1883 2691 2074 2768 capita
2109 2691 2393 2749 insuitur
2449 2686 2619 2767 pellis
2674 2688 2895 2768 molliS‚

587 2813 663 2855 ne
733 2804 941 2856 noceat
1008 2794 1158 2856 collo
1227 2796 1443 2856 duritia
1501 2797 1664 2856 ferri.
1767 2796 1924 2876 quod
1984 2798 2030 2855 si
2090 2795 2267 2876 lupus
2323 2795 2545 2855 aliusve
2605 2797 2742 2874 quis
2800 2796 2896 2855 his

584 2902 931 2963 vulneratus
979 2912 1097 2983 est,
1151 2903 1411 2982 reliquas
1460 2922 1698 2983 quoque
1747 2922 1924 2963 canes
1971 2904 2126 2984 facit,
2175 2920 2326 2981 quae
2372 2902 2430 2965 id
2479 2920 2599 2962 non
2646 2900 2893 2979 habent,

490 3015 569 3072 16
593 3019 660 3070 ut
716 3011 835 3070 sint
892 3012 953 3070 in
1009 3018 1158 3071 tuto.
1250 3029 1536 3071 numerus
1592 3029 1806 3071 canum
1859 3028 1969 3089 pro
2026 3011 2260 3088 pecoris
2305 3009 2687 3069 multitudine
2737 3009 2893 3069 solet

730 3276 756 3323 1
814 3269 948 3324 latis
993 3272 1185 3340 priore
1239 3272 1353 3325 loco
1398 3277 1453 3323 A
1500 3286 1639 3325 corr.
1686 3268 1851 3324 lactis
1896 3268 1979 3323 Α2
2122 3275 2154 3322 5
2210 3267 2344 3336 quid
2389 3269 2525 3324 item
2573 3267 2731 3323 aliud
2768 3269 2891 3324 AB

583 3357 708 3426 quit
762 3358 897 3412 item
954 3359 1098 3414 aliut
1148 3359 1204 3412 P
1256 3359 1390 3427 quid
1447 3358 1603 3412 aliud
1639 3376 1673 3413 v
1818 3365 1849 3412 6
1905 3358 2163 3413 molliore
2211 3355 2385 3412 cubili
2431 3359 2553 3412 AB
2609 3358 2891 3413 Victorius

581 3447 814 3503 meliore
851 3449 1108 3503 cubiculo
1159 3449 1211 3502 V
1350 3449 1657 3503 educentur
1695 3448 1878 3503 PAB
1916 3449 2228 3502 educuntur
2263 3465 2295 3501 v
2335 3448 2644 3505 educantur
2673 3448 2889 3503 Iucun-

581 3539 686 3591 ἀνθ
867 3543 896 3591 ’1
945 3535 1312 3606 diiunguntur
1360 3537 1540 3591 PAB
1591 3535 1987 3606 disiunguntur
2032 3554 2063 3590 v
2246 3543 2277 3589 9
2325 3535 2561 3590 inritant
2600 3537 2718 3590 PA
2766 3536 2888 3590 irri-

580 3628 708 3681 tant
733 3626 832 3679 Bv
942 3627 1083 3680 fiunt
1118 3625 1360 3681 acriores
1388 3626 1570 3680 PAB
1607 3626 1749 3680 fiant
1777 3626 2018 3680 acriores
2046 3642 2141 3679 mv
2252 3623 2555 3694 defatigari
2593 3624 2705 3678 VB
2733 3625 2886 3679 defe-

579 3714 754 3784 tigari
782 3714 836 3768 A
947 3720 1014 3767 10
1051 3714 1192 3768 fiant
1219 3713 1503 3783 segniores
1540 3715 1727 3769 VAB
1832 3713 2042 3767 fatiunt
2069 3714 2122 3766 A
2237 3719 2300 3766 12
2335 3713 2661 3768 uerberibus
2687 3713 2886 3767 BA2v

580 3803 903 3859 uerueribus
925 3804 1039 3858 PA
1133 3810 1196 3857 13
1227 3804 1437 3872 pabula
1465 3820 1602 3859 corr.
1626 3834 1692 3842 —-—
1712 3804 1769 3857 lo
1797 3803 1853 3857 A
1950 3809 2015 3856 14
2043 3802 2275 3871 quidam
2304 3819 2399 3856 eos
2427 3802 2479 3855 V
2502 3800 2673 3870 quida
2702 3819 2796 3857 eos
2824 3807 2887 3856 ut

578 3895 795 3948 videtur
822 3894 878 3948 A
916 3910 1052 3947 corr.
1085 3890 1259 3961 quida
1289 3909 1382 3947 eos
1412 3893 1494 3946 ΑΩ
1522 3892 1788 3962 quidaem
1819 3908 1914 3947 eos
1940 3891 1997 3944 B
2110 3897 2173 3945 15
2212 3890 2421 3945 fatiunt
2448 3890 2504 3944 A
2618 3896 2682 3945 18
2721 3889 2886 3946 ricini

579 3985 638 4036 et
673 3982 886 4051 pulices
918 3983 1212 4036 Iucundus
1247 3981 1410 4035 ricini
1446 3982 1662 4051 pulices
1691 3982 1872 4036 PAB
1908 3979 2071 4035 ricini
2109 3979 2334 4049 publice
2360 3997 2393 4032 v
2506 3985 2572 4033 19
2609 3980 2884 4050 inponun-

579 4075 672 4125 tur
699 4072 755 4126 A
783 4070 1149 4139 imponuntur
1187 4070 1304 4124 VB
1447 4068 1535 4123 his
1565 4086 1597 4122 v
1629 4069 1713 4122 bis
1747 4069 1936 4123 PAR
1965 4085 2104 4123 corr.
2133 4067 2205 4122 iis
2235 4067 2315 4123 A²
2460 4068 2696 4122 collaria.
2721 4070 2885 4123 Bmv

579 4161 810 4215 colloria
831 4159 947 4213 PA
1033 4167 1101 4214 20
1121 4160 1280 4213 firmo
1302 4160 1732 4228 superscriptum
1750 4160 1814 4213 i‘n
1832 4162 1887 4213 A
1981 4165 2046 4212 21
2070 4160 2271 4226 quibus
2290 4158 2440 4212 intra
2459 4157 2697 4212 insuitur
2716 4158 2883 4227 pellis

590 4250 826 4305 Ursinus
967 4249 1118 4303 intra
1155 4248 1347 4319 capita.
1395 4248 1509 4302 VB
1545 4247 1698 4301 intra
1736 4247 1920 4316 capite
1959 4248 2084 4302 Am
2227 4248 2424 4302 molles
2462 4263 2602 4302 corr.
2642 4277 2710 4286 -—
2749 4246 2798 4300 is
2827 4246 2882 4299 A

723 4345 790 4392 22
831 4338 1046 4393 duricia
1090 4337 1200 4391 VA
1346 4343 1412 4391 23
1454 4335 1698 4404 reliquas
1740 4337 1925 4390 PAB
1961 4337 2206 4405 reliquos
2244 4354 2338 4390 mv
2483 4353 2634 4405 quaer
2665 4336 2725 4389 id
2767 4336 2883 4389 PB

578 4428 728 4497 quod
773 4427 831 4480 id
870 4430 922 4480 A
972 4427 1068 4493 qui
1112 4426 1220 4481 hoc
1276 4444 1328 4480 m
1385 4424 1480 4494 qui
1538 4424 1596 4479 id
1652 4442 1683 4478 v
1836 4431 1934 4502 ,24
1991 4424 2352 4482 multitudine
2408 4426 2569 4479 ABv
2626 4425 2882 4479 multitu-

579 4517 766 4571 dinem
805 4517 861 4569 P
