3178 5185
451 408 584 463 XIV
1365 408 1777 463 PRAEFATIO

451 578 606 636 liber
653 579 868 636 tertius
915 578 1181 652 explicit.
1272 577 1333 635 in
1385 585 1650 636 extrema
1695 576 1836 636 libri
1880 584 2067 654 parte,
2116 573 2390 635 similiter
2446 585 2622 655 atque
2672 576 2744 637 de

452 683 849 744 Laurentiano
898 682 1101 743 codice
1151 701 1329 762 supra
1377 683 1606 744 dictum
1644 692 1755 763 est,
1803 683 2048 743 lacunae
2087 684 2147 741 in
2188 684 2485 760 scriptura
2525 682 2746 742 codicis

453 789 692 850 relictae
750 798 914 870 sunt3
982 808 1334 869 quamquam
1392 791 1463 851 de
1522 790 1616 849 his
1674 808 1792 850 non
1848 789 2019 870 plane
2079 808 2214 850 eum
2272 788 2370 849 illo
2430 790 2746 870 consentit,

452 898 555 957 sed
614 897 898 977 quaedam
959 915 1109 977 quae
1157 899 1217 958 in
1265 897 1663 959 Laurentiano
1711 896 1916 957 codice
1965 897 2220 957 indicata
2266 897 2478 957 lacuna
2526 899 2745 956 omissa

450 1013 592 1065 sunt
639 1004 922 1085 leguntur
969 1006 1030 1064 in
1077 1006 1210 1065 hoc.

626 1111 676 1171 Ii
733 1114 837 1191 qui
892 1121 1027 1172 ante
1075 1111 1401 1173 Victorium
1450 1113 1691 1173 Catonis
1748 1120 1809 1173 et
1855 1111 2137 1173 Varronis
2192 1111 2379 1172 libros
2437 1129 2550 1171 una
2609 1129 2745 1171 eum

451 1218 697 1296 reliquis
744 1218 1144 1280 Romanorum
1193 1219 1265 1279 de
1313 1238 1378 1278 re
1428 1221 1650 1280 rustica
1690 1219 2086 1299 scriptoribus
2126 1220 2186 1278 in
2224 1217 2388 1279 Italia
2428 1218 2746 1278 ediderunt

448 1325 660 1385 iisdem
709 1324 1042 1399 codicibuS,
1093 1344 1242 1405 quos
1289 1345 1461 1387 nunc
1497 1325 1807 1408 habemuS,
1854 1329 1948 1386 usi
1996 1336 2152 1387 sunt.
2247 1345 2381 1386 nam
2429 1343 2742 1405 quaecum-

452 1452 566 1511 que
632 1435 692 1492 in
759 1435 1189 1512 antiquissimis
1254 1432 1594 1495 editonibus
1652 1433 1850 1515 aliter,
1917 1442 2092 1512 atque
2151 1435 2211 1493 in
2271 1452 2446 1493 manu
2504 1433 2745 1511 scriptis

450 1539 617 1599 libris
691 1540 968 1618 legimuS,
1043 1559 1322 1620 expressa
1398 1550 1565 1622 sunt,
1640 1550 1741 1601 aut
1808 1540 2212 1620 neglegentiae
2281 1540 2575 1601 editorum
2644 1548 2746 1600 aut

450 1648 828 1708 coniecturae
878 1647 1190 1709 tribuenda
1238 1667 1369 1708 esse
1418 1658 1649 1709 certum
1697 1656 1804 1709 est.
1896 1650 2152 1730 primum
2201 1656 2398 1721 autem
2448 1648 2742 1726 Georgius

452 1752 706 1833 Merula,
773 1757 876 1833 qui
941 1757 1270 1834 principem
1328 1755 1651 1816 editionem
1706 1775 1757 1827 a.
1821 1752 1988 1815 1472
2048 1755 2307 1815 Venetiis
2364 1756 2515 1835 apud
2574 1755 2744 1815 Nico·

453 1861 609 1921 laum
670 1860 987 1922 Iensonum
1057 1864 1404 1942 impressam
1472 1863 1642 1944 fecit,
1706 1861 1999 1941 permulta
2070 1880 2177 1922 suo
2245 1862 2521 1944 arbitrio,
2587 1862 2745 1923 nulla

452 1967 742 2028 librorum
809 1987 983 2030 manu
1051 1971 1411 2048 scriptorum
1480 1970 1594 2030 fide
1664 1971 1926 2031 mutavit.
2028 1977 2164 2048 post
2228 1970 2386 2030 hunc
2441 1969 2744 2031 Iucundus

453 2075 837 2157 VeronensiS,
894 2078 995 2155 qui
1043 2075 1283 2136 Aldinae
1341 2077 1589 2137 editioni
1645 2096 1693 2137 a.
1755 2074 1927 2137 1514
1986 2079 2171 2137 sactae
2229 2078 2509 2156 praefuit,
2569 2095 2743 2136 manu

452 2184 709 2261 scriptos
756 2181 969 2263 libros,
1023 2184 1085 2242 in
1132 2183 1226 2243 his
1274 2182 1606 2244 Mediceum
1656 2183 1949 2263 codicem,
2000 2200 2174 2261 quem
2226 2201 2404 2262 supra
2453 2183 2600 2264 dixi,
2647 2183 2743 2243 ad-

452 2289 670 2370 hibuit3
720 2309 911 2369 neque
960 2298 1155 2350 tamen
1204 2290 1275 2350 ad
1324 2291 1500 2351 fldem
1548 2291 1822 2351 codicum
1871 2293 2228 2369 scripturam
2278 2291 2591 2369 revocavit,
2640 2289 2742 2349 sed

455 2399 676 2457 maiore
725 2398 903 2456 etiam
950 2396 1188 2458 licentia
1236 2416 1382 2457 usus
1420 2397 1676 2477 plurima
1715 2416 1820 2458 sua
1861 2398 2203 2457 coniectura
2246 2399 2492 2456 novavit.
2587 2397 2743 2456 Aldi-

453 2523 585 2564 nam
653 2503 975 2564 editionem
1043 2522 1091 2563 a.
1158 2500 1328 2564 1515
1395 2513 1598 2566 secuta
1667 2513 1760 2564 est
1822 2504 2055 2565 Iuntina
2114 2523 2143 2564 a
2202 2504 2441 2564 Nicolao
2500 2504 2744 2583 Angelio

450 2612 795 2672 Florentino
853 2614 1032 2692 faeta,
1090 2615 1151 2672 in
1209 2631 1328 2691 qua
1386 2631 1503 2673 non
1561 2613 1738 2673 nullis
1796 2613 1942 2673 locis
1990 2612 2279 2674 lectiones
2328 2612 2569 2672 Aldinae
2619 2613 2743 2672 edi-

452 2721 631 2779 tionis
689 2738 760 2779 ex
808 2718 1166 2780 Florentinis
1214 2720 1522 2781 codicibus
1572 2728 1904 2800 correctae,
1966 2721 2216 2800 plurima
2266 2730 2459 2780 tamen
2510 2722 2620 2801 sic,
2679 2729 2745 2780 ut

455 2828 512 2885 in
562 2825 661 2886 illa
709 2827 863 2887 edita
911 2835 1098 2908 erant,
1147 2829 1398 2906 repetita
1447 2835 1603 2888 sunt.
1696 2828 1804 2887 hac
1853 2846 1960 2907 pro
2012 2827 2393 2888 fundamento
2442 2846 2581 2886 suae
2622 2827 2741 2886 edi-

455 2934 634 2994 tionis
683 2952 829 2993 usus
876 2941 968 2993 est
1014 2934 1230 2995 Petrus
1278 2934 1573 2995 Victorius
1624 2953 1815 3013 neque
1864 2942 2206 2994 constanter
2245 2954 2354 3014 pro
2393 2934 2742 3013 interpolata

456 3043 734 3120 impressi
772 3041 1125 3121 exemplaris
1163 3042 1415 3102 lectione
1448 3043 1765 3119 genuinam
1797 3041 2104 3120 archetypi
2135 3042 2356 3101 codicis
2386 3043 2741 3120 scripturam

454 3150 747 3229 restituit,
802 3148 907 3208 sed
965 3147 1102 3208 olim
1154 3147 1443 3227 vulgatam
1491 3148 1808 3208 lectionem
1857 3167 1928 3208 ex
1977 3148 2209 3208 Iuntina
2259 3148 2518 3208 editione
2568 3166 2743 3226 saepe

451 3258 694 3336 recepit.
787 3255 931 3335 quid
989 3256 1388 3340 antiquissimi
1447 3255 1707 3316 editores
1767 3255 1854 3315 vel
1911 3257 1950 3314 ii
2016 3256 2117 3333 qui
2173 3264 2375 3333 postea
2424 3256 2484 3313 in
2532 3254 2742 3314 iisdem

449 3363 618 3423 libris
675 3381 913 3442 operam
963 3361 1401 3423 collocaverunt
1458 3364 1518 3422 in
1580 3362 1996 3423 emendatione
2045 3370 2361 3440 corruptae
2411 3363 2742 3440 scripturae

450 3472 841 3550 profecerint,
905 3470 1016 3529 hoe
1083 3470 1212 3530 loco
1280 3488 1399 3530 non
1466 3470 1675 3530 dicam.
1779 3489 1913 3530 nam
1980 3469 2153 3529 fidem
2213 3468 2485 3529 lectionis
2541 3467 2613 3528 ab
2670 3469 2742 3527 iis

450 3578 762 3656 petendam
811 3595 929 3637 non
979 3596 1110 3637 esse
1159 3596 1230 3637 ex
1277 3579 1351 3637 iis
1400 3596 1548 3656 quae
1599 3577 1719 3637 dixi
1765 3594 2049 3657 apparere
2098 3585 2258 3655 puto.

632 3684 838 3746 Restat
896 3692 963 3744 ut
1017 3684 1090 3744 de
1148 3687 1374 3744 ratione
1433 3703 1618 3745 novae
1658 3684 1935 3745 editionis
1984 3684 2190 3744 dicam.
2284 3685 2483 3761 itaque
2533 3683 2601 3742 ad
2653 3701 2741 3742 re-

451 3791 812 3852 stituendam
853 3799 1112 3850 veterem
1152 3793 1527 3871 scripturam,
1576 3809 1726 3870 quae
1765 3793 1826 3850 in
1865 3791 2040 3851 editis
2078 3789 2269 3850 adhuc
2309 3789 2743 3869 exemplaribus

451 3897 832 3958 vehementer
871 3906 1153 3977 corrupta
1193 3905 1337 3980 erat,
1374 3897 1697 3978 plurimum
1736 3897 1893 3958 haud
1932 3897 2110 3958 dubie
2151 3896 2424 3957 Politiani
2465 3906 2741 3976 excerpta

450 4005 658 4067 valent.
761 4023 943 4084 quare
1010 4024 1250 4084 operam
1316 4005 1451 4065 dedi
1517 4013 1583 4065 ut
1648 4005 1793 4065 haec
1852 4006 2103 4065 maxime
2160 4006 2220 4064 in
2278 4022 2424 4064 nova
2483 4003 2740 4063 editione

452 4121 728 4174 accurate
776 4122 1387 4192 repraesentarentur.
1473 4123 1533 4175 et
1580 4116 1857 4192 quoniam
1897 4115 2182 4174 incertior
2220 4131 2425 4173 eorum
2467 4111 2612 4172 fides
2652 4117 2744 4170 est

448 4223 509 4279 iu
556 4221 629 4279 iis
678 4237 828 4299 quae
867 4219 1193 4282 Politianus
1242 4239 1358 4280 non
1411 4228 1632 4281 mutata
1679 4222 1741 4279 in
1788 4222 2058 4300 principe
2099 4219 2359 4280 editione
2400 4218 2740 4298 reliquerat,

449 4346 625 4406 quam
691 4329 751 4387 in
816 4329 888 4387 iis
953 4347 1100 4406 quae
1159 4346 1230 4387 ex
1289 4346 1465 4388 manu
1523 4329 1746 4407 scripto
1807 4326 1957 4388 libro
2017 4326 2362 4405 adscripsit,
2420 4325 2562 4385 haee
2622 4324 2740 4384 duo

450 4454 670 4512 genera
730 4438 809 4494 ita
867 4434 1136 4516 distinxi,
1195 4444 1259 4495 ut
1305 4453 1372 4494 ea
1422 4453 1571 4513 quae
1621 4453 1691 4494 ex
1739 4435 1943 4495 codice
1992 4434 2373 4494 adnotaverat
2423 4434 2478 4490 P
2527 4432 2742 4511 littera,

448 4562 597 4622 quae
656 4545 718 4602 in
774 4544 1042 4621 principe
1101 4542 1359 4601 editione
1423 4559 1539 4600 non
1601 4550 1927 4602 mutaverat
1977 4542 2170 4601 littera
2233 4542 2284 4599 V
2325 4541 2740 4618 significarem.
