3178 5185
501 399 631 464 312

503 574 664 612 omne
704 575 896 627 genus,
936 559 1264 627 omnigenus
1303 564 1407 611 244

502 664 695 701 omnes
738 652 860 702 140.

505 735 662 804 origa
691 752 800 804 pro
837 737 1034 807 auriga
1071 742 1153 791 85.
1200 743 1298 791 190

503 842 589 879 -os
618 842 726 894 pro
762 844 826 879 us
871 827 934 879 in
978 827 1316 881 nominativo
1351 829 1619 882 secundae

572 914 959 969 declinationis
999 921 1080 968 12.
1121 922 1186 969 41

502 1020 592 1057 -os
638 1005 702 1057 in
761 1005 1073 1058 accusativo
1124 1005 1343 1072 plurali
1387 1011 1618 1075 quartae

554 1082 964 1148 'declinationis
1001 1099 1032 1145 6

505 1270 871 1325 Paeminosus
915 1275 1012 1324 112

501 1361 667 1430 palea
709 1366 804 1414 121

502 1450 668 1519 palea
697 1467 804 1519 pro
840 1450 1158 1519 palearibus
1200 1455 1300 1504 175

503 1541 692 1609 palma
730 1544 831 1592 252

500 1628 770 1697 pastitare
808 1634 910 1682 291

500 1717 800 1785 peculiaris
840 1724 905 1771 63

504 1823 672 1875 pecus
709 1807 925 1875 pecoris
962 1813 1011 1860 et
1048 1823 1219 1876 pecus
1252 1806 1481 1873 pecudis
1516 1812 1614 1860 133

499 1894 733 1965 perflare
776 1903 874 1949 111

498 1985 760 2054 persequi
800 1990 902 2039 308

499 2072 746 2142 pertinet
786 2080 902 2128 135.
948 2079 1045 2127 149

499 2162 755 2231 pervenit
796 2169 895 2216 135

498 2253 681 2320 pisare
719 2252 938 2320 pinsere
979 2258 1081 2305 125

497 2341 796 2410 pistrinum
837 2345 937 2394 125

496 2431 770 2499 plostrum
809 2436 876 2483 85

489 2520 734 2587 pluralis
808 2535 1067 2574 numerus
1145 2536 1267 2573 cum
1337 2519 1620 2587 sinyulafri

569 2614 812 2664 mutatus
871 2617 953 2664 86.
1029 2610 1313 2663 nominum
1377 2610 1618 2663 abstrac-

571 2703 749 2751 torum
785 2705 889 2766 236

501 2786 627 2854 plus
667 2803 835 2853 quam
875 2793 940 2841 77

499 2891 670 2943 porca
706 2880 773 2928 83

499 2980 670 3032 posea
704 2982 881 3034 pusea
916 2972 947 3019 6

499 3053 909 3123 postprincipia
945 3059 1049 3107 236

495 3157 772 3210 praegnas
814 3149 915 3196 150

494 3232 923 3299 praepositiones
948 3232 1252 3300 yeminatae
1283 3236 1400 3286 130.
1458 3233 1616 3287 omis·

568 3335 659 3372 sae
699 3324 815 3375 143.
891 3325 1018 3374 ante
1070 3322 1361 3376 relativum
1410 3338 1616 3391 prono·

569 3423 689 3460 men
727 3411 793 3461 99

489 3509 749 3561 praesens
767 3501 976 3565 tempus
1004 3516 1125 3554 cum
1144 3498 1455 3567 imperfecto
1485 3513 1612 3552 eon—

567 3584 815 3639 iunctum
852 3586 914 3639 in
951 3588 1312 3642 coniunctivis
1353 3590 1418 3638 51

497 3689 763 3742 praesepe
802 3690 1097 3743 praesepes
1137 3680 1204 3729 50

497 3763 779 3828 praestare
819 3768 887 3816 59

495 3850 718 3917 praeter
753 3855 803 3903 et
838 3854 1230 3920 praeterquam
1273 3858 1375 3907 102

495 3939 763 4006 prendere
821 3939 1214 4009 comprendere
1271 3943 1612 4011 deprendere

570 4034 636 4082 76

494 4116 677 4185 primo
712 4115 955 4186 primum
994 4124 1097 4172 296

493 4205 764 4274 primores
803 4212 869 4260 77

494 4293 649 4362 prius
688 4312 858 4364 quam
900 4301 994 4348 151

494 4382 791 4452 prodigere
831 4387 933 4437 149

495 4471 728 4538 proinde
770 4476 872 4525 160

494 4575 700 4626 pronus
739 4565 805 4614 97

1529 410 1761 465 INDEX

1674 576 1848 628 prope
1891 567 1991 614 199

1672 649 1922 718 propolis
1962 656 2064 704 293

1672 739 1904 807 propter
1934 740 2298 808 postpositum
2337 744 2442 793 215

1672 827 1988 895 proximum
2026 834 2094 882 46

1672 915 1891 984 pullitri
1930 923 2033 971 263

1673 1007 1960 1074 putescere
1998 1007 2316 1073 putrescere
2356 1012 2424 1061 90

1674 1182 2152 1254 (ξηαιαάυενόἰαηι
2193 1189 2293 1238 137

1675 1271 1860 1339 quaad.
1896 1272 2083 1340 quoad
2129 1279 2160 1326 5

1676 1377 1844 1427 quam
1870 1377 1972 1429 pro
2000 1361 2189 1429 potius
2222 1380 2389 1432 quam
2420 1369 2504 1417 94.
2535 1365 2795 1418 omissum

1746 1451 1809 1503 in
1844 1452 2161 1505 nominibus
2196 1469 2542 1506 numerorum
2581 1457 2646 1505 77

1676 1556 2015 1607 quamquam
2057 1546 2160 1594 280

1677 1631 1877 1695 quarto
1916 1635 2019 1682 296

1674 1717 1768 1784 qui
1799 1733 2104 1785 pronomen
2139 1719 2427 1772 relativum
2465 1724 2549 1772 40.
2588 1723 2673 1771 47.
2703 1723 2793 1772 48.

1749 1812 1834 1860 92.
1878 1812 1995 1860 104.
2031 1811 2149 1861 149.
2191 1813 2311 1861 303.
2377 1824 2498 1861 cum
2535 1807 2794 1860 coniunc-

1743 1897 1854 1949 tivo
1909 1901 2063 1949 281.·
2122 1895 2243 1963 quis
2289 1912 2397 1965 pro
2450 1895 2650 1965 quibus
2705 1900 2795 1949 35.

1748 1989 1848 2037 193

1675 2073 1771 2142 qui
1810 2074 2125 2129 adverbium
2162 2076 2452 2128 relativum
2492 2079 2592 2127 129

1675 2162 1772 2231 qui
1809 2164 2128 2218 adverbium
2162 2165 2536 2230 indefinitum,
2575 2177 2697 2217 cum
2732 2163 2796 2215 vi

1747 2253 2088 2319 adfirmandi
2124 2258 2208 2307 59.
2248 2257 2350 2305 232

1674 2341 1806 2408 quia
1843 2346 1942 2395 291

1676 2429 1872 2498 quidni
1911 2436 2014 2484 220

1674 2519 1798 2587 quis
1837 2520 1959 2588 qui,
2000 2537 2168 2588 quae,
2206 2520 2340 2588 quid
2389 2520 2540 2589 quod
2578 2535 2793 2590 prono-

1741 2611 1896 2664 mina
1942 2611 2234 2677 indefinita
2287 2617 2337 2666 et
2390 2612 2811 2679 interrogativa·

1746 2704 1830 2754 44.
1890 2698 2012 2766 quis
2051 2698 2193 2754 alius
2232 2705 2350 2754 205.
2410 2700 2623 2753 aliusve
2662 2698 2788 2766 quis

1745 2793 1848 2840 272

1677 2877 1913 2945 quisque
1935 2893 2056 2931 cum
2076 2878 2403 2944 pronomine
2429 2877 2682 2945 resleoeivo
2702 2881 2791 2929 32.

1738 2968 1958 3035 plurali
1992 2982 2214 3030 numero
2252 2971 2373 3020 302.
2414 2965 2653 3034 quicque
2685 2970 2755 3019 32

1675 3072 1783 3123 quo
1822 3062 1904 3110 24.
1945 3062 2030 3110 27.
2071 3062 2140 3109 36

1673 3144 1824 3213 quod
1861 3150 1945 3199 83.
1988 3150 2104 3198 113.
2143 3149 2248 3197 240

1671 3232 1985 3302 quodannis
2025 3238 2092 3286 69

1670 3322 1901 3389 quoteni
1941 3328 1971 3375 3

1669 3498 1967 3554 Racemari
2004 3504 2107 3553 259

1668 3590 2092 3655 recrementum,
2132 3587 2519 3641 retrimentum
2563 3591 2664 3640 126

1669 3676 1923 3746 redigere
1964 3682 2063 3730 149

1612 3795 1617 3796 ⁷
1669 3767 1891 3820 reficere
1936 3771 2016 3820 13.
2060 3772 2126 3820 73

1669 3854 1998 3924 refrigerare
2040 3860 2155 3908 120.
2198 3859 2299 3907 149

1669 3943 1918 4012 regelare
1961 3950 2060 3997 120

1667 4032 1907 4090 reiculae
1948 4049 2078 4087 oves
2121 4039 2219 4085 144

1668 4120 1946 4188 reliquum
1982 4126 2050 4174 36

1666 4227 1754 4263 res
1810 4216 1924 4264 118.
1978 4215 2094 4266 142.
2169 4226 2288 4264 cum
2342 4215 2536 4264 neutro
2593 4228 2792 4279 yenere

1728 4300 2116 4368 pronominum
2153 4301 2234 4353 vel
2275 4301 2713 4368 participiorum
2753 4309 2787 4355 8

1665 4386 1936 4441 restibilis
1974 4404 2107 4457 ager
2143 4394 2246 4442 299

1665 4475 1834 4531 rixari
1870 4475 2053 4531 rixare
2093 4483 2158 4531 52

1665 4565 1866 4619 robeus
1908 4572 2008 4618 175
