3178 5185
766 416 1024 472 RERVM
1062 415 1539 471 RVSTICARVM
1575 416 1712 473 LIB.
1750 417 1775 470 I
1815 414 1898 473 50
1911 445 1979 454 -
1991 415 2027 473 5
2039 416 2068 471 1
2452 410 2484 472 1
2500 411 2530 472 1
2542 410 2574 473 1

477 570 672 641 Quod
725 580 918 631 terra
964 571 1253 648 haeret]
1312 574 1488 645 Quod
1532 580 1740 634 terrae
1785 574 2003 633 haeret
2038 590 2107 632 ex
2151 574 2419 652 principe
2458 573 2578 633 edi·

310 680 459 738 tione
514 686 823 758 receptum
880 686 1021 739 erat.
1114 697 1222 758 pro
1283 679 1395 740 hoc
1452 682 1616 754 quod
1658 697 1795 741 eum
1852 687 2023 740 terra
2079 681 2293 741 haeret
2347 682 2578 762 scripsi,

310 786 453 864 quod
512 784 889 865 postulabant
945 803 1013 845 ea
1061 803 1211 864 quae
1259 796 1593 865 sequuntur
1650 789 1813 862 quoa
1863 805 2000 848 eum
2054 790 2227 863 spica
2280 794 2579 848 stramen-

307 899 420 952 tum
466 895 697 954 haeret.

473 996 513 1060 3
579 998 746 1060 Cum
792 1007 901 1060 est
948 1008 1218 1061 matura
1266 1019 1472 1080 seges
1520 999 1922 1060 metendum
1962 1019 2114 1061 cum
2153 1001 2224 1060 in
2263 1018 2337 1060 ea
2377 1002 2576 1080 iuge-

306 1124 449 1166 rum
506 1108 658 1167 fere
707 1125 841 1167 una
907 1125 1121 1187 opera
1185 1107 1694 1187 propemodum
1761 1107 1831 1167 in
1903 1107 2102 1167 facili
2169 1125 2335 1186 agro
2400 1110 2578 1168 satis

305 1231 453 1274 esse
501 1214 787 1274 dicatur
843 1232 1116 1275 messas
1173 1216 1411 1294 spicas
1466 1213 1814 1302 coru-ibus
1871 1215 1940 1273 in
1999 1232 2227 1274 aream
2290 1214 2576 1275 deferre

304 1319 471 1381 debe
489 1319 599 1399 nt]
648 1323 895 1408 Issicitur
932 1322 1118 1382 codex
1156 1321 1464 1383 CaesenaS.
1539 1339 1677 1383 eum
1725 1328 1813 1382 est
1848 1328 2095 1382 matura
2132 1339 2321 1396 seyeS,
2359 1329 2577 1382 meten-

305 1429 453 1488 dum.
528 1446 666 1489 eum
714 1432 777 1488 in
832 1448 906 1490 ea
954 1432 1233 1505 iuyerum
1283 1429 1595 1505 fereuna
1650 1447 1839 1505 opera
1886 1446 2138 1489 messum
2195 1435 2307 1503 est,
2359 1446 2575 1506 prope-

303 1537 534 1595 modum
593 1538 654 1595 in
705 1534 888 1610 facili
940 1555 1093 1612 aqro
1147 1540 1298 1597 satis
1354 1555 1483 1598 esse
1537 1539 1792 1612 dicitur,
1850 1542 1917 1597 ut
1971 1553 2194 1597 messas
2248 1539 2452 1612 spicas
2517 1540 2577 1597 in

305 1660 508 1703 aream
555 1644 842 1703 corbibus
888 1642 1138 1718 deferre
1184 1645 1443 1704 debeant
1479 1642 1799 1705 Iucundus.
1874 1642 2176 1722 archetypi
2223 1645 2576 1722 scripturam

303 1746 591 1810 Victorius
639 1752 917 1832 restituit,
967 1749 1071 1811 ubi
1117 1768 1255 1811 cum
1303 1754 1366 1811 in
1409 1754 1689 1826 iuqerum
1735 1749 2113 1810 scribendum
2153 1767 2284 1809 esse
2334 1748 2576 1810 Schnei-

303 1855 475 1917 derus
514 1859 788 1939 coniecit,
834 1875 1028 1936 neque
1076 1867 1270 1918 tamen
1321 1876 1437 1936 quo
1485 1857 1544 1917 id
1593 1859 1886 1937 pertineat
1932 1856 2260 1936 explicavit.
2335 1863 2395 1916 et
2450 1874 2575 1917 cor-

303 1970 467 2041 rupta
515 1963 672 2024 haud
721 1963 899 2025 dubie
948 1972 1087 2025 sunt
1127 1964 1290 2046 haec,
1332 1982 1468 2026 cum
1507 1968 1569 2026 in
1610 1983 1683 2026 ea
1725 1968 2002 2040 iuqerum
2041 1968 2304 2025 dicatur.
2378 1966 2577 2042 itaque

302 2068 490 2130 deleto
539 2089 695 2146 cum,
744 2072 900 2150 quod
949 2090 1018 2132 ex
1060 2071 1470 2152 superioribus
1508 2074 1826 2151 repetitum
1858 2080 2000 2153 erat,
2048 2072 2278 2153 scripsi,
2316 2088 2452 2131 cum
2492 2078 2582 2131 est

301 2184 539 2238 matura
584 2197 775 2260 seyes,
829 2182 1196 2240 metendum:
1252 2182 1314 2239 in
1362 2197 1430 2241 eo
1478 2181 1541 2240 in
1592 2182 1869 2254 iuqerum
1909 2177 2049 2253 fere
2102 2196 2227 2238 una
2274 2195 2462 2254 opera
2491 2211 2576 2220 —

301 2287 444 2345 satis
500 2303 631 2346 esse
686 2288 931 2346 dieitur.
1004 2287 1067 2346 in
1123 2286 1400 2347 metendo
1456 2304 1573 2346 una
1639 2285 1763 2346 fere
1820 2303 1998 2365 opera
2054 2287 2114 2344 in
2179 2287 2450 2363 iugerum
2515 2288 2576 2345 in

302 2391 451 2451 facili
498 2392 738 2471 quidem
787 2411 946 2473 agro,
1002 2391 1106 2453 ubi
1152 2395 1348 2454 minus
1393 2393 1574 2453 densa
1624 2411 1793 2472 seges
1841 2401 1958 2473 est,
2019 2392 2294 2452 sufficere
2343 2392 2576 2454 dicitur.

302 2496 351 2555 11
385 2495 445 2579 4,
473 2496 561 2559 22
612 2503 674 2559 in
720 2507 960 2561 centum
1004 2518 1143 2560 sues
1180 2503 1385 2562 decem
1423 2518 1633 2561 verres
1678 2503 1827 2560 satis
1865 2518 1992 2560 esse
2027 2505 2264 2576 putant,
2312 2500 2364 2559 11
2403 2497 2463 2582 9,
2495 2497 2576 2560 16

301 2609 357 2666 in
397 2605 660 2681 fundum
704 2611 854 2668 satis
900 2627 1028 2670 esse
1066 2611 1203 2684 duo,
1250 2607 1275 2667 1
1310 2605 1408 2690 16,
1439 2606 1479 2670 3
1529 2626 1693 2684 quae
1725 2626 1874 2686 opus
1909 2614 2050 2668 sunt
2088 2610 2149 2668 in
2181 2607 2460 2683 fundum.
2491 2640 2576 2651 —

302 2716 359 2773 in
406 2732 478 2774 ea
526 2733 717 2794 nuper
764 2713 1144 2777 Heidrichius
1191 2715 1533 2776 Varronian.
1573 2714 1599 2774 1
1636 2735 1693 2795 p.
1731 2712 1817 2777 30
1864 2717 1947 2775 ita
1985 2713 2221 2775 defendi
2259 2733 2432 2794 posse
2472 2734 2577 2794 pu·

308 2822 458 2902 tavit,
506 2828 574 2881 ut
619 2829 781 2882 esset
826 2823 887 2882 in
937 2841 1128 2883 messe
1178 2822 1459 2883 facienda.

468 2933 540 2987 LI
592 2927 625 2989 1
707 2927 923 2998 Quam
998 2929 1321 3009 perflare
1385 2932 1623 3010 possit
1687 2928 1985 3005 uentus]
2072 2931 2240 3002 Quae
2306 2931 2579 3005 perflare

301 3033 473 3093 editio
511 3034 736 3095 Aldina.
817 3054 997 3111 quam
1034 3036 1314 3116 Angelius
1353 3044 1412 3097 et
1449 3045 1584 3116 post
1621 3038 1781 3098 hunc
1820 3035 2119 3097 Victorius
2157 3037 2576 3096 restituerunt:

299 3140 320 3198 l
358 3137 468 3223 57,
500 3140 533 3203 1
589 3147 901 3218 ⁸aranaria
955 3147 1263 3219 sublimia,
1319 3162 1477 3220 quae
1505 3148 1875 3226 perflenlur,
1943 3140 2046 3226 59,
2091 3142 2121 3203 1
2174 3150 2242 3203 ut
2287 3161 2397 3203 eae
2434 3162 2576 3219 per-

293 3249 516 3319 flentur
563 3257 808 3310 curant.

471 3355 712 3417 Solida
761 3365 958 3418 terra
1004 3360 1249 3438 pauita
1306 3360 1601 3418 maxime
1660 3361 1719 3418 si
1765 3367 1875 3418 est
1922 3357 2179 3437 argilla
2235 3375 2318 3416 ne
2377 3364 2574 3416 aestu

307 3464 660 3539 peminosa
717 3465 786 3524 in
850 3466 1056 3525 rimis
1113 3468 1268 3526 eius
1324 3484 1540 3544 grana
1589 3463 2065 3543 oblitescant]
2131 3465 2340 3525 Solida
2406 3470 2577 3524 terra

299 3571 522 3645 pavita,
578 3574 844 3631 maxime
897 3575 954 3632 si
1006 3580 1096 3633 est
1151 3575 1469 3648 ammosa,
1531 3591 1609 3633 ne
1663 3579 1834 3633 aestu
1885 3575 2232 3649 perrimosa
2289 3574 2349 3631 in
2406 3573 2577 3630 rimis

306 3677 423 3735 eius
463 3695 671 3751 qrana
719 3680 1075 3739 oblitescant
1119 3678 1366 3759 Merula,
1426 3682 1622 3740 solida
1671 3686 1843 3740 terra
1882 3682 2172 3756 pavitam,
2219 3681 2481 3738 maxime
2524 3679 2581 3736 si

303 3789 384 3841 est
420 3787 732 3864 arqillosa,
773 3804 851 3844 ne
891 3793 1060 3846 aestu
1100 3790 1325 3847 rimosa
1357 3804 1483 3865 sqq.
1513 3784 1836 3866 IucunduS,
1882 3785 1987 3846 ubi
2021 3789 2079 3846 si
2113 3792 2201 3846 est
2238 3787 2463 3860 arqilla
2501 3802 2577 3843 ne

305 3898 465 3951 aestu
522 3894 882 3968 paeminosa
949 3912 1019 3952 ex
1087 3893 1289 3954 codice
1355 3892 1652 3953 Victorius
1718 3894 1997 3954 restituit.
2085 3894 2339 3953 solidam
2404 3898 2575 3951 terra

293 4002 496 4072 pavita
544 4007 602 4058 et
661 3998 874 4059 deinde
932 4019 1008 4060 ne
1067 4008 1237 4061 aestu
1278 4004 1394 4074 fiat
1440 4004 1755 4078 peminosa
1811 4008 1870 4061 et
1925 4002 2188 4076 recipiat
2242 4016 2464 4074 aquam
2520 4006 2578 4058 et

299 4109 443 4166 ostia
472 4108 723 4183 aperiat
748 4108 1023 4167 muribus
1051 4126 1128 4168 ac
1150 4107 1429 4183 formicis
1460 4107 1727 4169 Ursinus,
1785 4106 1938 4185 apud
1960 4105 2213 4166 Nonium
2243 4107 2298 4185 p.'
2326 4104 2468 4186 163,
2495 4103 2572 4166 11

299 4214 352 4272 in
389 4214 559 4275 libris
600 4233 777 4275 manu
817 4216 1056 4294 scriptis
1085 4214 1230 4275 haec
1269 4217 1348 4276 ita
1379 4215 1675 4295 leguntur,
1706 4216 2083 4275 Peminosum
2121 4217 2269 4274 mali
2303 4216 2508 4274 odoris
2537 4231 2575 4273 a

292 4324 516 4395 pedore
564 4323 823 4381 dictum:
884 4321 1081 4381 Varro
1139 4324 1215 4382 de
1269 4341 1340 4382 re
1385 4325 1620 4382 rustica
1667 4323 1765 4381 lib.
1807 4322 1844 4379 I
1892 4324 2087 4382 solida
2134 4328 2305 4381 terra
2343 4324 2575 4397 pavita,

298 4431 550 4488 maxime
604 4430 663 4487 si
706 4434 795 4488 est
842 4431 1094 4503 arqilla,
1149 4447 1226 4489 ne
1287 4432 1408 4489 situ
1459 4432 1770 4505 peminosa
1828 4429 1891 4487 in
1951 4431 2124 4488 rimis
2185 4430 2315 4488 eius
2365 4446 2574 4503 ⁸arana

298 4536 649 4596 oblitiscant.
737 4553 962 4616 aream,
1028 4534 1100 4595 de
1158 4554 1269 4614 qua
1327 4535 1472 4596 haec
1529 4537 1749 4614 scripta
1808 4543 1974 4618 sunt,
2040 4555 2109 4596 ex
2174 4535 2356 4595 solida
2416 4544 2573 4596 terra
