3178 5185
794 390 1053 445 RERVM
1086 389 1562 445 RVSTICARVM
1602 390 1736 446 LIB.
1774 390 1852 443 III
1896 387 2131 442 10-11
2495 389 2619 453 297

304 563 667 617 consectum
727 558 1064 618 minutatim
1121 576 1191 618 ex
1250 576 1402 636 aqua
1449 559 1509 619 in
1560 576 1660 617 vas
1706 559 1962 638 aliquod.
2056 578 2191 620 cum
2238 567 2437 618 autem
2486 566 2624 618 sunt

302 662 525 724 inclusi
589 667 654 725 in
713 664 888 725 haras
935 674 1038 726 aut
1083 664 1424 746 speluncaS,
1483 673 1549 726 ut
1597 666 1743 746 dixi,
1802 668 2021 746 viceni,
2083 666 2352 726 obiciunt
2399 667 2473 725 iis
2521 684 2621 744 po-

301 769 529 830 lentam
598 771 992 832 hordeaceam
1059 781 1161 833 aut
1226 774 1582 852 farraginem
1649 772 1964 833 herbamve
2032 782 2298 834 teneram
2367 772 2623 851 aliquam

302 879 637 940 concisam.
706 878 775 938 ad
829 879 1213 958 saginandum
1262 880 1488 958 eligunt
1533 879 1727 958 pullos
1775 882 2015 940 circiter
2063 882 2470 960 sesquimense
2510 880 2674 957 qui7

252 993 444 1045 ⁵sunt
513 992 698 1046 natu:
765 1004 867 1045 eos
933 986 1248 1047 includunt
1303 988 1365 1046 in
1423 988 1718 1065 saginario
1776 987 1976 1067 ibique
2033 988 2331 1067 polentam
2389 995 2448 1047 et
2500 986 2622 1064 pol-

302 1090 485 1152 linem
541 1111 701 1171 aqua
750 1092 1074 1153 madefacta
1123 1093 1264 1153 dant
1304 1094 1520 1174 cibum,
1569 1096 1648 1154 ita
1691 1104 1754 1155 ut
1795 1103 1884 1155 ter
1924 1096 2017 1156 die
2057 1104 2343 1157 saturent.
2412 1114 2620 1156 secun-

303 1200 447 1259 dum
498 1199 714 1260 cibum
761 1199 920 1278 large
971 1209 1037 1261 ut
1083 1200 1285 1261 bibant
1325 1202 1549 1263 faciunt
1585 1210 1958 1281 potestatem.
2025 1205 2110 1264 sic
2150 1205 2341 1264 curati
2379 1205 2622 1263 circiter

303 1306 548 1367 duobus
632 1306 938 1367 mensibus
1022 1307 1172 1367 fiunt
1234 1310 1504 1387 pingues,
1617 1312 2150 1390 quotienscumque
2218 1320 2621 1390 sumpserunt,

300 1413 472 1474 locus
526 1414 686 1474 solet
732 1416 992 1496 purgari,
1042 1416 1198 1494 quod
1247 1417 1409 1493 ipsae
1457 1426 1656 1478 amant
1702 1417 1898 1478 locum
1951 1436 2168 1496 purum
2215 1436 2412 1497 neque
2459 1419 2621 1495 ipsae

231 1535 280 1574 ιθ
307 1519 530 1597 ullum,
584 1521 689 1583 ubi
738 1522 1009 1604 fuerunt,
1058 1522 1358 1584 relincunt
1404 1544 1642 1603 purum.

487 1627 616 1698 Qui
689 1637 888 1690 autem
958 1629 1165 1690 volunt
1227 1648 1438 1709 greges
1502 1633 1760 1692 anatium
1827 1631 2047 1693 habere
2112 1652 2179 1694 ac
2245 1634 2610 1693 constituere
2652 1642 2731 1703 xl

306 1737 811 1834 nessotrophion,
868 1738 1127 1815 primum
1182 1737 1406 1818 locum,
1465 1741 1605 1817 quoi
1653 1746 1744 1799 est
1791 1740 2064 1821 facultaS‚
2121 1740 2340 1820 eligere
2388 1748 2624 1818 oportet

305 1844 676 1922 palustrem,
736 1844 893 1923 quod
951 1863 1021 1904 eo
1078 1847 1329 1906 maxime
1379 1845 1780 1927 delectantur3
1838 1849 1891 1907 si
1937 1847 1993 1906 id
2045 1866 2190 1927 non,
2245 1849 2621 1927 potissimum

307 1950 411 2032 ibi,
450 1951 564 2012 ubi
605 1953 686 2011 sit
723 1951 1007 2012 naturalis
1046 1959 1147 2012 aut
1184 1951 1348 2012 lacus
1387 1961 1489 2013 aut
1528 1962 1802 2032 stagnum
1841 1964 1943 2015 aut
1981 1973 2158 2015 manu
2195 1956 2346 2015 facta
2376 1956 2622 2034 piscina,

235 2069 280 2109 ¹5
308 2075 425 2135 quo
485 2058 785 2137 gradatim
842 2059 1204 2119 descendere
1259 2061 1507 2137 possint.
1602 2071 1868 2139 saeptum
1927 2060 2110 2121 altum
2166 2080 2297 2121 esse
2354 2069 2608 2141 oportet,
2637 2077 2671 2131 2

310 2163 414 2224 uhi
484 2173 832 2245 versentur,
898 2166 969 2226 ad
1032 2166 1215 2244 pedes
1273 2166 1638 2246 quindecim,
1706 2176 1772 2227 ut
1834 2168 2062 2228 vidistis
2123 2168 2193 2228 ad
2251 2168 2444 2228 villam
2504 2167 2621 2249 Sei,

312 2272 472 2351 quod
548 2291 668 2332 uno
734 2275 888 2333 ostio
955 2271 1279 2363 claudatur.
1382 2275 1610 2334 circum
1668 2281 1857 2334 totum
1915 2278 2199 2355 parietem
2260 2277 2621 2335 intrinsecus

318 2379 570 2459 crepido
620 2379 764 2461 lata,
821 2382 882 2440 in
931 2399 1045 2459 qua
1094 2379 1423 2440 secundum
1471 2383 1758 2460 parietem
1808 2391 1947 2443 sunt
1994 2391 2147 2443 tecta
2196 2381 2437 2443 cubilia:
2487 2390 2622 2443 ante

461 2631 530 2679 11
573 2625 682 2692 Qui
719 2626 907 2680 autem
946 2623 1145 2679 volunt
1179 2639 1381 2693 greges
1419 2623 1671 2679 analium
1710 2625 1918 2680 habere
1958 2624 2162 2680 Uolum.
2209 2626 2371 2680 VIII
2408 2633 2478 2683 15

461 2863 497 2911 2
558 2857 617 2911 in
673 2857 839 2911 haras
895 2857 994 2910 aut
1051 2856 1344 2925 speluncas
1404 2856 1456 2909 V
1506 2855 1567 2909 in
1624 2857 1788 2911 haras
1846 2874 1918 2911 au
1970 2859 2264 2927 speluncas
2313 2860 2368 2913 A
2403 2828 2622 2915 inharas

316 2949 414 3001 aut
462 2944 764 3014 speluncas
809 2945 864 2998 B
1008 2946 1094 3017 ut]
1142 2946 1200 3000 ui
1238 2947 1293 3000 A
1339 2963 1477 3002 corr.
1513 2948 1587 3028 ,ut
1633 2945 1715 3000 A2
1859 2945 2066 3018 viceni]
2115 2947 2291 3001 uicini
2331 2949 2516 3003 ΡΑΒ
2561 2950 2620 3004 in

316 3051 510 3106 cibum
548 3069 580 3106 v
727 3051 1001 3106 obiiciunt
1046 3053 1098 3106 V
1236 3053 1306 3107 fis
1358 3054 1472 3106 PB
1519 3030 1587 3109 15¹⁵
1626 3057 1681 3108 A
1722 3053 1811 3107 his
1847 3071 1880 3108 v
2026 3060 2058 3107 3
2094 3053 2527 3124 inhordeaceam
2565 3056 2621 3110 A

464 3147 500 3194 4
542 3139 929 3210 saginamdum
969 3139 1025 3193 A
1165 3144 1399 3208 fortasse
1446 3142 1666 3198 circiter
1713 3142 2146 3211 sesquimensem
2193 3144 2289 3213 qui
2337 3147 2467 3199 sunl:
2500 3145 2621 3199 nati

465 3228 843 3297 sesquimense
880 3230 1003 3283 AB
1048 3230 1434 3299 sexquimense
1471 3233 1528 3286 P
1558 3232 1965 3300 sesquimenses
2001 3249 2035 3287 v
2180 3238 2212 3286 ὅ
2258 3234 2392 3287 natu
2436 3233 2621 3288 ΡΑΒ

319 3318 439 3372 nati
477 3336 510 3372 v
654 3316 947 3373 includant
983 3320 1036 3372 A
1186 3326 1217 3373 6
1264 3319 1582 3375 madefacta
1623 3320 1808 3373 PAB
1850 3319 2224 3375 madefactam
2260 3338 2293 3376 v
2436 3322 2522 3376 ita
2558 3324 2624 3376 ut

316 3477 416 3529 per
475 3460 594 3515 dies
651 3463 905 3516 saturent
962 3462 1076 3518 VB
1119 3409 1686 3531 utstzerdematurent
1742 3465 1902 3532 (corr.
1961 3494 2024 3503 -—
2084 3463 2182 3517 des
2239 3465 2510 3533 saturent)
2566 3463 2622 3517 A

319 3553 382 3604 ut
425 3549 512 3606 ita
557 3568 675 3622 per.
725 3550 779 3606 d.
829 3552 947 3606 dies
993 3555 1248 3607 saturent
1292 3569 1347 3606 m
1392 3549 1478 3605 ita
1522 3553 1586 3605 ut
1630 3553 1718 3607 ter
1756 3551 1846 3606 die
1885 3570 1946 3607 se
1984 3554 2236 3608 saturent
2283 3554 2518 3608 Ursinus
2554 3570 2621 3607 ex

321 3638 619 3695 Columella
664 3639 839 3693 VIII
875 3645 962 3708 14,
999 3647 1072 3697 10
1212 3633 1275 3694 ‘8
1322 3641 1800 3710 quotienscunque
1845 3641 1956 3696 VB
2127 3649 2158 3697 9
2201 3641 2357 3712 ipsae
2395 3648 2623 3712 utroque

321 3731 433 3784 loco
483 3728 663 3784 VAB
707 3728 820 3798 ipsi
857 3729 1160 3785 Iucundus.
1241 3728 1426 3794 ‘Quod
1473 3728 1586 3799 ipsi
1633 3733 1841 3784 amant.
1916 3730 1998 3786 Et
2033 3731 2147 3797 hic,
2210 3737 2260 3785 et
2289 3733 2465 3800 paulo
2493 3738 2622 3801 post

321 3819 517 3873 iterum
533 3862 547 3887 ‚
603 3820 859 3873 muliebri
912 3835 1100 3888 yenere
1153 3821 1218 3873 in
1262 3820 1507 3888 antiquis
1553 3820 1715 3874 libris
1759 3819 1994 3874 Anseres
2040 3821 2390 3888 appellantur
2425 3842 2444 3874 .·
2480 3822 2622 3875 nihil

322 3912 499 3962 tamen
536 3908 816 3962 uariaui:
845 3924 978 3962 uam
1010 3924 1205 3976 supra,
1240 3925 1363 3963 cum
1398 3909 1465 3963 de
1500 3909 1617 3962 illia
1653 3925 1811 3978 ayere
1838 3909 2029 3977 coepit,
2065 3910 2130 3962 in
2156 3910 2347 3964 iisdem
2376 3910 2622 3978 antiquis

321 3996 477 4051 libris
521 3997 688 4050 uirili
732 4012 923 4066 yenere
958 3997 1252 4052 ‘uocantur’
1307 3997 1582 4052 Victorius
1729 4002 1795 4051 10
1841 3995 2123 4051 relincunt
2159 3999 2215 4052 P
2245 3997 2530 4068 relingunt
2565 3998 2621 4052 A

321 4084 646 4153 relinquunt
681 4086 779 4140 Bv

500 4180 567 4227 11
630 4173 738 4240 Qui
786 4175 975 4229 antem
1022 4175 1243 4245 volunt]
1293 4174 1376 4229 De
1423 4175 1682 4229 anatibus
1729 4177 1792 4229 in
1836 4176 2085 4245 maryine
2127 4176 2352 4232 rubrica
2387 4177 2444 4231 A

323 4265 572 4319 anatium
611 4264 792 4318 ΡΑΒ
830 4265 1060 4319 anatum
1097 4282 1191 4319 niv
1339 4271 1402 4319 12
1442 4264 1911 4335 nessothrophion
1950 4266 2006 4319 Β
2150 4264 2308 4336 quoi]
2348 4265 2444 4333 qui
2481 4283 2618 4321 corr.

324 4353 410 4407 cui
435 4355 488 4407 A
532 4354 630 4423 qui
662 4355 781 4408 PB
818 4353 943 4422 quis
970 4372 1003 4409 v
1123 4360 1188 4408 15
1229 4358 1450 4424 septum
1487 4354 1540 4408 V
1653 4361 1718 4408 16
1756 4355 1950 4408 uillam
1984 4351 2077 4407 Sei
2105 4355 2397 4409 Iucwndus
2422 4356 2620 4410 uillam

325 4443 395 4497 sit
436 4445 610 4500 VAB
652 4448 661 4454 ”
794 4450 859 4499 17
904 4444 1048 4500 ostio
1099 4446 1150 4499 V
1179 4444 1366 4499 hostio
1404 4445 1524 4498 AB
1706 4444 2037 4499 claudantur
2073 4443 2191 4498 Am
2373 4448 2439 4499 18
2476 4444 2618 4517 lata]

324 4532 471 4588 lacta
505 4534 562 4588 A
713 4534 846 4587 sunt
881 4537 1032 4589 tecta
1080 4534 1260 4589 VAB
1292 4534 1408 4589 sint
1444 4534 1600 4589 tecta
1632 4552 1686 4589 m
