3178 5185
573 378 699 440 144
1549 376 1925 431 VARRONIS

568 544 677 604 hae
740 563 920 622 porro
989 551 1269 622 quattuor
1324 543 1630 604 centuriae
1687 544 2065 623 coniunctae,
2129 552 2198 604 ut
2254 544 2373 602 sint
2427 545 2489 603 in
2541 552 2859 622 ‘utramque

566 659 797 730 partem
852 652 1051 732 binae,
1108 650 1478 730 appellantur
1534 651 1596 709 in
1644 651 1801 727 agris
1847 649 2052 709 divisis
2099 652 2320 710 viritim
2367 650 2604 728 publice
2653 650 2860 711 saltus,

458 758 540 819 XI
738 758 804 818 In
852 758 1027 819 modo
1074 759 1242 819 fundi
1294 777 1411 818 non
1458 756 1866 816 animadverso
1905 756 2055 835 lapsi
2093 758 2283 839 multi,
2330 758 2486 836 quod
2526 757 2623 833 alii
2662 757 2858 818 villam

567 867 764 927 minus
819 884 1091 944 magnam
1146 866 1442 944 fecerunt,
1498 882 1676 942 quam
1732 863 1943 924 modus
1998 865 2345 949 postulavit,
2401 865 2500 925 alii
2555 866 2859 944 maiorem,

565 991 702 1034 cum
768 982 1091 1052 utrumque
1156 974 1234 1032 sit
1288 979 1493 1031 contra
1549 989 1676 1031 rem
1733 971 2079 1032 familiarem
2137 991 2202 1032 ac
2259 972 2537 1033 fructum.
2637 973 2857 1032 maiora
2914 981 2942 1020 5

565 1082 723 1140 enim
798 1088 954 1140 tecta
1027 1086 1087 1139 et
1159 1078 1536 1138 aedificamus
1607 1076 1797 1158 pluris
1873 1086 1932 1138 et
2005 1087 2244 1139 tuemur
2308 1086 2549 1159 sumptu
2614 1080 2857 1139 maiore.

564 1188 791 1247 minora
841 1205 978 1246 cum
1026 1194 1184 1266 sunt,
1231 1190 1405 1264 quam
1452 1185 1716 1264 postulat
1762 1185 1999 1265 funduS‚
2048 1188 2278 1246 fructus
2326 1185 2518 1246 solent
2565 1186 2857 1264 disperire

513 1296 549 1353 2
577 1292 696 1370 [LJ.
755 1292 1002 1353 dubium
1059 1294 1216 1352 enim
1274 1309 1390 1351 non
1438 1300 1531 1351 est
1579 1294 1722 1370 quin
1772 1292 1914 1351 cella
1965 1286 2187 1352 {sinaria
2233 1294 2419 1353 maior
2467 1293 2545 1351 sit
2590 1292 2858 1352 facienda

564 1402 623 1460 in
673 1417 742 1458 eo
791 1417 959 1480 agro,
1014 1399 1118 1459 ubi
1163 1401 1358 1459 vineta
1406 1401 1552 1479 sint,
1600 1398 1884 1476 ampliora
1932 1407 1999 1458 ιιι
2044 1399 2285 1480 horrea,
2332 1400 2385 1459 si
2429 1398 2857 1458 frumentarius

564 1524 705 1584 ager
751 1514 862 1566 est.
1246 1540 1249 1541 ν
2887 1517 2936 1555 10

740 1612 946 1672 Villam
987 1612 1415 1672 aedificandum
1456 1613 1851 1692 potissimum,
1901 1620 1964 1672 ut
2003 1614 2157 1671 intra
2197 1620 2398 1690 saepta
2437 1611 2606 1672 villae
2645 1611 2860 1672 habeat

564 1738 792 1800 aquam,
840 1721 891 1779 si
938 1737 1075 1799 non,
1123 1738 1298 1797 quam
1339 1714 1632 1798 proxime}
1682 1720 1960 1798 primum,
2009 1737 2159 1798 quae
2197 1719 2283 1779 ibi
2321 1721 2398 1780 sit
2438 1728 2599 1800 nata3
2647 1738 2858 1780 secun-

564 1826 732 1906 dum,
806 1844 955 1904 quae
1029 1826 1238 1885 influat
1309 1827 1608 1903 perennis,
1722 1827 1774 1885 si
1848 1828 2087 1886 omnino
2154 1846 2304 1906 aqua
2371 1846 2489 1886 non
2555 1835 2647 1887 est
2711 1829 2858 1906 viva,

563 1934 854 1992 cisternae
902 1932 1203 1992 faciendae
1252 1932 1363 1992 sub
1411 1935 1584 1992 tectis
1634 1941 1692 1992 et
1740 1932 1902 1994 lacus
1950 1932 2062 1992 sub
2111 1934 2227 2014 dio,
2275 1952 2344 1994 ex
2394 1933 2579 1993 altero
2619 1932 2750 1993 loco
2787 1941 2856 1993 ut

436 2040 542 2100 XII
562 2040 858 2119 homineS,
906 2059 977 2099 ex
1025 2039 1209 2099 altero
1260 2047 1327 2098 ut
1371 2057 1555 2117 pecus
1606 2041 1693 2099 uti
1739 2042 1945 2118 possit.
2038 2040 2225 2100 danda
2277 2059 2456 2119 opera
2505 2047 2570 2100 ιιι
2617 2042 2856 2118 potissi·
2885 2046 2934 2086 15

561 2164 723 2207 mum
779 2146 890 2207 sub
939 2145 1236 2206 radicibus
1287 2148 1505 2206 montis
1554 2146 1846 2207 silvestris
1893 2146 2087 2206 villam
2136 2155 2342 2226 ponat,
2398 2146 2502 2206 nbi
2549 2148 2855 2226 pastiones

561 2256 681 2314 sint
725 2253 916 2334 laxae,
968 2255 1049 2312 ita
1097 2261 1162 2313 ut
1211 2260 1416 2312 contra
1467 2261 1694 2334 ventoS,
1743 2255 1845 2332 qui
1892 2252 2268 2313 saluberrimi
2315 2256 2376 2313 in
2425 2272 2564 2332 agro
2609 2255 2854 2315 flabunt.

558 2555 662 2617 est,
727 2551 953 2605 lituram
1016 2565 1125 2604 esse
1176 2549 1482 2617 credentes,
1539 2553 1602 2603 ut
1657 2549 1926 2616 arbitror,
1991 2549 2205 2604 literam
2242 2555 2435 2616 totam,
2498 2555 2763 2620 tanquam
2818 2567 2855 2604 a

557 2657 639 2694 mc
682 2641 933 2707 deletam,
986 2641 1348 2709 reliquerunt,
1393 2639 1703 2708 falsumque
1746 2656 2030 2694 numerum
2066 2641 2271 2708 pedum
2312 2646 2614 2710 posuerunt
2643 2683 2656 2696 .
2686 2658 2856 2710 neque

557 2730 654 2783 hoc
707 2734 921 2784 tamum
971 2730 1069 2784 hoc
1115 2730 1227 2783 loco
1272 2729 1466 2796 fecere,
1521 2730 1616 2783 sed
1659 2730 1723 2783 in
1767 2728 1891 2782 III
1927 2730 2091 2784 etiam
2141 2731 2281 2784 libro
2318 2731 2409 2800 [5,
2448 2730 2519 2800 9]
2564 2731 2627 2784 in
2671 2732 2855 2785 cadem

556 2835 617 2873 rc
671 2819 818 2887 lapsi
871 2824 1028 2885 sunt,
1092 2834 1197 2888 quo
1249 2819 1479 2886 facilius
1532 2819 1670 2887 quid
1723 2835 1809 2874 eos
1863 2820 2126 2888 deceperit
2179 2820 2454 2888 suspicari
2499 2820 2666 2888 potui
2702 2861 2715 2874 .
2756 2821 2856 2874 Ita

557 2908 699 2961 enim
744 2908 836 2961 illc
880 2923 1087 2977 quoque
1133 2908 1281 2962 locus
1327 2908 1434 2978 leyi
1477 2908 1655 2976 debet,
1703 2906 1956 2977 Longum
1994 2908 2054 2961 P.
2085 2909 2137 2963 B
2167 2906 2341 2963 CCCC
2369 2909 2412 2961 L
2445 2939 2457 2950 ·
2497 2908 2630 2963 Non
2675 2910 2850 2964 solum

557 3000 736 3050 autem
784 2996 928 3050 hanc
980 3000 1164 3050 notam
1209 2997 1274 3051 in
1317 2996 1633 3063 fidelissimo
1687 2995 1955 3051 Varronis
2002 2998 2209 3064 codice,
2264 2999 2357 3052 sed
2400 2998 2464 3051 in
2508 2999 2640 3051 aliis
2687 3000 2850 3052 etiam

549 3085 755 3153 priscis
789 3086 1150 3148 monumentis
1198 3086 1416 3140 inueni’
1469 3085 1747 3140 Victorius
1856 3091 1883 3139 1
1924 3086 2030 3140 hae
2067 3101 2231 3153 porro
2272 3085 2383 3139 VA
2421 3086 2558 3141 haee
2601 3102 2770 3154 porro
2799 3086 2852 3138 B

698 3173 1028 3229 coniunctae
1067 3174 1350 3230 centuriae
1381 3192 1518 3230 corr.
1560 3171 2217 3229 centuriae'coniunetae
2246 3174 2302 3227 B
2445 3177 2719 3243 utranque
2756 3174 2853 3227 VB

697 3269 730 3316 2
768 3263 934 3317 binae
972 3265 1330 3333 appellantur
1369 3266 1491 3319 AB
1528 3266 1711 3320 binae.
1789 3264 1860 3317 Et
1899 3265 1978 3319 sie
2018 3263 2376 3335 appellantur
2423 3264 2475 3317 V

626 3353 629 3354 ⁷
698 3359 729 3406 3
779 3352 928 3421 lapsi
974 3352 1140 3406 multi
1177 3353 1304 3406 AB
1340 3352 1488 3423 lapsi
1527 3355 1657 3407 sunt
1693 3353 1857 3407 multi
1907 3354 1959 3407 V
2097 3360 2131 3407 4
2175 3355 2405 3420 fortasse
2440 3370 2609 3421 quam
2647 3352 2851 3407 fundus

557 3439 868 3509 postulavit
1021 3445 1052 3495 5
1110 3440 1388 3510 utrunque
1435 3442 1548 3497 VB
1703 3450 1732 3497 '7
1782 3441 2054 3512 disperire
2102 3486 2113 3498 .
2153 3442 2196 3494 L
2238 3486 2250 3497 .
2289 3441 2520 3496 dubium
2580 3442 2690 3495 VB
2739 3441 2844 3495 dis-

552 3528 734 3598 perire
765 3530 871 3583 .1.
911 3529 1142 3584 dubium
1188 3530 1243 3583 A
1407 3537 1438 3585 9
1495 3531 1556 3584 in
1612 3548 1680 3586 ea
1716 3532 1771 3585 A
1827 3548 1963 3586 corr.
2021 3531 2080 3585 in
2136 3547 2202 3585 eo
2250 3530 2331 3584 A²
2491 3530 2686 3584 uineta
2741 3531 2853 3585 sint

553 3618 832 3688 ampliora
868 3619 925 3673 P
962 3618 1157 3673 uineta
1202 3618 1318 3674 sint
1349 3623 1358 3688 1
1391 3620 1505 3674 sint
1551 3620 1854 3690 ampliora,
1901 3622 1994 3675 scd
2033 3622 2221 3689 priore
2266 3622 2380 3675 loco
2425 3619 2539 3673 sint
2581 3621 2851 3676 subducta

554 3708 756 3762 lineola
809 3709 1038 3762 deletum
1083 3710 1137 3762 A
1192 3708 1384 3763 uineta
1438 3708 1553 3763 sint
1610 3708 1724 3764 sint
1767 3708 2055 3779 ampliora
2101 3710 2183 3776 B,
2240 3710 2340 3764 ubi
2385 3711 2682 3778 posteriore
2736 3712 2851 3766 loco

553 3793 668 3850 sint
702 3797 766 3851 in
802 3801 1034 3852 catti-cmo
1069 3814 1229 3852 versu
1264 3799 1329 3853 in
1355 3799 1605 3868 marqine
1632 3799 1972 3867 adscriptum
2000 3804 2093 3864 est,
2131 3796 2326 3852 uineta
2356 3801 2485 3852 sunt
2513 3798 2791 3868 ampliora
2817 3817 2849 3853 v

695 3885 1092 3941 frumentarias
1130 3888 1184 3941 A
1221 3904 1358 3944 corr.
1399 3920 1465 3928 —
1503 3887 1619 3941 rius
1656 3886 1739 3941 A²

700 3982 762 4029 11
812 3974 1009 4030 uillam
1053 3975 1425 4032 edificandum
1460 3974 1821 4043 potissimum
1857 3977 1914 4030 A
1951 3975 2145 4031 uillam
2184 3975 2588 4031 aedificandam
2626 3976 2850 4046 potissi-

552 4081 706 4118 mum
748 4065 929 4119 PBm
964 4064 1024 4118 in
1062 4064 1202 4120 uilla
1239 4066 1587 4120 aedificanda
1624 4065 1732 4119 hoe
1772 4064 2126 4135 potissimum
2162 4083 2195 4121 v
2314 4068 2475 4135 septa
2514 4066 2566 4119 V
2677 4065 2849 4121 villae

553 4154 745 4212 delevit
806 4153 1042 4212 Ursinus
1184 4154 1392 4209 habeat
1428 4153 1611 4207 PAB
1666 4153 1875 4208 habeas
1911 4171 1944 4208 v
2091 4161 2155 4208 12
2213 4171 2356 4224 quae
2411 4155 2653 4226 primum
2708 4172 2847 4211 corr.

552 4241 794 4311 primum
840 4258 982 4309 quae
1021 4244 1077 4297 B
1224 4248 1289 4296 13
1336 4259 1482 4309 aqua
1527 4258 1639 4296 non
1686 4242 1796 4312 est]
1837 4259 2043 4313 aquam
2082 4252 2226 4301 noue
2264 4247 2321 4300 A
2464 4250 2531 4298 14
2570 4247 2627 4299 et
2662 4243 2847 4315 lacus]

553 4335 617 4384 ut
661 4331 817 4384 lacus
854 4330 911 4383 A
1057 4337 1121 4385 15
1180 4331 1364 4385 danda
1428 4345 1599 4397 opera
1641 4346 1696 4383 m
1748 4333 2044 4387 Iucundus
2091 4335 2337 4389 dandam
2383 4349 2611 4404 operam
2671 4334 2846 4387 VAB

698 4423 764 4471 16
828 4421 1003 4487 ponat
1048 4419 1228 4473 PAB
1292 4435 1465 4487 ponas
1511 4434 1542 4471 v
1713 4426 1776 4474 17
1834 4421 1994 4475 laxae
2033 4422 2212 4476 PAB
2266 4424 2418 4478 latae
2471 4439 2567 4477 mv
2723 4422 2846 4489 quis

553 4504 878 4560 saluberimi
916 4507 970 4560 A
