3178 5185
950 439 1210 493 RERVM
1247 438 1729 494 RVSTICARVM
1767 439 1901 495 LIB.
1941 440 1993 493 ΙΙ
2035 438 2070 494 5
2528 431 2653 495 177

347 600 417 653 ut
466 611 673 654 mares
722 595 868 655 boni
908 597 1148 655 seminis
1194 599 1339 668 sint,
1380 598 1649 668 filiorum
1696 602 1786 655 est
1823 594 2029 671 forma
2085 597 2447 672 spectanda,
2495 597 2660 669 quod

345 702 461 772 qui
506 718 589 760 ex
635 701 731 759 his
779 704 902 760 orti
944 708 1108 775 sunt,
1156 703 1526 777 respondent
1569 705 1656 761 ad
1693 708 2022 778 parentum
2076 705 2335 777 speciem
2392 700 2655 762 scriben-

346 805 498 866 dum
548 808 826 880 coniecit,
874 815 934 867 et
980 807 1253 868 similiter
1303 806 1704 868 Schneiderus
1751 825 1944 882 neque
1990 825 2110 868 non
2156 815 2224 868 ut
2268 826 2470 868 mares
2516 809 2659 869 boni

343 916 601 973 seminis
647 916 785 986 sint,
824 921 882 974 et
927 917 1035 999 qui
1069 933 1148 975 ex
1193 916 1287 974 his
1326 918 1450 975 orti
1491 921 1648 988 sunt,
1688 932 1896 975 eorum
1931 913 2137 988 forma
2176 922 2265 975 est
2299 917 2654 991 spectanda,

340 1024 400 1080 si
448 1011 826 1096 respondent
871 1023 958 1080 ad
993 1029 1320 1096 parentum
1365 1025 1643 1098 speciem.
1720 1023 1957 1081 restitui
1993 1021 2309 1082 lectionem
2349 1022 2654 1101 archetypi

344 1134 407 1187 et
458 1131 574 1202 qui
626 1146 706 1188 ex
760 1130 854 1187 his
910 1130 1033 1188 orti
1083 1135 1225 1187 sunt
1279 1131 1674 1205 respondent.‘
1753 1146 1887 1188 nam
1947 1146 2083 1188 cum
2131 1128 2365 1189 bonitas
2412 1131 2654 1189 seminis

342 1235 409 1293 in
466 1233 734 1294 maribus
782 1253 854 1294 ex
903 1232 1095 1294 tribus
1145 1234 1324 1294 rebus
1374 1242 1795 1316 cognoscatur,
1844 1237 1999 1296 sicut
2056 1234 2129 1295 de
2187 1235 2373 1296 subus
2429 1235 2650 1296 dictum

345 1349 484 1402 erat
534 1338 686 1420 114,
724 1339 768 1400 4
825 1359 863 1401 a
913 1341 1083 1416 facie
1139 1349 1198 1403 et
1247 1344 1545 1418 progenie
1600 1349 1660 1402 et
1721 1345 1971 1416 reqione
2030 1345 2215 1418 caeli,
2273 1360 2408 1402 cum
2465 1344 2653 1420 prima

349 1456 552 1527 parte,
603 1466 752 1527 quae
802 1457 891 1508 est
938 1447 1012 1507 de
1060 1448 1265 1525 forma,
1312 1446 1723 1526 neglegentius
1773 1450 2086 1508 coniuncta
2137 1457 2227 1509 est
2273 1447 2550 1529 secunda,
2598 1455 2658 1508 et

344 1558 463 1629 qui
509 1573 594 1615 ex
638 1557 731 1615 his
770 1558 895 1615 orti
926 1562 1067 1615 sunt
1104 1572 1250 1635 sqq.‚
1297 1553 1511 1614 deinde
1560 1553 1787 1615 adiecta
1833 1557 2009 1615 tertia
2056 1555 2129 1615 de
2176 1554 2536 1633 regionibus
2575 1588 2650 1598 —

344 1663 807 1722 coniunctivum
863 1665 998 1722 nati
1049 1664 1171 1722 sint
1225 1679 1334 1741 pro
1393 1660 1710 1721 indicativo
1768 1665 1904 1723 nati
1959 1670 2124 1737 sunt,
2181 1664 2284 1741 qui
2345 1662 2536 1722 adhuc
2597 1664 2657 1721 in

345 1769 533 1829 editis
604 1767 1040 1848 exemplaribus
1116 1778 1267 1848 erat,
1334 1768 1394 1829 C.
1448 1768 1511 1829 F.
1560 1768 1652 1829 W.
1699 1768 2020 1829 Muellerus
2095 1768 2322 1848 ephem.
2399 1787 2658 1849 gymnas,

345 1875 554 1938 Berol.
607 1895 656 1937 a.
700 1872 872 1937 1865
919 1895 976 1955 p.
1016 1872 1144 1937 872
1192 1878 1473 1937 restituit.

534 1982 893 2061 Nugatori
957 1982 1249 2061 ligusti]
1312 1983 1621 2058 quatorii
1678 1986 1950 2058 liqustici
2007 2002 2077 2043 ex
2136 1982 2342 2044 Aldina
2399 1984 2656 2044 editione

344 2098 671 2169 receptum
733 2099 885 2172 erat,
940 2094 1258 2166 nugatorii
1319 2090 1572 2165 Liqusci
1637 2089 1916 2169 Scaliger.
2007 2108 2220 2170 parvos
2286 2092 2346 2150 in
2413 2088 2654 2169 Liguria

345 2197 541 2258 boves
609 2215 744 2258 esse
810 2198 893 2257 ait
948 2196 1269 2262 Columella
1325 2194 1503 2276 1118,
1542 2195 1583 2258 3
1641 2201 1932 2258 armentis
1987 2199 2340 2259 sublimibus
2403 2201 2658 2273 insiqnis

345 2305 655 2364 Mevania
721 2312 832 2384 est,
889 2305 1151 2379 Liquria
1209 2308 1442 2382 parvis.
1535 2303 1645 2364 hos
1700 2302 1885 2364 Varro
1950 2307 2295 2383 nugatorios
2360 2304 2528 2386 dicit,
2585 2304 2655 2364 ad

347 2429 508 2490 opus
580 2409 915 2471 faciendum
975 2413 1171 2472 minus
1238 2419 1405 2490 aptos
1471 2429 1648 2490 quam
1711 2410 1979 2472 Gallicos
2075 2419 2395 2490 utrumque
2458 2418 2657 2472 autem

349 2536 551 2598 genus
592 2516 790 2578 Italiae
840 2516 1065 2601 tribuit,
1105 2526 1421 2599 propterea
1469 2518 1628 2598 quod
1677 2520 1999 2599 opponitur
2036 2521 2431 2579 transmarino
2476 2517 2656 2579 boum

346 2628 585 2705 generi.
677 2629 971 2701 nuyatori
1033 2628 1280 2707 retinui,
1345 2636 1412 2687 ut
1476 2623 1599 2707 11,
1638 2622 1680 2687 5
1744 2630 2071 2688 necessari.
2163 2626 2456 2706 Liguscus
2518 2645 2657 2707 ager

347 2733 583 2794 dicitur
631 2732 655 2791 Ι
701 2730 799 2814 18,
838 2730 878 2793 6
927 2741 987 2793 et
1032 2732 1272 2812 Ligusci
1318 2741 1552 2794 montes
1600 2733 1678 2792 111
1719 2731 1778 2812 9,
1823 2731 1919 2794 17.

543 2837 629 2901 10
693 2839 1186 2899 Transmarini
1251 2841 1598 2919 epirotici
1663 2857 1799 2900 non
1866 2839 2091 2900 solum
2149 2839 2485 2900 meliores
2552 2847 2655 2900 to-

350 2950 506 3007 tius
576 2948 907 3025 graeciae
975 2945 1094 3006 sed
1162 2948 1376 3007 etiam
1445 2965 1646 3026 quam
1711 2945 1985 3023 italiae]
2035 2947 2162 3007 Sed
2205 2950 2386 3007 etiam
2435 2947 2657 3007 Italiae

349 3054 517 3114 edita
585 3053 722 3114 inde
779 3072 812 3113 a
868 3055 1136 3132 principe
1194 3052 1452 3114 editione
1512 3053 1887 3133 exemplaria.
1979 3054 2283 3132 archetypi
2338 3053 2651 3114 lectionem

348 3165 467 3222 sed
532 3164 715 3221 etiam
774 3178 955 3236 quam
1013 3162 1235 3222 Italiae
1297 3160 1589 3241 Hauptius
1657 3180 1858 3241 opusc.
1916 3180 1966 3221 v.
2014 3160 2039 3220 Ι
2085 3180 2139 3240 p.
2179 3156 2311 3221 200
2375 3159 2655 3220 defendit.

351 3286 557 3347 neque
606 3267 905 3328 reicienda
946 3267 1180 3328 videtur
1226 3267 1370 3328 haec
1418 3267 1655 3329 dicendi
1701 3267 1975 3348 brevitas,
2014 3267 2171 3346 quod
2221 3266 2292 3327 ad
2341 3276 2654 3346 utramque

351 3376 694 3435 sententiae
741 3384 968 3454 partem
1017 3376 1453 3455 comparativus
1498 3378 1777 3436 meliores
1823 3376 2114 3453 refertur,
2161 3392 2296 3434 cum
2344 3376 2403 3434 in
2450 3376 2653 3453 priore

352 3491 528 3562 parte
570 3483 770 3561 potius
807 3481 1203 3561 superlativus
1241 3481 1458 3560 gradus
1498 3482 1850 3543 scribendus
1898 3491 2082 3542 esset:
2130 3500 2200 3541 ex
2241 3482 2654 3542 transmarinis

354 3588 563 3650 bubus
610 3587 899 3667 Epirotici
947 3607 1066 3649 non
1114 3587 1303 3649 solum
1363 3588 1638 3650 meliores
1695 3587 1873 3649 boves
1929 3590 2114 3649 totius
2161 3588 2438 3649 Graeciae
2496 3597 2654 3669 sunt,

356 3695 464 3755 sed
514 3696 693 3755 etiam
741 3694 1017 3755 meliores
1064 3714 1240 3775 quam
1289 3693 1485 3755 Italiae
1535 3694 1731 3755 boves
1826 3713 2183 3775 quamquam
2243 3703 2486 3774 apparet
2534 3712 2651 3754 non

354 3802 534 3880 plane
585 3801 849 3862 eiusdem
898 3805 1134 3881 generis
1182 3820 1314 3863 esse
1361 3821 1599 3863 versum
1650 3801 1844 3883 Ennii,
1891 3802 1964 3863 de
2014 3821 2130 3881 quo
2178 3779 2471 3880 Hauptius
2518 3800 2554 3861 l.
2602 3818 2652 3860 c.

357 3908 702 3989 disputavit,
741 3907 895 3987 apud
935 3908 1282 3969 Ciceronem
1322 3908 1394 3968 de
1434 3908 1546 3969 div.
1587 3908 1613 3967 1
1651 3905 1754 3989 31,
1793 3905 1878 3970 66
1925 3900 2104 3991 (Enn.
2141 3907 2450 3968 Alexandr.
2488 3926 2535 3967 v.
2564 3902 2648 3966 41

357 4015 450 4075 ed.
490 4008 691 4097 Ribb.)
732 4022 927 4075 mater
965 4021 1347 4090 optumarum
1384 4018 1567 4075 multo
1614 4018 1832 4077 mulier
1868 4017 2080 4076 melior
2116 4012 2450 4075 mulierum.
2518 4030 2651 4073 nam

358 4126 420 4182 in
472 4122 585 4181 hoc
634 4130 694 4181 et
732 4138 944 4180 nomen
985 4123 1203 4181 mulier
1240 4121 1501 4182 additum
1542 4128 1604 4181 et
1640 4125 1869 4196 melior,
1911 4130 1976 4182 ut
2012 4123 2242 4181 monuit
2280 4119 2652 4179 Woelfflinus

360 4230 434 4289 de
474 4230 928 4307 comparatione
953 4248 1007 4308 p.
1049 4224 1152 4309 69,
1190 4237 1436 4307 propter
1473 4226 1950 4288 allitterationem
1990 4230 2247 4306 positum
2286 4236 2392 4287 est.
2452 4229 2652 4305 itaque

362 4337 516 4416 apud
584 4334 909 4395 Varronem
973 4334 1111 4396 olim
1177 4335 1611 4414 aequabilitatis
1685 4336 1969 4395 orationis
2043 4353 2220 4395 causa
2296 4335 2650 4410 scripseram

362 4447 641 4505 meliores
688 4458 869 4516 quam
915 4445 1094 4503 totius
1146 4442 1465 4502 Graeciae.
2311 4425 2316 4430 ⁹

541 4548 634 4609 De
701 4546 975 4608 italicis
1040 4566 1216 4628 quos
1283 4556 1581 4627 propter
1655 4547 2200 4625 amplitudinem
2276 4554 2649 4625 praestare

472 4661 627 4702 Vana.
659 4667 768 4699 nnn.
798 4668 933 4700 nvsrr.
987 4658 1049 4699 11.
2164 4652 2226 4698 12
