3178 5185
512 420 593 475 IV
1444 419 1847 473 PRAEFATIO

518 606 690 662 quos,
756 605 903 661 quos
959 589 1169 662 habui,
1236 591 1412 662 lonqo
1469 591 1821 661 interuallO,
1888 595 1946 648 et
2000 593 2325 660 uetustate,
2383 592 2441 645 et
2489 570 2803 657 fidelitate.

521 696 646 754 Nec
700 701 899 777 tamen
955 697 1192 773 cuncti,
1258 697 1365 768 qui
1419 697 1481 754 in
1540 712 1609 754 eo
1666 697 2139 755 continebantur
2195 700 2507 766 auctoreS,
2564 695 2650 752 ad
2702 709 2809 752 nos

513 808 969 877 peruenerunt:
990 818 1131 861 nam
1170 803 1289 860 duo
1328 788 1443 861 toti
1471 807 1772 861 uetustate
1811 805 2066 879 collapsi
2096 807 2253 877 sunt,
2292 806 2352 860 et
2388 799 2471 858 M.
2516 799 2811 858 Varronis

521 916 797 968 extrema
858 911 1038 969 etiam
1087 924 1240 983 pars
1296 906 1535 982 defecit.
1644 909 2153 980 Quemadmodum
2213 913 2413 967 autem
2470 924 2549 967 ex
2602 913 2813 965 uetere

522 1018 935 1091 inscriptione,
983 1032 1141 1089 quae
1179 1017 1249 1074 in
1274 1013 1483 1089 fronte
1519 1017 1669 1075 libri
1704 1021 1807 1090 est,
1846 1018 2281 1091 cognoscimus,
2321 1016 2466 1075 Iuni
2501 1012 2816 1073 Moderati

532 1123 890 1182 Columellae
927 1123 1105 1182 XII
1143 1123 1291 1182 libri
1325 1125 1451 1182 illic
1489 1126 1670 1182 etiam
1709 1129 1904 1198 erant,
1952 1129 2010 1183 et
2046 1140 2203 1183 unus
2240 1127 2383 1181 ante
2422 1123 2552 1181 illos
2597 1120 2817 1179 Claudi

526 1228 838 1290 Martialis
864 1233 1131 1289 :literae
1187 1236 1387 1289 tamen
1444 1236 1503 1290 et
1558 1233 1951 1310 antiquitate,
2009 1236 2067 1290 et
2116 1228 2432 1304 frequen-ti
2485 1229 2701 1287 attritu
2750 1229 2813 1285 in

516 1339 722 1411 prima
772 1342 955 1412 parte
1011 1338 1158 1397 libri
1209 1339 1297 1396 ita
1354 1339 1588 1397 deletae
1633 1343 1799 1414 sunt,
1855 1343 1923 1396 ut
1967 1339 2285 1397 rubricam
2332 1336 2814 1411 superinducere

523 1460 671 1518 opus
738 1441 937 1517 fuerit
1013 1436 1301 1526 (rubrica
1376 1447 1532 1504 enim
1596 1429 1844 1506 notatae
1904 1446 2325 1506 huiuscemodi
2387 1444 2813 1517 inscriptiones

521 1553 584 1610 in
637 1568 705 1610 eo
750 1543 919 1632 sunt)
976 1568 1172 1624 quare
1227 1555 1469 1611 macula
1528 1555 1738 1625 aliqua
1797 1555 1859 1612 in
1906 1554 1999 1612 his
2045 1552 2389 1637 nominibus
2435 1567 2564 1610 esse
2601 1553 2815 1624 potest.

525 1657 837 1718 Martialis
921 1663 1120 1719 tamen
1196 1665 1409 1735 aperte
1483 1662 1725 1734 leqitur.
1840 1658 2192 1719 Martialem
2269 1664 2471 1718 autem
2545 1662 2810 1715 ueterem

511 1763 708 1842 fuisse
745 1768 844 1824 rei
877 1768 1151 1826 rusticae
1177 1768 1555 1841 scriptorem,
1595 1769 1928 1852 testimonio
1958 1769 2139 1825 etiam
2170 1765 2444 1824 Palladii
2472 1764 2816 1822 didicimus,

521 1874 777 1935 Seruius
843 1890 1082 1946 quoque
1151 1872 1405 1947 Verqilii
1468 1875 1774 1949 interpres
1839 1889 1975 1933 cum
2040 1875 2236 1932 locum
2302 1873 2467 1930 illum
2523 1888 2556 1929 e
2595 1871 2636 1928 I
2658 1870 2701 1928 I
2722 1869 2761 1926 I
2785 1868 2825 1925 I

526 1981 963 2054 Georgicorum
994 1981 1363 2059 declararet,
1393 1986 1601 2054 -atque
1630 1983 1769 2040 aliis
1788 1985 1929 2056 post
1956 1979 2482 2039 commemoranda
2510 1978 2819 2049 relinquo:

521 2091 744 2161 inquit.-
797 2088 1141 2162 Garqilium
1189 2086 1541 2147 Martialem
1589 2091 1915 2163 siqnisicat.
2009 2087 2180 2146 Sitne
2225 2087 2381 2145 idem
2428 2085 2713 2154 Palladii,
2763 2088 2823 2141 et

520 2195 745 2274 Seruii,
796 2195 1133 2267 Martialis,
1184 2195 1451 2253 studiose
1497 2212 1802 2269 quaerere
1847 2198 2012 2255 nu'nc
2058 2195 2300 2254 minime
2346 2196 2594 2267 oportet.
2686 2189 2820 2248 Hoc

527 2308 728 2362 autem
775 2303 1125 2374 relinquere
1169 2302 1361 2373 nolui,
1418 2303 1564 2374 quin
1612 2307 1816 2360 notum
1857 2300 2162 2375 facerem,
2209 2306 2279 2359 ut
2322 2304 2593 2359 uetustas
2638 2298 2820 2356 huius

523 2410 670 2468 libri
714 2411 1174 2482 intelligeretur,
1222 2410 1330 2480 qui
1375 2409 1491 2467 illis
1539 2409 1907 2482 temporibus
1952 2409 2219 2482 scriptus
2258 2405 2401 2487 fuit,
2447 2406 2663 2480 quibus
2710 2405 2825 2462 alii

521 2518 727 2576 adhuc
777 2517 1109 2589 scriptores
1156 2516 1643 2595 reperiebantur,
1692 2517 1800 2588 qui
1829 2521 2044 2591 postea
2091 2516 2462 2589 neqliqentia
2498 2514 2819 2583 hominum,

522 2631 631 2685 aut
674 2627 1017 2684 seculorum
1068 2624 1388 2696 iniquitate
1426 2624 1766 2697 perierunt.
1861 2623 1973 2682 Ille
2020 2627 2224 2681 autem
2270 2624 2326 2682 si
2361 2627 2518 2680 totus
2556 2623 2817 2692 inteper-

518 2750 636 2807 que
692 2736 1092 2792 conseruatus
1149 2735 1326 2809 esset,
1384 2735 1442 2789 et
1489 2730 1734 2789 Iunium
1790 2729 2173 2790 Columellam
2224 2727 2494 2803 fortasse
2539 2728 2818 2786 emenda-

519 2842 750 2912 tiorem,
780 2844 839 2899 et
872 2841 1078 2912 alium,
1108 2854 1224 2910 quo
1254 2853 1552 2914 caremuS,
1582 2853 1701 2896 non
1731 2837 2159 2910 neqliqendum
2187 2837 2547 2910 scriptorem
2567 2833 2819 2892 habere-

519 2964 666 3006 mus.
759 2946 967 3004 Habui
1012 2947 1192 3004 etiam
1238 2944 1476 3002 eosdem
1523 2948 1810 3002 auctores
1858 2945 1921 3002 in
1969 2945 2091 3002 alio
2137 2944 2460 3015 uolumine,
2506 2958 2626 3001 non
2665 2940 2820 2998 adeo

520 3059 784 3127 uetusto,
840 3069 1035 3126 neque
1089 3053 1243 3111 adeo
1293 3052 1490 3124 fideli,
1548 3052 1714 3123 quod
1770 3052 1964 3110 literis
2017 3051 2267 3109 Gallicis
2311 3052 2605 3124 scriptum
2652 3048 2818 3106 uide-

519 3163 721 3221 batur.
816 3160 896 3219 Id
930 3165 1131 3219 autem
1169 3177 1203 3217 e
1241 3158 1565 3217 Medicaea
1605 3144 1969 3217 bibliotheca
2003 3141 2294 3233 prompsi,
2343 3162 2401 3216 et
2435 3173 2555 3216 non
2586 3171 2821 3229 paucos

518 3272 656 3329 item
694 3270 862 3341 alios,
900 3269 1008 3340 qui
1043 3268 1168 3325 illic
1208 3266 1653 3339 custodiuntur,
1696 3282 1846 3339 quos
1883 3282 2050 3325 nunc
2078 3282 2324 3325 necesse
2351 3281 2471 3324 non
2502 3268 2590 3322 est
2619 3277 2820 3320 omnes
2873 3334 2889 3346 ·

517 3378 850 3436 nominare.
943 3374 1036 3432 De
1081 3390 1202 3432 uno
1250 3378 1452 3432 autem
1500 3378 1760 3451 tantum,
1812 3375 1923 3447 qui
1967 3374 2291 3447 diliyenter
2338 3375 2637 3432 exaratus
2676 3366 2819 3442 fuit,

519 3489 578 3542 et
623 3502 656 3542 e
702 3483 854 3542 bono
902 3483 1243 3557 exemplari
1287 3482 1632 3556 exscriptus
1680 3481 1959 3554 Patauii,
2008 3496 2127 3539 non
2175 3480 2405 3539 taceb0.
2497 3478 2825 3536 Francisci

519 3595 719 3648 autem
756 3588 1056 3659 Barbari,
1096 3590 1355 3663 patricii
1404 3587 1629 3661 Veneti,
1677 3589 1982 3662 quondam
2023 3585 2174 3661 fuit:
2230 3592 2291 3646 et
2335 3588 2465 3646 eius
2510 3586 2709 3645 studio
2759 3585 2822 3642 in

519 3714 593 3756 ea
631 3697 803 3770 urbe,
843 3697 906 3756 in
945 3713 1067 3769 qua
1106 3697 1530 3756 doctrinarum
1569 3697 1939 3755 domicilium
1977 3700 2081 3767 est,
2121 3696 2445 3768 diligenter
2483 3694 2824 3767 descriptus

514 3802 710 3878 fuisse
766 3805 891 3862 illic
947 3805 1234 3863 traditur.
1328 3804 1413 3862 Hi
1462 3808 1606 3862 sunt
1652 3804 1994 3878 praecipue
2045 3803 2315 3875 codices,
2371 3816 2628 3875 quorum
2674 3816 2822 3858 auc-

518 3913 766 3971 toritate
809 3926 956 3969 usus
999 3925 1178 3968 sum:
1207 3925 1347 3968 nam
1395 3910 1519 3982 alii,
1569 3914 1678 3967 aut
1725 3911 1800 3968 de
1846 3911 2065 3985 optimo
2119 3911 2218 3968 illo
2258 3909 2555 3983 descripti
2589 3911 2697 3966 aut
2735 3909 2822 3965 ita

518 4018 816 4095 mendose,
865 4020 925 4075 et
968 4017 1346 4089 neqliqenter
1390 4017 1612 4090 scripti
1654 4021 1812 4094 sunt,
1860 4021 1926 4074 ut
1973 4032 2185 4075 eorum
2234 4017 2633 4076 testimonium
2668 4030 2819 4089 par-

516 4140 661 4182 uum
700 4123 940 4198 pondus
977 4124 1191 4181 merito
1229 4122 1580 4181 habiturum
1614 4120 1825 4196 fuerit.
1910 4123 2220 4193 Quomodo
2256 4127 2601 4196 susceptum
2637 4137 2818 4195 neqo—

521 4233 670 4290 tium
690 4230 1192 4301 administrarim,
1217 4246 1296 4288 ex
1314 4231 1570 4303 sinyulis
1592 4246 1757 4288 nunc
1778 4229 2290 4303 explicationibus
2310 4231 2458 4289 meis
2479 4229 2821 4305 apparebit.

697 4333 860 4394 Idem
923 4332 1035 4394 sub
1091 4334 1271 4394 finem
1326 4333 1464 4394 libri
1521 4334 1595 4394 ad
1641 4333 1805 4394 Varr.
1847 4333 1926 4394 111
1971 4332 2069 4414 17,
2099 4331 2141 4394 4
2190 4334 2279 4395 de·
2312 4334 2547 4396 defectu
2598 4335 2819 4395 codicis

519 4441 820 4503 adnotavit
866 4439 1038 4520 haec,
1097 4435 1203 4500 ‘Ad
1253 4440 1561 4500 tibicinem
1611 4440 1920 4501 Graecum.
2022 4441 2315 4521 Optimus,
2363 4460 2442 4501 ac
2487 4446 2817 4503 uetustissi-

517 4567 648 4610 mus
703 4552 923 4623 codex,
982 4546 1331 4607 Tubicinam
1381 4547 1692 4608 Graecum.
1794 4550 1962 4620 Quae
2012 4555 2322 4622 postrema
2378 4550 2575 4609 uerba
2633 4553 2695 4610 in
2744 4566 2814 4609 eo
