3178 5185
871 447 1130 501 RERVM
1168 448 1648 504 RVSTICARVM
1685 450 1819 504 LIB.
1859 452 1882 503 I
1924 448 2003 506 55
2458 445 2578 508 117

313 607 432 663 dies
473 604 749 678 sinqulos
794 602 1111 664 iucundus,
1188 602 1366 685 oleae,
1421 624 1452 665 e
1503 603 1719 683 quibus
1767 604 1963 666 oleum
2011 607 2098 687 fit,
2159 610 2473 667 acervatim
2522 610 2581 667 in

314 707 556 772 tabulata
606 708 1013 787 congerendae
1071 718 1211 771 sunt
1264 712 1369 793 ita,
1426 719 1492 772 ut
1547 710 1796 791 singulis
1851 711 2058 772 diebus
2117 712 2332 792 singuli
2388 719 2582 775 acervi

317 820 464 899 fiant,
503 818 576 877 de
620 835 737 895 quo
778 815 1095 877 Columella
1128 817 1232 878 XII
1270 813 1375 900 52,
1406 815 1446 879 3
1486 817 1693 879 scribit
1732 821 2082 894 tabulatum,
2119 838 2234 896 quo
2274 820 2585 896 inferatur

308 930 455 1002 olea,
522 928 936 987 necessarium
983 933 1094 1001 est,
1154 921 1427 1001 quamuis
1471 936 1870 1003 praeceptum
1915 929 2243 988 habeamus
2289 936 2357 989 ut
2402 933 2583 990 unius

308 1036 590 1107 cuiusque
620 1034 746 1093 diei
755 1030 1000 1106 fructus
1021 1036 1190 1094 molis
1218 1041 1275 1094 et
1288 1038 1462 1110 prelo
1490 1037 1693 1095 statim
1720 1035 2081 1095 subiciatur.
2145 1053 2352 1096 verum
2382 1043 2581 1098 tamen

306 1143 440 1215 quia
488 1141 794 1199 interdum
841 1142 1158 1201 multitudo
1206 1143 1399 1201 bacae
1443 1143 1920 1202 torculariorum
1958 1143 2147 1202 vincit
2182 1143 2467 1217 laborem,
2503 1144 2584 1203 sil

307 1253 530 1323 oportet
570 1248 802 1323 pensile
848 1248 1153 1322 horreum,
1200 1266 1318 1323 quo
1368 1251 1753 1325 inportentur
1793 1247 2056 1324 fructuS,
2117 1251 2300 1324 idque
2346 1251 2578 1310 tabula-

307 1362 419 1414 tum
464 1356 660 1413 simile
708 1370 835 1413 esse
882 1356 1056 1415 debet
1095 1358 1400 1431 qranario
1439 1363 1497 1415 et
1541 1357 1770 1417 habere
1807 1341 2150 1416 lacusculos
2192 1363 2314 1416 tam
2350 1360 2580 1437 multos,

306 1479 477 1536 quam
518 1462 853 1536 postulabit
896 1464 1107 1523 modus
1152 1465 1372 1538 olivae,
1423 1470 1492 1524 ut
1535 1470 1859 1541 separetur
1906 1470 1963 1524 et
2007 1481 2277 1524 seorsum
2325 1482 2579 1540 repona-

307 1578 401 1630 tur
444 1572 629 1629 unius
675 1570 970 1644 cuiusque
1018 1572 1142 1631 diei
1186 1577 1500 1631 coactura.
1577 1572 1776 1649 itaque
1824 1570 1978 1650 apud
2026 1569 2347 1631 Varronem
2404 1590 2577 1632 acer-

306 1679 477 1740 vatim
527 1678 591 1736 in
639 1678 767 1736 dies
812 1678 1081 1750 sinqulos
1128 1678 1358 1756 scripsi.
1435 1695 1566 1737 nam
1616 1682 1695 1738 ita
1742 1680 1802 1737 in
1852 1676 2269 1738 distributione
2309 1681 2371 1738 in
2416 1679 2582 1757 poni-

306 1791 412 1864 tur,
470 1800 593 1842 non
637 1801 780 1858 per,
836 1781 861 1840 1
899 1780 968 1864 2,
1002 1781 1036 1844 7
1088 1786 1149 1844 in
1195 1787 1437 1860 sinqula
1495 1788 1714 1860 iuqera
1776 1787 1934 1845 dena
1981 1788 2179 1845 cullea
2234 1787 2363 1845 vini
2407 1789 2582 1861 fiunt,

304 1888 349 1949 11
385 1887 442 1972 3,
478 1886 562 1950 10
619 1892 682 1950 in
743 1891 870 1950 dies
924 1892 1194 1965 sinqulos
1240 1887 1527 1953 denarios
1580 1894 1849 1967 sinqulos
1904 1894 2059 1952 dare
2100 1924 2176 1934 —
2217 1910 2475 1968 sperans
2518 1911 2584 1953 se

303 2003 618 2074 capturum
667 1998 743 2056 de
789 1997 1052 2072 praedio
1110 1999 1172 2056 in
1232 2000 1360 2059 dies
1416 2001 1685 2073 sinqulos
1735 2001 2055 2059 denarium
2111 2002 2295 2074 mille,
2351 1999 2404 2058 II
2442 1996 2501 2082 9,
2543 1998 2578 2061 7

295 2108 554 2182 pretium
574 2086 844 2179 ‘faciunt
888 2105 951 2163 in
997 2107 1240 2179 sinqula
1287 2108 1523 2182 capita,
1589 2104 1668 2164 111
1707 2102 1776 2185 2,
1822 2102 1902 2165 14
1958 2109 2019 2166 in
2077 2123 2269 2166 annos
2312 2108 2581 2182 sinqulos

294 2216 424 2288 plus
470 2213 906 2286 quinquaqena
962 2213 1129 2270 milia
1177 2229 1210 2270 e
1268 2214 1411 2272 villa
1459 2230 1684 2288 capere
1740 2214 2006 2292 dicebat,
2061 2211 2141 2272 111
2179 2210 2237 2295 6,
2267 2210 2307 2275 3
2356 2216 2464 2273 dat
2518 2217 2579 2273 in

300 2337 524 2379 menses
588 2320 858 2392 sinqulos
922 2318 1143 2379 hordei
1201 2315 1471 2394 sinqulos
1524 2321 1778 2395 modios,
1844 2317 1922 2378 111
1971 2316 2038 2399 6,
2077 2317 2117 2379 6
2185 2323 2247 2379 in
2300 2322 2580 2397 ‘sinqulos

301 2432 499 2486 ternos
546 2427 825 2499 exiqeret
864 2427 1078 2500 pull03,
1139 2423 1191 2483 11
1231 2422 1287 2505 7,
1321 2424 1353 2487 1
1408 2428 1802 2487 admissarios
1848 2428 2040 2487 habeo
2082 2459 2163 2468 —
2202 2429 2469 2501 sinqulos
2516 2429 2579 2487 in

292 2533 549 2610 feminas
606 2533 822 2607 denas,
884 2529 937 2589 11
984 2528 1043 2613 2,
1081 2528 1168 2592 20
1222 2552 1299 2594 ne
1348 2535 1546 2594 minus
1600 2535 1929 2595 habeamus
1985 2537 2048 2594 in
2104 2540 2389 2595 centenas
2444 2551 2581 2595 oues

298 2644 488 2702 hirtas
533 2642 807 2715 sinqulos
852 2641 1135 2722 homines,
1183 2643 1245 2700 in
1284 2644 1530 2729 pellitas
1576 2643 1767 2723 binos,
1813 2640 1890 2701 111
1931 2639 1988 2724 8,
2027 2638 2067 2702 3
2114 2643 2386 2703 obiciunt
2422 2644 2577 2702 triti-

303 2766 433 2810 cum
470 2751 703 2808 siccum
743 2748 806 2806 in
845 2752 1126 2807 centenos
1164 2749 1403 2808 vicenos
1440 2754 1711 2809 turtures
1741 2747 1882 2825 fere
1916 2751 2259 2810 semodium.
2333 2751 2476 2808 item
2516 2751 2578 2808 in

302 2855 490 2917 addidi
539 2853 620 2915 111
661 2849 721 2934 6,
753 2850 793 2914 3
842 2856 904 2913 in
950 2855 1063 2913 has
1109 2873 1147 2914 a
1187 2861 1601 2931 procuratore
1647 2863 1850 2916 ternos
1890 2859 2087 2932 pullos
2133 2859 2341 2930 exiqit.

470 2961 748 3020 Primus
779 2961 1081 3038 quisque
1112 2979 1416 3022 aceruos
1457 2962 1882 3022 demittatur
1920 2981 2047 3041 per
2086 2980 2254 3022 sena
2292 2962 2375 3022 ad
2409 2980 2576 3022 uasa

302 3069 565 3130 olearia
613 3084 689 3126 ac
739 3074 1058 3145 trapetas
1107 3086 1283 3146 quae
1332 3086 1447 3128 res
1494 3068 1719 3129 molae
1777 3068 2091 3129 oleariae
2150 3088 2228 3128 ex
2284 3068 2460 3128 duro
2510 3076 2577 3128 et

302 3194 546 3258 aspero
596 3172 868 3253 lapide]
919 3175 1212 3236 Primitus
1257 3179 1509 3251 quisque
1556 3194 1816 3237 acervus
1863 3178 2186 3236 dimittitur
2218 3194 2334 3252 per
2379 3177 2575 3235 serias

303 3305 374 3346 ac
419 3303 567 3346 vasa
635 3283 870 3343 olearia
935 3289 992 3342 et
1045 3290 1319 3360 trapetas
1375 3301 1660 3365 quaeres,
1716 3287 1908 3344 molae
1962 3286 2232 3343 oleariae
2306 3285 2462 3343 duro
2518 3287 2578 3342 et

300 3409 511 3470 aspero
541 3393 747 3467 lapide
774 3387 1015 3470 Merula,
1030 3393 1266 3466 primus
1293 3392 1545 3465 quisque
1573 3408 1831 3450 acervus
1862 3392 2212 3450 demittatur
2233 3407 2350 3465 per
2378 3391 2575 3449 serias

300 3518 372 3560 ac
420 3516 567 3559 vasa
615 3500 850 3557 olearia
899 3500 985 3557 ad
1028 3504 1286 3575 trapeta,
1327 3500 1389 3557 in
1435 3515 1593 3572 quae
1639 3515 1771 3558 eam
1818 3504 2015 3557 terent
2059 3500 2251 3557 molae
2304 3499 2576 3557 oleariae

299 3627 330 3668 e
373 3611 531 3675 duro
580 3611 640 3665 et
696 3622 913 3681 aspero
960 3608 1164 3682 lapide
1210 3604 1527 3665 iucundus
1604 3606 1957 3665 demittatur
2001 3622 2120 3680 per
2174 3621 2239 3663 se
2298 3605 2384 3663 ad
2427 3621 2574 3662 vasa

294 3714 530 3794 Popma,
586 3713 940 3773 demittatur
990 3731 1106 3788 per
1159 3730 1306 3772 sena
1362 3728 1509 3771 vasa
1565 3713 1800 3771 olearia
1856 3712 1941 3770 ad
1994 3716 2265 3787 trapetas
2320 3711 2575 3769 coniecit

296 3820 714 3882 SchneideruS.
788 3821 986 3878 serias
1046 3820 1106 3878 in
1174 3821 1441 3898 principe
1500 3816 1758 3878 editione
1814 3824 1976 3876 recte
2041 3818 2382 3876 restitutum
2441 3834 2571 3876 esse

292 3938 516 3989 certum
571 3933 678 3985 est.
754 3942 889 3984 nam
954 3944 1131 4004 pravo
1188 3926 1406 3987 iudicio
1466 3925 1727 4004 Scaliger
1783 3942 1957 4001 sena,
2026 3923 2182 4002 quod
2241 3941 2311 3983 ex
2368 3922 2569 3982 codice

291 4037 586 4097 Victorius
635 4032 1040 4111 adnotaverat,
1088 4035 1166 4093 ita
1214 4031 1501 4112 defendit,
1557 4039 1624 4091 ut
1679 4049 1888 4090 senum
1945 4037 2103 4090 esset
2156 4047 2344 4108 genus
2402 4031 2571 4112 vasis,

188 4190 191 4196 .
291 4144 441 4224 quod
493 4144 692 4202 sinum
743 4139 831 4199 vel
880 4141 1045 4199 sinus
1092 4139 1326 4201 dicitur.
1401 4140 1586 4199 serias
1635 4141 1695 4198 in
1743 4146 2024 4218 apparatu
2084 4134 2389 4197 torcularii
2428 4135 2569 4197 Cato

289 4271 336 4311 c.
378 4248 459 4311 12
508 4249 993 4309 commemoravit
1040 4255 1098 4307 et
1153 4249 1279 4326 ipse
1328 4245 1512 4306 Varro
1561 4243 1751 4326 1112,
1793 4243 1830 4306 8
1887 4248 2083 4306 serias
2138 4247 2401 4304 olearias
2462 4252 2571 4306 aut

291 4365 592 4435 trapetas;
665 4372 827 4436 vasa,
903 4356 962 4414 in
1030 4353 1245 4432 quibus
1319 4353 1512 4413 oleum
1579 4360 1876 4435 servatur,
1950 4350 2184 4411 easdem
2251 4337 2565 4429 appellavit

295 4463 605 4526 Columella
665 4460 774 4521 XII
814 4457 926 4542 52,
970 4458 1050 4521 14
1111 4464 1274 4523 dolia
1335 4468 1534 4521 autem
1592 4467 1651 4521 et
1702 4462 1927 4532 seriae,
1985 4461 2046 4518 in
2102 4459 2342 4547 quibus·
2375 4462 2568 4520 oleum

298 4576 630 4651 reponitur,
689 4586 825 4653 non¹
868 4575 1098 4629 tantum
1144 4586 1213 4629 eo
1261 4575 1525 4645 tempore
1580 4568 1864 4628 curanda
1910 4571 2075 4639 sunt,
2132 4582 2269 4658 cum
2319 4566 2567 4642 fructus
