3178 5185
597 392 726 456 218
1291 399 1672 454 ΟΟΜΜΕΝΤ.
1709 400 1791 454 IN
1826 354 2200 456 VARRONIS

594 553 925 634 κείρηται,
972 550 1227 634 μᾶλλον
1276 547 1349 615 δὲ
1398 550 1469 615 ἐν
1517 544 1701 638 ἡλίῳ.
1794 552 2279 634 συνιδροῦντος
2324 546 2451 635 γὰρ
2498 558 2621 616 τοῦ
2667 573 2867 632 xenoc-

596 655 826 741 μένου,
874 651 1409 741 ἆναλαμβάνεται
1449 652 1483 721 ὁ
1526 653 1731 744 ἱδρὼς
1770 656 1838 723 ἐκ
1874 659 2010 724 τῶν
2050 657 2247 742 ἐρίων
2285 656 2394 723 καὶ
2436 652 2871 744 εὐχρούστερα

595 761 704 829 καὶ
752 761 1177 849 μαλακώτερα
1226 766 1493 847 γίνεται.

773 875 911 936 ΑΙίἰ
959 875 1225 936 vellera
1273 876 1399 936 alii
1449 875 1782 936 uellimna
1840 876 2209 956 appellant
2264 896 2345 937 ex
2403 893 2705 957 quorum
2760 892 2873 934 uo·

593 983 846 1044 cabulo
919 983 1399 1044 animaduerti
1471 982 1646 1045 licet
1719 984 1923 1062 prius
1996 983 2150 1043 lana
2226 983 2595 1044 uulsuram
2674 1000 2872 1060 quam

597 1101 959 1150 tonsuram
1020 1092 1310 1150 inuenta
1324 1089 1410 1166 m]
1460 1091 1585 1151 Alii
1629 1094 1878 1166 vellera,
1927 1093 2040 1151 alii
2081 1093 2338 1152 velumia
2386 1095 2710 1168 appellant.
2801 1107 2874 1150 ex

590 1215 846 1274 quorum
892 1199 1182 1258 vocabulo
1230 1199 1640 1258 animadverti
1680 1200 1822 1258 licet
1859 1200 2039 1274 prius
2085 1202 2289 1258 lanam
2335 1202 2647 1259 vulsuram
2694 1215 2870 1273 quam

593 1313 905 1366 tonsuram
962 1308 1265 1366 inventam
1322 1303 1573 1384 Merula,
1640 1302 1741 1364 ubi
1808 1308 1988 1366 lanae
2052 1308 2359 1366 vulsuram
2425 1324 2496 1365 ex
2562 1305 2767 1365 codice
2820 1323 2875 1364 m

593 1411 756 1472 dedit
803 1411 1101 1471 iucundus
1114 1457 1131 1490 ,
1187 1413 1485 1472 velumina
1533 1409 1845 1471 Victorius
1940 1414 2241 1473 vellimina
2299 1413 2553 1472 coniecit
2600 1410 2875 1492 Scaliger,

591 1522 887 1580 velamina
934 1518 1088 1579 idem
1137 1520 1385 1578 coniect.
1434 1520 1493 1578 in
1542 1517 1705 1579 Varr.
1753 1518 1826 1578 de
1875 1517 2011 1596 ling.
2060 1517 2159 1579 lat.
2194 1517 2254 1599 *V
2289 1515 2375 1580 48
2423 1538 2478 1598 p.
2520 1516 2622 1581 37.
2718 1522 2869 1580 vela·

591 1630 754 1686 mina
803 1625 891 1686 vel
939 1629 1270 1686 velamenta
1328 1644 1358 1685 a
1420 1624 1665 1686 velando
1730 1625 1802 1685 de
1864 1624 1994 1685 lana
2055 1627 2252 1686 ovium
2313 1626 2431 1686 dici
2489 1634 2701 1686 notum
2763 1634 2874 1686 est:

590 1733 830 1812 glossar.
878 1733 1281 1812 latino-graec.
1331 1751 1379 1791 ν.
1428 1730 1480 1791 Π
1529 1751 1582 1809 p.
1625 1728 1774 1814 205,
1811 1728 1914 1794 29.
1989 1730 2174 1792 Varro
2222 1741 2420 1793 autem
2469 1733 2588 1793 duo
2637 1735 2869 1793 nomina

592 1843 815 1900 vellera
879 1848 936 1899 et
995 1842 1293 1899 velamina
1358 1847 1603 1918 propter
1666 1837 2111 1899 similitudinem
2172 1841 2305 1900 soni
2372 1850 2672 1920 tamquam
2734 1840 2873 1900 duas

594 1946 813 2006 formas
863 1948 1038 2006 unius
1086 1945 1383 2025 vocabuli,
1432 1945 1585 2025 quod
1649 1964 1678 2004 a
1737 1945 2004 2006 vellendo
2062 1947 2307 2007 ductum
2366 1957 2551 2027 esset,
2606 1948 2873 2028 posuisse

591 2053 837 2113 videtur.
913 2071 1095 2131 quare
1143 2072 1222 2113 ex
1266 2071 1383 2128 quo
1430 2054 1724 2113 vocabulo
1772 2054 2003 2131 scripsi.
2091 2053 2305 2114 deinde
2352 2073 2459 2134 pro
2507 2058 2673 2130 lana,
2722 2054 2873 2135 quod

591 2161 727 2220 olim
779 2170 1074 2239 tamquam
1124 2164 1390 2238 spurium
1440 2168 1807 2239 notaveram,
1847 2163 1908 2221 in
1956 2163 2101 2222 lana
2149 2159 2302 2243 dedi,
2340 2164 2451 2222 alii
2487 2164 2733 2238 vellera,
2771 2165 2876 2222 alii

591 2272 888 2329 velamina
936 2271 1256 2344 appellant,
1305 2285 1385 2327 ex
1429 2284 1547 2343 quo
1594 2269 1885 2328 vocabulo
1932 2270 2342 2329 animadverti
2399 2271 2542 2329 licet
2587 2272 2770 2345 prius
2816 2272 2874 2329 in

591 2378 735 2435 lana
781 2378 1091 2435 vulsuram
1139 2392 1319 2450 quam
1366 2381 1678 2436 tonsuram
1728 2377 2046 2435 inventam.

774 2479 856 2542 10
920 2481 1215 2542 Omnino
1282 2489 1616 2542 tonsores
1682 2483 1750 2541 in
1815 2480 2020 2542 italia
2080 2483 2380 2560 primum
2438 2485 2732 2544 uenisse
2798 2502 2872 2543 ex

593 2588 834 2650 cilicia
893 2588 1237 2650 dicuntur
1294 2609 1347 2668 p.
1398 2608 1443 2649 r.
1493 2608 1540 2649 c.
1589 2608 1637 2651 a.
1688 2587 2004 2650 CCCCLIII
2061 2597 2136 2650 ut
2202 2591 2551 2669 scriptum
2619 2590 2691 2650 in
2758 2610 2875 2671 pu-

594 2695 779 2755 blico
828 2695 1080 2756 ardeae
1121 2698 1188 2756 in
1236 2696 1511 2757 litteris
1560 2706 1752 2756 extat
1799 2714 2065 2777 eosque
2114 2696 2498 2757 adduxisse
2546 2697 2873 2776 publium

593 2806 919 2864 ticinium
960 2822 1058 2863 ma
1075 2801 1296 2880 enam]
1323 2805 1397 2863 In
1427 2806 1601 2864 italia
1623 2807 1887 2879 primum
1907 2806 2138 2864 venisse
2158 2821 2237 2863 ex
2264 2805 2464 2864 sicilia
2486 2806 2704 2865 dicunt
2725 2807 2791 2867 P.
2805 2807 2873 2865 R.

592 2930 782 2973 conss.
822 2930 921 2972 an.
966 2911 1372 2971 CCCCLIIII
1410 2909 1633 2971 Merula
1672 2929 1742 2969 ex
1782 2909 1969 2970 Plinio
1998 2908 2101 2969 VII
2137 2907 2263 2971 211
2312 2928 2567 2986 sequens
2608 2916 2877 2988 qentium

592 3037 916 3079 consensus
963 3023 1025 3079 in
1064 3021 1405 3080 tonsoribus
1446 3016 1586 3092 fuit,
1634 3020 1745 3077 sed
1779 3018 2071 3078 Romanis
2118 3019 2374 3078 tardior.
2415 3020 2478 3078 in
2519 3019 2769 3080 Italiam
2804 3038 2878 3080 ex

591 3128 805 3188 Sicilia
871 3144 1088 3187 venere
1154 3132 1292 3202 post
1354 3126 1610 3185 Romam
1683 3127 1988 3185 conditam
2049 3142 2210 3185 anno
2276 3127 2876 3202 quadrinqentesimo

589 3236 1083 3310 quinquagesimo
1129 3240 1350 3308 quarto
1397 3234 1741 3293 adducente
1782 3234 1845 3291 P.
1892 3232 2108 3293 Titinio
2161 3231 2364 3313 Mena,
2411 3240 2480 3293 ut
2524 3242 2748 3295 auctor
2794 3242 2879 3295 est

611 3341 824 3402 Varro,
872 3347 1053 3400 antea
1093 3342 1316 3401 intonsi
1353 3339 1554 3415 fuere,
1586 3338 1687 3399 ubi
1727 3341 1958 3399 thinnio
1998 3347 2088 3399 est
2124 3340 2183 3398 in
2215 3337 2384 3399 libris
2418 3357 2591 3399 manu
2624 3343 2876 3420 scriptis,

600 3447 815 3508 Titinio
871 3447 1033 3507 dedit
1089 3445 1443 3506 HarduinuS.
1536 3445 1691 3525 apud
1752 3444 2075 3505 Varronem
2131 3446 2433 3506 Licinium
2491 3445 2872 3507 scribendum

594 3573 724 3614 esse
788 3555 1066 3614 coniecit·
1107 3552 1457 3633 Sylburgius
1532 3556 1593 3613 in
1659 3552 1856 3613 iudice
1925 3552 2199 3613 editionis
2265 3551 2764 3614 Commelinianae
2828 3573 2874 3615 v.

597 3662 837 3723 Menam
876 3680 945 3721 ex
986 3659 1303 3720 Columella
1342 3659 1445 3720 XII
1474 3657 1536 3741 4,
1562 3658 1624 3742 2,
1665 3659 1763 3720 ubi
1803 3663 1961 3720 inter
2002 3677 2104 3720 eos
2145 3661 2246 3737 qui
2284 3659 2356 3719 de
2405 3658 2587 3720 rebus
2638 3663 2874 3722 rusticis

593 3771 964 3847 scripserunt
1029 3768 1246 3829 Menas
1319 3762 1629 3849 (mecenas
1703 3766 1829 3828 cod.
1897 3759 2099 3849 Sang.)
2174 3766 2449 3828 Licinius
2484 3769 2872 3829 nominatur.

599 3876 881 3937 Titinium
938 3893 1006 3933 ex
1057 3876 1395 3935 coniectura
1445 3874 1730 3935 Harduini
1774 3876 1994 3952 recepi.
2086 3892 2401 3934 numerum
2459 3876 2686 3935 retinui
2743 3893 2872 3935 eum

591 3984 693 4063 qui
739 3984 799 4042 in
847 3981 1164 4061 archetypo
1213 3981 1491 4042 Varronis
1539 3982 1669 4063 fuit,
1717 3999 2072 4062 quamquam
2119 3980 2193 4040 de
2240 3980 2353 4041 boc
2401 3999 2644 4061 quoque
2685 3981 2868 4043 Plinio

590 4090 763 4150 fidem
810 4087 1138 4149 habendam
1178 4107 1308 4149 esse
1346 4099 1510 4169 puto.
1584 4096 1889 4167 praeterea
1929 4091 1992 4148 in
2032 4090 2277 4149 Italiam
2316 4087 2701 4150 scribendum
2747 4108 2868 4149 esse

588 4204 846 4276 apparet.
938 4196 1010 4256 de
1059 4199 1288 4276 passivo
1338 4200 1645 4271 dicuntur,
1692 4214 1800 4275 pro
1849 4215 1965 4275 quo
2015 4197 2227 4256 dicunt
2272 4194 2604 4256 Pontedera
2651 4217 2705 4276 p.
2746 4190 2865 4255 445

591 4313 651 4363 et
707 4303 1108 4364 Schneiderus
1163 4302 1563 4382 probaverunt
1626 4311 1871 4382 propter
1928 4321 1995 4363 ea
2053 4321 2201 4381 quae
2262 4310 2598 4380 sequuntur
2659 4318 2865 4376 eosque

587 4413 936 4485 adduxisse,
983 4409 1238 4471 dubitari
1286 4428 1406 4469 non
1451 4407 1718 4470 debebat.
1796 4428 1927 4469 nam
1977 4412 2036 4469 in
2082 4407 2334 4488 publicis
2381 4408 2724 4468 Ardeatium
2771 4406 2856 4467 lit-

589 4519 733 4577 teris
780 4517 924 4576 haec
973 4519 1191 4595 scripta
1240 4518 1421 4578 fuisse
1470 4514 1655 4575 Varro
1703 4517 1907 4577 refert.
