3178 5185
44 2661 276 2745 (4342)

431 359 563 413 VIII
1375 355 1784 409 PRAEFATIO

434 548 505 587 ex
555 527 722 586 libris
770 526 1067 587 Buturlini
1116 545 1164 586 a.
1222 522 1389 585 1839
1440 525 1680 584 Parisiis
1728 523 1962 603 publice
2011 523 2290 605 venditis,
2339 542 2592 601 quorum
2641 525 2726 582 in·

437 634 628 694 dicem
678 632 1002 711 Weigelius
1051 634 1110 691 in
1161 632 1404 710 Serapei
1451 649 1482 690 a
1529 630 1877 692 Naumanno
1926 630 2069 691 editi
2105 642 2168 690 ν.
2216 630 2240 690 Ι
2288 649 2343 709 p.
2391 628 2521 692 220
2570 630 2727 689 exhi-

436 740 564 801 buit
620 742 800 819 inque
861 741 952 800 his
1010 741 1160 800 hanc
1208 740 1395 818 ipsam
1446 739 1766 799 editionem
1815 740 2030 818 posuit,
2079 740 2138 797 in
2187 738 2509 798 Parisinam
2561 736 2726 797 bibli-

435 828 705 909 othecam
756 846 979 907 relatus
1028 855 1135 926 est,
1183 845 1287 905 ubi
1335 865 1382 906 a.
1431 841 1598 906 1851
1650 845 1927 905 Politiani
1975 852 2251 923 excerpta
2301 843 2605 924 descripsi.

611 952 769 1013 Haec
819 971 968 1031 quae
1017 972 1047 1012 a
1094 952 1365 1012 Politano
1414 960 1474 1011 et
1510 950 1771 1012 Victorio
1821 952 1891 1011 de
1942 961 2139 1011 vetere
2187 952 2479 1011 Marciano
2529 952 2730 1011 codice

436 1063 757 1121 memoriae
804 1058 1037 1138 prodita
1086 1057 1372 1118 hahemus
1420 1058 1514 1118 hic
1562 1060 1871 1138 composui
1919 1065 2249 1138 propterea,
2297 1058 2455 1137 quod
2503 1078 2574 1119 ex
2620 1058 2732 1119 hoc

435 1189 553 1230 uno
613 1185 819 1228 omnes
882 1169 985 1246 qui
1043 1184 1200 1226 nunc
1259 1174 1583 1244 supersunt
1644 1166 1975 1245 descriptos
2031 1183 2163 1226 esse
2221 1168 2468 1244 cognovi
2515 1214 2527 1226 .
2578 1167 2732 1245 quod

435 1294 572 1336 cum
629 1274 769 1334 olim
831 1275 1185 1352 comparatis
1241 1275 1313 1332 iis
1377 1291 1527 1352 quae
1584 1291 1615 1332 a
1672 1272 1935 1333 Gesnero
1992 1291 2061 1332 ex
2109 1272 2384 1333 Politiani
2439 1275 2734 1352 excerptis

435 1384 700 1462 quamvis
757 1399 875 1441 non
935 1382 1077 1441 satis
1125 1389 1401 1441 accurate
1452 1380 1609 1441 edita
1656 1389 1824 1441 erant
1873 1399 2009 1441 cum
2060 1379 2413 1440 lectionibus
2463 1381 2732 1441 codicum

437 1489 655 1570 quibus
705 1507 864 1549 nunc
927 1489 1154 1548 utimur
1212 1489 1359 1548 mihi
1417 1490 1816 1569 apparuisset,
1887 1496 2010 1548 tum
2068 1490 2197 1567 ipso
2253 1488 2528 1547 Politiani
2585 1487 2735 1547 libro

361 1608 379 1627 ⁸
437 1605 676 1675 reperto
724 1596 909 1674 magis
958 1596 1373 1655 confirmatum
1424 1603 1516 1656 est
1555 1642 1567 1655 .
1608 1613 1790 1674 quare
1841 1597 1891 1655 si
1938 1593 2261 1655 Politianus
2307 1597 2368 1654 in
2417 1585 2736 1674 archetypo

437 1703 791 1764 excutiendo
839 1721 904 1762 ea
956 1701 1288 1783 diligentia,
1338 1721 1514 1781 quam
1562 1720 1722 1762 nunc
1769 1705 1830 1762 in
1878 1701 2058 1762 huius
2105 1702 2265 1761 modi
2311 1701 2464 1761 libro
2512 1701 2737 1762 deside-

436 1829 667 1891 ramuS,
728 1828 873 1869 usus
939 1817 1122 1890 essct,
1184 1809 1431 1889 reliquis
1492 1809 1662 1870 libris
1720 1799 1891 1870 facile
1954 1827 2157 1870 carere
2214 1827 2525 1888 possemus
2574 1857 2586 1869 .
2635 1809 2737 1869 sed

441 1918 718 1998 quoniam
781 1934 847 1976 ea
912 1934 1062 1995 quae
1120 1915 1190 1976 ab
1249 1915 1348 1976 illo
1407 1916 1683 1977 adnotata
1732 1925 1898 1997 sunt,
1956 1918 2221 1996 quamvis
2270 1933 2478 1994 magna
2525 1924 2585 1976 et
2629 1935 2737 1995 pro

439 2024 536 2085 illa
584 2032 775 2085 aetate
816 2042 950 2084 rara
990 2042 1137 2085 usus
1177 2026 1254 2084 sit
1292 2023 1615 2105 diligentia,
1663 2031 1861 2084 tamen
1900 2017 1983 2107 ad]
2012 2042 2244 2084 omnem
2275 2022 2499 2083 'codicis
2537 2022 2737 2083 arche-

440 2135 563 2212 typi
610 2134 971 2210 scripturam
1019 2131 1583 2209 repraesentandam
1633 2149 1751 2191 non
1803 2132 2131 2212 sufficiunt,
2181 2132 2350 2191 sicut·
2384 2133 2739 2210 comparatis

439 2239 792 2317 apographis
827 2236 1109 2318 intellexi,
1138 2238 1286 2298 haec
1317 2256 1554 2317 quoque
1585 2238 1916 2298 adhibenda
1946 2238 2206 2299 fuerunt.
2245 2237 2460 2297 horum
2490 2240 2739 2298 maxima
2797 2240 2802 2244 ’

439 2363 577 2424 pars
626 2346 832 2423 quinto
873 2344 1103 2404 decimo
1144 2344 1378 2405 saeculo
1418 2347 1479 2404 in
1518 2344 1683 2404 Italia
1724 2347 1943 2422 scripta
1983 2352 2089 2405 est.
2139 2346 2255 2405 duo
2294 2353 2490 2405 autem
2530 2363 2739 2422 super-
2781 2391 2786 2395 .

443 2459 584 2511 sunt
631 2450 866 2512 codices
913 2451 1026 2511 hoc
1075 2458 1265 2512 aetate
1315 2445 2037 2564 superiores,Pa1isinus
2085 2440 2267 2576 6878AE
2279 2452 2327 2510 A
2375 2461 2434 2513 et
2479 2450 2737 2512 Lauren-

441 2561 638 2620 tianus
686 2554 790 2638 30,
842 2554 942 2619 10.

621 2665 853 2725 Codex
900 2665 1285 2726 Parisinus
1334 2615 1575 2738 683&
1623 2669 1684 2727 in
1744 2666 2102 2728 membranis
2151 2667 2373 2727 formae
2420 2668 2740 2747 quadiatae

443 2791 691 2833 numero
741 2774 1040 2852 sexaginta
1089 2781 1370 2853 quattuor
1419 2776 1680 2852 scriptus
1720 2783 1809 2834 est
1846 2776 2017 2834 initio
2058 2773 2279 2835 saeculi
2317 2776 2481 2835 tertii
2509 2775 2743 2857 decimi,

445 2891 512 2941 ut
557 2879 702 2939 mihi
749 2881 940 2939 visum
989 2888 1107 2961 est,
1155 2878 1246 2939 vel
1293 2882 1470 2940 etiam
1517 2879 1629 2940 sub
1679 2880 1853 2940 finem
1903 2880 2238 2941 duodecimi
2285 2881 2537 2961 saeculi,
2588 2885 2743 2943 sicut

447 2987 543 3047 alii
593 2995 653 3047 et
699 2987 879 3065 periti
925 2985 1136 3046 harum
1185 3003 1386 3045 rerum
1435 2986 1663 3046 iudices
1711 2989 2212 3048 existimaverunt.
2269 2987 2341 3047 de
2381 2991 2608 3068 origine
2648 3008 2742 3049 co-

448 3094 597 3155 dicis
646 3092 786 3153 olim
818 3092 1063 3153 Carolus
1093 3091 1452 3153 Benedictus
1481 3092 1698 3154 Hasius
1744 3094 1890 3154 mihi
1937 3093 2320 3155 adseverabat
2358 3113 2488 3155 esse
2527 3095 2742 3156 librum

444 3203 507 3261 in
555 3218 805 3260 numero
855 3217 1062 3260 eorum
1111 3202 1214 3278 qui
1260 3217 1290 3258 a
1341 3198 1654 3260 Catharina
1704 3203 1907 3280 regina
1947 3201 2227 3261 Franciae
2278 3220 2309 3261 e
2347 3210 2523 3281 gente
2562 3185 2758 3262 Medi·⁴

447 3325 689 3367 ceorum
738 3308 997 3385 coempti
1042 3316 1178 3385 post
1216 3314 1467 3366 mortem
1510 3310 1640 3367 eius
1680 3326 1729 3368 a.
1763 3305 1933 3369 1589
1973 3309 2034 3367 in
2073 3310 2294 3387 regiam
2327 3308 2742 3369 bibliothecam

448 3413 717 3475 translati
756 3421 973 3474 essent.
1032 3415 1332 3492 scriptura
1369 3413 1649 3474 librarius
1697 3433 1843 3475 usus
1892 3423 1983 3475 est
2030 3424 2333 3493 accurata,
2382 3416 2489 3477 sed
2535 3434 2745 3495 parum

370 3589 386 3596 ,
447 3520 676 3600 aequali
717 3569 729 3581 .
770 3539 905 3580 nam
961 3523 1023 3580 in
1080 3520 1209 3581 aliis
1255 3522 1486 3600 paginis
1532 3522 1754 3603 minor,
1812 3523 1872 3581 in
1920 3520 2049 3581 aliis
2097 3525 2282 3583 maior
2330 3531 2421 3583 est
2466 3541 2746 3584 versuum
2840 3585 2846 3589 ,

449 3646 753 3709 numeruS,
799 3648 830 3688 a
880 3628 1464 3708 duodequadraginta
1512 3628 1784 3688 versibus
1832 3647 2032 3708 usque·
2064 3628 2135 3689 ad
2175 3630 2561 3709 quadraginta
2599 3649 2702 3690 sex
2732 3678 2745 3691 .

450 3754 569 3813 quo
619 3735 837 3795 factum
887 3743 978 3795 est
1025 3743 1092 3795 ut
1137 3746 1384 3815 propter
1432 3738 1719 3796 minutam
1761 3754 1934 3814 saepe
1973 3735 2305 3797 litterarum
2343 3737 2610 3818 figuram,
2657 3740 2744 3797 in-

449 3842 699 3902 fuscatis
737 3844 1093 3921 praesertim
1134 3841 1512 3923 membraniS,
1543 3844 1606 3901 in
1635 3860 1753 3902 non
1784 3841 1961 3903 nullis
1990 3842 2144 3903 locis.
2166 3843 2463 3905 difficilius
2502 3845 2745 3924 legatur.

449 3949 751 4010 distinctio
792 3947 1111 4010 verborum
1160 3949 1326 4010 valde
1373 3954 1598 4011 incerta
1649 3957 1722 4010 et'
1756 3968 1931 4030 saepe
1980 3953 2195 4011 omissa
2236 3960 2343 4013 est.
2400 3951 2752 4030 compendia

450 4058 781 4135 scripturae
841 4058 983 4116 satis
1041 4056 1225 4117 multa
1277 4066 1443 4139 sunt,
1500 4058 1602 4118 sed
1661 4059 1723 4116 in
1773 4056 1864 4116 his
1913 4057 2070 4118 nulla
2118 4076 2268 4137 quae
2315 4061 2447 4119 iure
2495 4058 2749 4119 debeant

449 4163 522 4223 ad
569 4172 821 4225 aetatem
868 4165 1110 4225 ineunte
1160 4167 1336 4226 tertio
1385 4165 1615 4225 decimo
1667 4165 1901 4224 saeculo
1958 4165 2300 4225 inferiorem
2350 4166 2607 4227 referri.
2635 4185 2745 4245 pro

451 4290 527 4333 ae
573 4274 870 4332 constanti
918 4291 1031 4333 usu
1078 4292 1137 4354 e,
1186 4292 1292 4353 pro
1341 4280 1401 4334 et
1447 4281 1505 4333 et
1550 4275 1662 4333 sed
1703 4273 1855 4331 item
1911 4271 2032 4332 fere
2080 4281 2423 4333 constanter
2470 4277 2511 4346 7
2560 4284 2618 4333 et
2664 4277 2746 4346 87

452 4380 741 4459 scriptum
782 4386 873 4438 est
904 4427 915 4439 .
947 4381 1008 4439 in
1045 4382 1235 4460 prima
1272 4382 1483 4459 pagina
1514 4379 1719 4438 eadem
1748 4397 1944 4459 manu,
1976 4397 2088 4458 qua
2116 4382 2243 4457 ipse
2274 4379 2457 4440 codex
2490 4382 2748 4459 scriptus

451 4496 560 4569 est,
606 4485 792 4547 rubro
839 4485 1037 4546 colore
1087 4487 1309 4564 scripta
1356 4493 1497 4545 sunt
1542 4484 1707 4565 haec,
1756 4487 1831 4546 In
1868 4488 1983 4547 hoc
2021 4488 2233 4548 codice
2270 4485 2440 4560 infra
2475 4490 2704 4564 scripto
2737 4535 2750 4548 .
