3178 5185
1009 386 1270 440 RERVM
1308 387 1786 442 RVSTICARVM
1825 388 1963 442 LIB.
2005 389 2084 442 ΠΙ
2127 389 2202 463 17
2618 380 2745 444 307

459 547 777 616 tempestas
818 542 1121 615 inciderit,
1161 558 1283 615 qua
1322 559 1441 601 non
1490 544 1721 603 Oratae
1756 561 2000 602 mensae
2038 546 2337 602 varietate
2366 542 2748 618 ferculorum

455 650 863 708 abundarent.
957 665 1090 706 nam
1149 650 1483 708 aestivaria
1543 651 1603 707 in
1660 650 1906 727 piscinis
1962 648 2119 708 nulla
2185 655 2339 708 sunt.
2432 654 2747 710 aestuaria

456 760 650 814 autem
700 765 1002 833 parantur,
1052 772 1125 813 ne
1173 771 1321 831 aqua
1370 772 1536 814 reses
1584 756 1703 836 fiat,
1753 755 1853 814 sed
1905 763 1970 813 ut
2018 763 2077 814 et
2123 773 2270 832 aqua
2320 765 2638 817 renovetur
2687 766 2746 817 et

453 869 699 939 propter
732 869 932 922 aestus
965 860 1089 920 loca
1119 861 1420 938 frigidiora
1451 862 1610 944 fiant,
1649 861 1803 940 quod
1839 870 2042 939 postea
2072 863 2132 921 in
2165 864 2409 940 piscinis
2428 863 2490 924 L.
2512 863 2743 924 Luculli

453 967 634 1027 Marci
683 969 884 1029 fratris
931 967 1219 1028 laudatur.
1321 969 1521 1045 itaque
1560 970 1772 1047 scripsi
1815 972 1980 1043 quod
2016 973 2330 1029 aestuaria
2370 973 2588 1030 idonea
2624 989 2743 1031 non

450 1077 704 1136 haberet
733 1094 809 1136 ac
840 1078 1042 1135 reside
1071 1092 1234 1149 aqua
1266 1077 1328 1134 in
1362 1079 1510 1135 locis
1531 1077 1949 1151 pestilentibus
1977 1077 2340 1136 habitarent
2367 1080 2568 1152 pisces
2596 1080 2740 1137 eius.

629 1180 667 1241 9
738 1182 996 1241 Contra
1055 1182 1131 1240 ad
1196 1181 1554 1260 neapolim
1583 1174 1677 1242 'L.
1734 1181 1992 1242 luculli
2050 1190 2517 1262 posteaquam
2582 1203 2739 1262 per·

451 1273 761 1348 fodisset
826 1296 1135 1348 montem
1202 1307 1277 1347 ac
1346 1292 1799 1350 maritumum
1859 1289 2126 1349 flumen
2185 1292 2605 1351 immisisset
2670 1293 2767 1350 in*

449 1397 771 1473 piscinas
811 1397 929 1473 qui
970 1397 1333 1473 reciproci
1374 1395 1695 1456 fluerent
1734 1398 1890 1474 ipse
1931 1403 2247 1474 neptuno
2277 1415 2413 1456 non
2445 1399 2740 1459 cederet

448 1503 528 1562 de
569 1500 893 1580 piscatu]
935 1503 1002 1561 L.
1041 1503 1332 1562 Lucullus
1362 1511 1421 1562 et
1450 1501 1663 1561 deinde
1693 1519 1853 1576 quae
1892 1505 2254 1578 reciprocae
2283 1502 2465 1578 fuere
2494 1502 2737 1583 Merula,

443 1611 511 1669 L.
543 1611 850 1682 Lucullus,
894 1616 1289 1684 posteaquam
1320 1608 1688 1684 perfodisset
1726 1616 1979 1670 montem
2018 1628 2094 1670 ac
2133 1614 2439 1670 maritima
2470 1614 2729 1685 flumina

446 1720 779 1776 immisisset
808 1719 870 1775 in
902 1719 1194 1792 piscinaS,
1234 1734 1392 1790 quae
1430 1718 1794 1790 reciprocae
1823 1718 2109 1790 fluerent,
2151 1720 2276 1792 ipse
2306 1719 2582 1792 Neptuno
2618 1736 2737 1779 non

443 1827 693 1884 cederet
747 1826 822 1883 de
861 1825 1105 1897 piscatu
1154 1821 1484 1896 IucunduS,
1544 1821 1644 1881 ubi
1703 1840 1861 1896 quae
1907 1826 2227 1898 reciproce
2273 1827 2566 1904 fluerent,
2622 1827 2739 1901 ipsi

445 1933 719 2006 Neptuno
766 1947 884 1989 non
934 1931 1174 1989 cederet
1213 1928 1482 2008 UrsinuS,
1530 1933 1650 2004 ipsi
1686 1931 1960 2004 Neptuno
2009 1947 2126 1989 non
2175 1932 2396 1990 cedere
2435 1929 2734 1992 Gesnerus

444 2035 757 2114 legendum
817 2037 1088 2095 coniecit.
1183 2035 1251 2095 ad
1313 2054 1487 2096 manu
1548 2037 1908 2112 scriptorum
1968 2035 2256 2095 librorum
2304 2036 2621 2096 lectionem
2673 2040 2734 2097 iu

442 2143 597 2203 hunc
646 2143 889 2202 modum
930 2142 1105 2202 verba
1145 2142 1524 2223 conformavi,
1565 2150 1782 2203 contra
1823 2145 1909 2202 ad
1944 2145 2253 2219 Neapolim
2292 2144 2358 2203 L.
2399 2146 2733 2220 Lucullum,

440 2257 837 2324 posteaquam
868 2250 1241 2326 perfodisset
1285 2258 1538 2309 montem
1586 2268 1663 2309 ac
1710 2253 2097 2309 maritumum
2135 2253 2360 2323 flumen
2417 2254 2739 2313 inmisisset

447 2359 509 2415 in
542 2360 831 2436 piscinas,
881 2361 989 2431 qui
1022 2360 1346 2433 reciproce
1375 2360 1642 2431 fluerent
1682 2360 1864 2432 ipsae,
1906 2359 2179 2433 Neptuno
2225 2375 2346 2417 non
2393 2361 2613 2418 cedere
2659 2362 2735 2419 de

436 2466 695 2539 piscatu.
771 2482 906 2522 nam
953 2464 1097 2523 haec
1138 2482 1394 2544 quoque,
1442 2465 1599 2523 sicut
1636 2465 1943 2541 superiora
1984 2463 2055 2522 de
2095 2462 2169 2523 M.
2200 2462 2430 2523 Luculli
2469 2466 2731 2544 pisciniS,

440 2569 756 2631 Hortensio
805 2569 989 2632 tribui
1049 2579 1309 2650 apparet.
1402 2575 1510 2646 qui
1567 2578 1764 2630 autem
1805 2569 2065 2630 adverbii
2123 2569 2250 2630 loco
2307 2573 2566 2649 positum
2623 2579 2730 2653 est,

441 2677 497 2736 h.
537 2695 585 2737 e.
635 2684 703 2737 ut
749 2696 814 2737 ea
863 2679 1092 2738 ratione
1141 2680 1301 2755 ipsae
1350 2679 1632 2757 piscinae,
1682 2679 1837 2736 sicut
1884 2694 2065 2757 mare,
2113 2678 2417 2754 reciproce
2456 2677 2728 2739 fluerent.

445 2783 517 2842 de
555 2782 954 2863 Neapolitanis
992 2783 1055 2845 L.
1081 2764 1327 2844 ‘Luculli
1367 2786 1614 2862 piscinis
1652 2783 1879 2844 Plinius
1917 2782 1997 2842 IX
2030 2781 2157 2844 170
2196 2782 2401 2843 scribit
2439 2785 2730 2845 Lucullus

440 2893 647 2950 exciso
686 2894 867 2950 etiam
904 2898 1101 2951 monte
1140 2894 1316 2950 iuxta
1355 2892 1666 2965 Neapolim
1705 2894 1940 2949 maiore
1978 2893 2279 2969 inpendio,
2318 2908 2498 2964 quam
2528 2893 2728 2951 villam

439 3000 975 3079 exaedificaverat,
1024 3001 1301 3073 euripum
1347 3002 1406 3056 et
1450 2999 1652 3055 maria
1701 2998 1959 3056 admisit.

616 3103 907 3164 Factum
978 3121 1135 3164 esse
1197 3104 1380 3162 enim
1430 3112 1505 3162 ut
1552 3103 1817 3161 amicos
1874 3103 2117 3179 pisces
2167 3112 2327 3162 tuos
2394 3103 2727 3164 uideatur

440 3218 739 3288 propter
777 3219 1026 3270 aestus
1056 3209 1395 3269 eduxisse
1435 3210 1502 3267 in
1534 3208 1687 3268 loca
1729 3208 2111 3285 frigidiora
2142 3217 2217 3267 ut
2256 3208 2451 3287 apuli
2491 3209 2726 3270 solent

438 3319 762 3393 pecoarii
803 3316 1047 3376 facere
1090 3316 1272 3394 quod
1311 3332 1440 3393 per
1479 3314 1706 3374 colles
1744 3317 1811 3374 in
1852 3322 2128 3373 montes
2171 3313 2461 3375 sabinos
2503 3334 2724 3394 pecus

438 3421 747 3499 ducunt]
789 3425 1081 3497 Antiquos
1112 3425 1313 3499 pisces
1348 3439 1489 3481 suos
1526 3419 1770 3503 Merula,
1818 3429 2049 3481 amatos
2080 3425 2281 3497 pisces
2326 3441 2466 3483 suos
2512 3423 2724 3483 Iucun-

441 3528 549 3590 dus
598 3537 658 3590 et
704 3529 918 3590 deinde
966 3528 1182 3607 reliqui
1231 3529 1508 3589 editores
1600 3532 1764 3603 quod
1801 3534 2055 3605 propter
2103 3532 2340 3589 calores
2390 3532 2451 3589 in
2500 3539 2723 3592 montes

436 3638 679 3697 sabinos
720 3654 909 3712 pecus
958 3638 1189 3695 ducunt
1235 3633 1391 3694 edita
1438 3632 1576 3693 inde
1635 3652 1665 3692 a
1726 3636 1995 3712 principe
2045 3634 2303 3694 editione
2352 3636 2722 3714 exemplaria.

430 3761 546 3818 per
611 3750 813 3804 aestus
870 3750 929 3801 et
993 3741 1208 3801 deinde
1266 3744 1374 3815 qui
1428 3746 1686 3817 propter
1751 3746 1989 3801 calores
2046 3744 2108 3801 in
2173 3748 2399 3801 montes
2444 3743 2723 3804 Samnios

429 3867 619 3925 pecus
675 3852 907 3909 ducunt
962 3848 1233 3909 Ursinus,
1319 3866 1437 3923 per
1492 3850 1678 3907 calles
1728 3845 2107 3906 scribendum
2169 3865 2299 3906 esse
2361 3858 2604 3927 apparet
2649 3869 2721 3910 ex

434 3957 506 4015 iis
545 3974 694 4034 quae
744 3956 814 4015 de
856 3953 1101 4014 canibus
1147 3960 1452 4032 pastorum
1502 3954 1723 4030 scripta
1771 3961 1910 4013 sunt
1955 3952 2006 4011 11
2046 3950 2106 4033 9,
2157 3949 2236 4013 16
2283 3956 2449 4028 quod
2491 3959 2724 4017 accidit

436 4064 528 4123 his
574 4066 682 4137 qui
716 4081 833 4139 per
880 4066 1066 4123 calles
1101 4064 1403 4122 silvestres
1440 4062 1798 4136 lonqinquos
1835 4063 2029 4121 solent
2064 4063 2349 4121 comitari
2387 4064 2451 4120 in
2489 4065 2718 4122 aestiva

435 4176 496 4228 et
538 4171 816 4229 hiberna.
889 4170 1089 4245 itaque
1128 4169 1343 4247 scripsi
1381 4174 1450 4228 ut
1486 4169 1714 4227 amicos
1746 4170 1946 4242 pisces
1983 4185 2123 4227 suos
2161 4170 2444 4227 videatur
2463 4174 2719 4245 propter

436 4283 636 4335 aestus
674 4277 959 4335 eduxisse
997 4278 1060 4335 in
1087 4279 1221 4334 loca
1253 4273 1611 4349 friqidiora,
1646 4279 1714 4332 ut
1744 4274 1929 4349 Apuli
1951 4277 2145 4334 solent
2166 4277 2463 4351 pecuarii
2481 4251 2716 4350 facere,

435 4385 541 4456 qui
575 4401 692 4458 per
730 4385 915 4442 calles
954 4384 1016 4441 in
1062 4388 1287 4442 montes
1336 4382 1594 4441 Sabinos
1633 4397 1824 4455 pecus
1872 4384 2118 4440 ducunt.

610 4486 685 4547 In
732 4486 983 4546 baiano
1032 4495 1151 4547 aut
1189 4486 1379 4547 ardis
1422 4493 1613 4547 tanta
1655 4485 1950 4545 ardebat
1989 4504 2158 4546 cura
2197 4494 2273 4546 ut
2311 4487 2713 4547 architecto

831 4589 837 4594 ·
2184 4585 2290 4640 20*
