3178 5185
890 423 1151 477 RERVM
1189 424 1669 479 RVSTICARVM
1706 426 1841 479 LIB.
1881 427 1933 479 11
1974 426 2006 481 7
2464 418 2589 482 187

301 582 506 640 tudine
563 582 795 655 media,
851 581 1017 655 quod
1059 598 1173 640 nec
1227 586 1430 640 vastas
1486 598 1601 641 nec
1656 584 1919 641 minutas
1976 584 2149 642 decet
2204 601 2332 643 esse
2378 601 2594 657 equas:

299 665 580 747 clunibus
629 706 708 748 ac
755 690 1065 749 ventribus
1102 691 1242 750 latis
1282 686 1685 748 Schneiderns
1724 695 1966 749 auctore
2005 687 2339 749 Pontedera
2374 709 2430 768 p.
2459 686 2592 751 433

299 793 421 853 coll.
461 813 719 873 geopon.
758 793 885 854 XVI
929 793 984 875 1,
1018 792 1051 855 1
1102 784 1216 867 τὰς
1261 794 1539 873 θηλείας
1585 790 1849 873 ἵππους,
1904 789 1970 868 ἐξ
2018 777 2114 854 ὧν
2160 788 2591 877 πωλοτροφή-

297 914 536 980 σομεν,
596 892 774 963 εἶναι
827 892 951 982 χρὴ
1002 890 1309 981 εὐπαγεῖς
1353 893 1464 961 καὶ
1511 895 1796 981 μέγεθος
1850 893 2132 982 ἐχούσας
2188 892 2426 962 ἱκανὸν
2480 895 2593 963 καὶ

296 996 548 1088 ὡραίας
597 1005 772 1070 ἰδεῖν
818 999 1067 1082 πλάτος
1113 1028 1181 1070 τε
1228 1007 1404 1088 ἔχειν
1452 1003 1524 1069 ἐν
1572 1015 1712 1082 τοῖς
1757 1004 1984 1088 μέρεσι
2029 1004 2144 1088 τῆς
2181 1006 2437 1080 κοιλίας
2481 1001 2593 1069 καὶ

292 1133 455 1176 κατα
505 1108 632 1189 τὰς
676 1111 979 1195 λαγόνας.
1064 1119 1140 1177 de
1179 1116 1385 1192 forma
1433 1134 1564 1177 esse
1610 1123 1846 1193 oportet
1881 1092 2299 1191 maqnitudine
2336 1119 2594 1197 modica,

295 1227 457 1298 quod
492 1243 612 1285 nec
651 1232 852 1285 vastos
888 1243 1002 1285 nec
1039 1228 1297 1285 minutos
1335 1227 1509 1285 decet
1537 1243 1683 1300 esse,
1722 1242 1911 1299 equas
1947 1225 2227 1285 clunibus
2265 1241 2343 1285 ac
2371 1227 2594 1284 ventri-

296 1332 402 1391 bus
450 1334 614 1392 latis.
692 1349 889 1406 equos,
938 1334 1025 1393 ad
1067 1334 1474 1392 admissuram
1520 1349 1670 1407 quos
1725 1335 1869 1392 velis
1920 1333 2149 1392 habere
2195 1348 2321 1409 sqq.
2361 1332 2594 1410 scripsi.

295 1437 365 1497 de
416 1456 538 1498 usu
594 1439 1053 1516 praepositionis
1110 1440 1210 1513 de,
1268 1456 1444 1517 quam
1493 1437 1718 1518 addidi,
1765 1438 1886 1498 dixi
1933 1436 2180 1519 113‚2.
2258 1445 2464 1498 vastus
2519 1436 2591 1497 de

295 1546 479 1624 figura
554 1543 894 1605 animalium
951 1545 1099 1605 dixit
1155 1544 1363 1605 Cicero
1428 1544 1500 1604 de
1559 1551 1676 1604 nat.
1725 1544 1887 1605 deor.
1927 1540 2092 1625 135,
2122 1541 2205 1605 97
2274 1545 2592 1620 elephanto

298 1653 618 1711 beluarum
666 1656 834 1713 nulla
873 1655 1244 1728 prudentior
1254 1673 1277 1723 ;
1335 1658 1401 1712 at
1446 1655 1660 1727 fiqura
1716 1670 1874 1726 quae
1932 1624 2200 1711 vastior?
2275 1650 2595 1712 Columella

296 1756 366 1816 Vl
410 1756 468 1840 1,
500 1756 543 1818 2
583 1758 655 1818 de
686 1758 881 1818 bubus
923 1767 1121 1820 vastos
1155 1766 1215 1820 et
1241 1761 1424 1833 albos,
1465 1758 1543 1819 ib.
1574 1757 1616 1820 3
1655 1763 1844 1819 armis
1881 1762 2066 1818 vastis
2104 1766 2164 1819 et
2201 1756 2301 1818 VII
2342 1756 2398 1834 3,
2432 1756 2468 1819 7
2522 1759 2595 1820 de

298 1863 510 1924 ovibus
550 1868 735 1939 eliqes
774 1868 992 1926 bimam
1031 1870 1189 1926 vasti
1222 1870 1518 1942 corporis.
1586 1864 1981 1925 masculinum
2020 1872 2216 1925 autem
2255 1884 2445 1943 genus
2482 1885 2597 1928 nec

298 1979 497 2033 vastos
545 1990 661 2031 nec
706 1976 979 2047 minutos,
1027 1992 1135 2053 pro
1185 1992 1303 2052 quo
1350 1973 1700 2033 femininum
1749 1990 1939 2050 genus
1987 1974 2048 2031 in
2096 1974 2439 2051 geoponicis
2487 1982 2596 2054 est,

299 2077 607 2138 Gesnerus
653 2078 932 2139 defendit.
1011 2097 1143 2139 nam
1184 2081 1444 2158 primum
1483 2078 1555 2139 de
1596 2079 1784 2139 forma
1823 2080 2086 2139 universi
2134 2080 2371 2157 generis
2418 2097 2597 2158 equo-

299 2203 451 2266 rum,
473 2185 689 2245 deinde
721 2188 1034 2264 separatim
1058 2187 1129 2246 de
1152 2185 1419 2266 equabus
1445 2196 1505 2247 et
1525 2186 1598 2247 de
1630 2187 1801 2265 equis
1830 2185 2191 2246 admissariis
2215 2188 2595 2264 praecipitur.

477 2292 690 2352 Nulla
738 2301 939 2370 parte
979 2296 1311 2372 corporis
1350 2295 1547 2354 inter
1585 2312 1657 2353 se
1699 2311 1835 2353 non
1876 2294 2311 2372 congruenti
2358 2292 2596 2372 qualis

302 2400 599 2460 futurus
656 2402 749 2460 sit
807 2418 1032 2478 equus
1098 2400 1339 2479 epulio
1397 2402 1805 2461 coniectari
1870 2398 2146 2479 potest]
2225 2401 2601 2475 Conyrucnti

300 2511 497 2582 qualis
547 2507 726 2567 editio
774 2509 1055 2587 princeps
1104 2526 1134 2567 a
1174 2507 1463 2568 Politiano
1503 2526 1624 2568 non
1664 2496 1902 2587 mutata,
1956 2524 2228 2582 conqrue
2272 2511 2364 2567 nti
2398 2510 2597 2582 qualis

302 2616 364 2696 A,
430 2635 707 2690 conqrue
761 2634 843 2676 nu
900 2619 1100 2691 qualis
1145 2616 1209 2692 B,
1276 2635 1633 2692 conqruenn
1701 2619 1900 2691 qualis
1965 2615 2148 2675 codex
2199 2614 2597 2699 FlorentinuS,

308 2741 582 2798 conqrue
629 2726 927 2797 inequalis
965 2721 1275 2802 CaesenaS‚
1323 2740 1631 2798 conqruos
1678 2723 1759 2783 un
1811 2726 2009 2798 qualis
2058 2741 2133 2782 m.
2206 2727 2375 2783 nulla
2414 2731 2601 2799 parte

304 2832 583 2905 corporis
622 2833 784 2889 inter
819 2849 886 2891 36
923 2848 1042 2891 non
1080 2837 1471 2906 conqruente.
1545 2833 1710 2890 unde
1747 2833 1946 2905 qualis
1984 2828 2240 2905 futurus
2276 2834 2356 2891 sit
2392 2849 2598 2906 equus,

303 2956 334 2996 6
379 2940 552 3013 pullo
603 2940 945 2997 coniectari
990 2943 1187 3014 potest
1241 2937 1571 3019 IucunduS,
1639 2936 1741 2997 ubi
1793 2935 2091 2997 Victorius
2147 2939 2310 2997 unde
2365 2936 2596 2998 delevit.

303 3047 467 3104 nulla
512 3051 698 3119 parte
744 3047 1024 3120 corporis
1071 3047 1229 3105 inter
1275 3063 1340 3105 se
1386 3062 1506 3106 non
1554 3048 1919 3119 conyruenti
1975 3061 2118 3102 num
2166 3042 2285 3103 dici
2335 3045 2597 3122 potuerit

305 3169 408 3229 pro
460 3169 531 3210 eo
582 3150 741 3229 quod
780 3153 1114 3211 accuratius
1153 3150 1471 3212 dicendum
1510 3159 1639 3211 erat
1677 3145 1976 3210 ‘omnibus
2014 3149 2283 3227 partibus
2325 3152 2596 3227 corporis

301 3259 457 3318 inter
506 3276 571 3317 se
610 3252 1128 3336 congruentibus',
1178 3256 1401 3319 dubito.
1479 3259 1679 3335 itaque
1729 3263 2135 3332 conqruentes
2173 3258 2404 3336 scripsi,
2443 3257 2601 3316 sicut

302 3365 371 3425 de
419 3364 618 3423 vaccis
667 3366 956 3441 scriptum
1004 3374 1095 3424 est
1135 3363 1188 3423 11
1225 3361 1285 3445 5,
1317 3361 1352 3425 7
1394 3372 1462 3425 ut
1497 3368 1620 3424 sint
1657 3367 1806 3424 bene
1843 3366 2222 3439 compositae.
2298 3362 2371 3422 de
2410 3363 2597 3424 forma

304 3487 599 3549 equorum
648 3467 801 3547 apud
853 3467 1233 3529 Columellam
1281 3478 1341 3530 et
1387 3472 1449 3529 in
1477 3457 1840 3549 ·geoponicis
1887 3479 2205 3548 praecepta
2254 3479 2395 3529 sunt
2434 3469 2599 3552 haec,

302 3594 451 3655 quae
501 3574 851 3655 adscribam,
881 3585 1198 3654 propterea
1229 3576 1387 3655 quod
1426 3577 1519 3636 his
1558 3575 1905 3637 auctoribus
1947 3575 2207 3636 editores
2246 3575 2416 3636 abusi
2458 3583 2599 3636 sunt

302 3682 371 3744 ad
420 3681 773 3761 corrigenda
824 3701 890 3742 ea
938 3701 1088 3761 quae
1136 3682 1290 3761 apud
1330 3683 1656 3743 Varronem
1703 3682 2002 3763 leguntur,
2054 3682 2280 3743 Colum.
2318 3681 2391 3741 VI
2421 3679 2527 3764 29,
2555 3681 2596 3743 2

301 3794 582 3868 corporis
630 3807 774 3850 vero
814 3787 1021 3864 forma
1069 3792 1371 3850 constabit
1417 3793 1642 3865 exiquo
1681 3794 1899 3870 capite,
1946 3792 2142 3865 niyris
2180 3793 2387 3863 oculis,
2427 3793 2595 3849 nari·

301 3900 409 3957 bus
458 3900 709 3974 apertis,
757 3896 1040 3956 brevibus
1087 3899 1386 3956 auriculis
1433 3903 1491 3955 et
1538 3897 1826 3970 adrectis,
1875 3898 2118 3956 cervice
2153 3899 2320 3956 molli
2352 3899 2601 3971 lataque

303 4022 414 4065 nec
461 4008 665 4077 lonqa,
714 4004 901 4062 densa
952 4003 1096 4060 iuba
1144 4009 1203 4062 et
1242 4021 1357 4077 per
1404 4003 1689 4062 dextram
1739 4009 1981 4078 partem
2017 4002 2309 4079 profusa,
2366 4007 2488 4064 lato
2540 4010 2600 4064 et

301 4112 715 4171 musculorum
764 4111 913 4168 toris
960 4125 1277 4169 numeroso
1328 4118 1598 4185 pectore,
1645 4111 1993 4184 yrundibus
2048 4111 2235 4169 armis
2292 4115 2351 4169 et
2395 4111 2597 4183 rectis,

303 4218 601 4277 lateribus
649 4218 907 4289 inflexis,
954 4217 1131 4290 spina
1179 4218 1425 4292 duplici,
1473 4222 1683 4276 ventre
1727 4218 2079 4295 substricto,
2136 4216 2384 4276 testibus
2421 4218 2597 4292 pari-

306 4325 412 4384 bus
469 4329 528 4382 et
586 4324 852 4396 eximis,
919 4324 1058 4381 lutis
1113 4324 1327 4381 lumbis
1385 4329 1444 4383 et
1496 4324 1975 4397 subsidentibus,
2040 4324 2245 4383 cauda
2301 4325 2482 4396 lonqa
2543 4330 2603 4382 et

304 4437 497 4491 setosa
547 4431 889 4504 crispoque,
937 4430 1212 4489 mollibus
1261 4436 1443 4504 atque
1490 4433 1630 4490 altis
1687 4432 1991 4502 rectisque
2045 4430 2360 4503 cruribus,
2422 4433 2604 4490 tereti

302 4555 463 4611 qenu
488 4552 809 4613 parvoque
846 4553 1040 4610 neque
1080 4538 1382 4596 introrsus
1417 4538 1736 4616 spectanti,
1780 4536 2064 4595 rutundis
2104 4537 2400 4616 clunibus,
2424 4533 2599 4609 femi-
