3178 5185
633 401 763 462 222
1314 405 1696 462 ΟΟΜΜΕΝΤ.
1734 406 1814 460 IN
1852 358 2229 459 VARRONIS

635 571 930 642 sererent3
984 569 1186 641 postea
1244 579 1309 621 ea
1368 579 1517 640 quae
1576 568 1637 620 et
1692 562 1751 619 in
1809 561 1967 637 agris
2023 568 2084 619 et
2145 561 2205 618 in
2263 557 2542 638 gregibus
2601 568 2908 618 creverunt

634 673 881 749 pecunia
930 669 1059 729 data
1109 669 1463 749 diviserunt,
1512 687 1629 747 quo
1679 669 1897 727 sactum
1947 675 2038 727 est
2098 675 2166 727 ut
2220 666 2315 726 alii
2373 673 2575 727 essent
2631 674 2906 746 pastoreS,

635 777 729 837 alii
778 757 1084 855 agricolae.
1158 778 1218 835 in
1268 779 1339 836 iis
1378 794 1526 855 quae
1567 775 1760 835 adhuc
1799 794 1871 834 ex
1910 774 2113 835 Aldina
2154 773 2411 834 editione
2451 783 2691 853 recepta
2731 781 2908 852 erant,

634 888 742 960 qui
778 892 989 960 postea
1036 892 1363 944 creverunt
1399 886 1650 959 peculia
1698 885 2050 956 diviserunt,
2093 900 2283 961 neque
2323 881 2395 940 de
2435 879 2779 940 hominibus
2817 881 2909 957 qui

635 1000 837 1069 postea
889 992 1007 1051 nati
1053 999 1193 1049 sunt
1230 998 1392 1049 recte
1432 990 1650 1049 dicitur
1688 992 1796 1064 qui
1823 996 2035 1065 postea
2073 996 2415 1063 creverunt,
2445 1006 2640 1067 neque
2671 989 2911 1064 peculia

635 1098 751 1158 dici
799 1107 1071 1178 poterant
1116 1097 1336 1156 divisae
1384 1096 1773 1176 agricolarum
1821 1105 1881 1156 et
1925 1105 2228 1175 pastorum
2276 1097 2706 1175 possessiones,

700 1185 705 1192 ¹
815 1202 853 1266 8
910 1203 1202 1265 Multum
1250 1203 1574 1263 homines
1622 1202 2025 1282 locupletes
2071 1203 2155 1263 ob
2204 1221 2348 1263 eam
2397 1221 2540 1263 rem
2589 1212 2711 1263 aut
2759 1220 2911 1261 con·

637 1312 890 1373 ductos
956 1321 1074 1371 aut
1138 1321 1408 1390 emptos
1473 1309 1739 1371 habent
1803 1308 2058 1388 saltus]
2117 1311 2374 1372 Multum
2426 1312 2696 1371 homines
2757 1313 2911 1370 locu-

628 1423 819 1496 pletat
856 1426 916 1479 et
959 1420 1032 1479 ob
1071 1436 1203 1479 eam
1248 1435 1377 1478 rem
1424 1436 1549 1497 sqq.
1588 1416 1908 1478 Iucundus.
1983 1420 2043 1477 in
2089 1416 2342 1478 lectione
2379 1416 2705 1497 archetypi,
2745 1433 2913 1495 quam

637 1527 889 1604 restitui,
928 1529 1175 1586 multum
1221 1523 1482 1585 adverbii
1529 1523 1659 1585 loco
1706 1526 1965 1605 positum
2016 1535 2075 1586 et
2121 1525 2194 1585 de
2241 1527 2315 1585 iis
2354 1542 2504 1604 quae
2553 1542 2731 1602 saepe
2771 1523 2913 1582 fiunt

631 1633 853 1693 dictum
904 1639 1023 1705 est:
1069 1630 1150 1690 III
1189 1630 1247 1713 5,
1298 1629 1336 1693 8
1386 1635 1448 1693 in
1489 1632 1674 1708 fenus
1721 1634 1826 1692 des
1872 1635 2077 1693 licebit
2120 1637 2396 1706 multum,
2447 1627 2547 1712 15,
2586 1629 2628 1692 2
2677 1649 2755 1690 ea
2802 1647 2915 1690 non

643 1747 895 1801 utuntur
941 1744 1205 1801 multum.
1280 1739 1484 1851 e'odem
1535 1740 1748 1799 referri
1794 1748 2070 1819 poterant
2115 1740 2279 1821 haec,
2325 1739 2351 1799 1
2388 1736 2492 1818 40,
2524 1734 2566 1799 5
2613 1741 2791 1798 multi
2823 1739 2925 1812 qut·

637 1849 1013 1926 haruspices⁴
1045 1849 1308 1908 audiunt
1351 1851 1626 1923 multum,
1674 1846 1778 1907 ubi
1834 1852 2083 1908 multum
2130 1857 2427 1927 tamquam
2474 1847 2798 1925 repetitum
2854 1861 2920 1903 ex

632 1953 1043 2033 superioribus
1090 1952 1323 2015 inclusi.

807 2060 1049 2121 Altera
1111 2060 1437 2121 uillatica
1487 2061 1672 2140 quod
1729 2061 2026 2121 humilis
2081 2061 2375 2121 uidetur
2421 2079 2452 2120 a
2501 2058 2919 2139 quibusdam

629 2168 905 2228 adiecta
955 2168 1034 2228 ad
1083 2166 1610 2246 agriculturam
1660 2186 1814 2228 cum
1864 2176 2058 2228 esset
2115 2169 2349 2247 pastio
2409 2186 2638 2247 neque
2696 2165 2919 2246 expli-

629 2285 781 2335 cata
847 2282 995 2335 tota
1064 2277 1453 2354 separatim
1522 2276 1705 2353 quod
1774 2278 1987 2335 sciam
2064 2274 2143 2334 ab
2211 2255 2392 2353 ullo]
2462 2279 2700 2351 Altera,
2768 2275 2926 2349 quod

630 2385 872 2443 humilis
919 2385 1257 2456 videretur,
1305 2401 1345 2443 a
1390 2384 1756 2458 quibusdam
1802 2386 2046 2444 adiecta
2093 2386 2181 2443 ad
2225 2386 2677 2459 ayriculturam
2733 2398 2923 2455 neque

635 2493 944 2566 explicata
980 2493 1330 2566 separatim,
1367 2492 1532 2564 quod
1565 2493 1774 2569 sciam,
1813 2492 1891 2550 ab
1929 2494 2049 2551 ullo
2088 2489 2359 2571 UrsinuS,
2398 2509 2466 2549 ex
2508 2488 2729 2569 quibus
2766 2491 2920 2548 vide·

629 2607 805 2660 retur
862 2597 1132 2677 probavit
1177 2597 1503 2658 'Gesnerus
1600 2602 1800 2659 altera
1856 2602 2126 2659 villatica
2177 2602 2404 2675 pastio,
2462 2600 2629 2673 quod
2685 2599 2921 2658 humilis

630 2709 969 2780 videretur,
1019 2723 1058 2765 α
1108 2708 1467 2781 quibusdam
1515 2708 1760 2765 adiecta
1808 2708 1895 2765 ad
1938 2709 2386 2781 ayriculturam
2444 2712 2534 2765 est
2589 2723 2783 2780 neque
2828 2722 2924 2764 ex—

629 2816 867 2889 plicata
906 2830 1032 2891 sqq.
1083 2810 1483 2871 Schneiderus
1531 2814 1804 2872 coniecit.
1878 2811 2128 2872 villatica
2167 2814 2375 2893 pastio,
2413 2819 2728 2891 propterea
2770 2809 2921 2889 quod

637 2920 872 2980 videtur
926 2918 1166 2979 humilis
1213 2936 1371 2998 esse,
1419 2937 1447 2977 a
1499 2916 1851 2997 quibusdam
1900 2918 1971 2978 ad
2022 2921 2144 2998 agri
2194 2918 2486 2980 culturam
2545 2918 2770 2981 adiecta
2820 2924 2922 2997 est,

642 3030 727 3088 sic
784 3028 954 3107 quasi
1008 3025 1166 3085 illius
1221 3044 1358 3104 pars
1415 3035 1600 3106 esset,
1659 3044 1793 3086 cum
1855 3037 2045 3086 tamen
2104 3045 2212 3106 pro
2270 3029 2535 3107 pastione
2583 3028 2784 3106 potius
2829 3024 2921 3084 ha·

639 3135 828 3196 benda
878 3141 1053 3195 esset.

814 3239 898 3302 10
963 3240 1125 3301 Cum
1175 3241 1360 3300 enim
1410 3239 1651 3300 uillam
1698 3240 2003 3301 haberes
2052 3259 2268 3321 opere
2318 3241 2640 3301 tectorio
2699 3248 2767 3299 et
2823 3240 2919 3297 in-

636 3351 911 3409 testino
988 3366 1063 3406 ac
1128 3349 1565 3426 pauimentis
1634 3347 2007 3408 nobilibus
2073 3348 2532 3409 lithostrotis
2595 3352 2918 3425 spectan-

635 3458 785 3517 dam
867 3473 1115 3535 parum
1197 3463 1535 3534 putasses
1620 3443 1778 3516 esse
1871 3458 1940 3515 ni
2033 3456 2180 3515 tuis
2272 3474 2555 3534 quoque
2649 3453 2922 3514 litteris

637 3564 966 3623 exornati
1031 3563 1356 3641 parietes
1422 3572 1670 3622 essent
1734 3581 1860 3642 ego
1926 3580 2207 3642 quoque
2274 3581 2408 3641 quo
2470 3564 2797 3622 ornatior
2852 3578 2920 3620 ea

636 3689 791 3731 esse
872 3677 1115 3749 posset
1188 3669 1435 3729 fructu
1511 3670 1696 3748 quod
1783 3656 1977 3730 factu
2053 3669 2242 3749 quod
2326 3669 2565 3729 facere
2648 3687 2921 3748 possem

634 3778 805 3839 haec
854 3778 933 3837 ad
993 3787 1059 3837 te
1109 3775 1296 3854 misi]
1345 3778 1427 3837 Ni
1469 3780 1589 3838 tuis
1638 3776 1820 3837 editio
1867 3778 2148 3856 princeps
2196 3795 2226 3835 a
2275 3774 2562 3836 Politiano
2622 3757 2740 3836 non
2803 3793 2923 3835 cor-

637 3896 796 3946 recta
856 3894 913 3945 et
979 3884 1160 3945 codex
1225 3882 1631 3963 FlorentinuS,
1690 3887 1873 3944 intuis
1918 3883 1963 3942 B
2032 3892 2093 3943 et
2138 3882 2444 3943 Parisinus
2501 3882 2716 3964 codex,
2772 3886 2925 3944 intus

637 3993 959 4073 CaesenaS,
1006 3994 1232 4051 inscius
1280 4008 1353 4050 m.
1402 3996 1692 4052 exornati
1727 3994 2000 4068 parietes
2046 3997 2258 4051 essent.
2352 3991 2482 4066 qu
2529 4007 2770 4065 quoque
2815 4007 2921 4064 quo

639 4103 917 4162 ornatior
964 4117 1037 4159 ea
1076 4116 1204 4158 esse
1242 4105 1447 4173 posset
1485 4098 1702 4174 fructu
1741 4116 1922 4173 quam
1963 4096 2161 4178 factu,
2199 4099 2405 4173 quoad
2435 4095 2658 4173 facere
2697 4112 2921 4175 possem

640 4212 725 4269 ad
768 4215 825 4269 te
870 4210 1007 4267 misi
1049 4208 1204 4266 haec
1240 4204 1484 4286 Merula,
1533 4204 1636 4265 ubi
1681 4208 1835 4266 haec
1883 4207 1968 4265 ad
2011 4212 2069 4266 te
2114 4208 2252 4265 misi
2293 4202 2597 4264 Iucundus
2646 4204 2917 4283 restituit,

641 4315 864 4395 reliqua
904 4333 974 4375 ex
1012 4314 1282 4393 principe
1332 4312 1588 4372 editione
1630 4314 1921 4392 repetivit.
1990 4329 2333 4389 parumque
2364 4318 2645 4387 putasses
2684 4330 2824 4391 esse,
2860 4312 2921 4370 ni

640 4427 758 4484 tuis
818 4440 1052 4498 quoque
1108 4423 1326 4480 litteris
1381 4423 1673 4481 exornati
1716 4421 1987 4496 parietes
2045 4426 2266 4480 essent:
2333 4435 2443 4494 eqo
2510 4436 2749 4493 quoque
2809 4434 2916 4493 quo

642 4533 921 4590 ornatior
948 4546 1032 4604 ‚ea
1072 4546 1199 4588 esse
1239 4535 1441 4603 posset
1470 4526 1687 4602 fructu
1726 4544 1906 4603 quam
1944 4534 2180 4605 sumptu
2221 4545 2347 4605 sqq.
2387 4524 2659 4587 Ursinus.
2740 4530 2806 4587 ni
2838 4526 2920 4586 tui
