3178 5185
778 421 1037 475 RERVM
1073 420 1552 476 RVSTICARVM
1588 415 1723 476 LIB.
1761 422 1788 476 Ι
1826 419 2085 477 37-38
2492 413 2576 477 93

467 574 810 636 Faciendi
867 573 1190 652 scrobes]
1249 573 1397 635 Non.
1444 594 1499 654 p.
1538 572 1688 658 225,
1727 573 1762 636 7
1815 578 2074 637 Scrobes
2123 575 2417 651 feminino
2469 595 2574 652 qe-

301 701 450 758 nere,
495 686 827 743 masculino
877 683 1130 743 Plautus
1159 715 1242 724 —-
1279 682 1475 743 Varro
1522 685 1897 743 rusticarum
1944 700 2151 743 rerum
2198 684 2297 743 lib.
2328 684 2369 743 I
2406 701 2570 744 soro-

302 790 550 850 biculum
607 791 780 865 dicit,
830 792 985 850 idem
1046 789 1257 850 Manio
1312 791 1478 864 quod
1539 792 1681 850 dum
1737 792 2189 864 administrant,
2247 793 2309 850 in
2362 791 2578 851 scrobe

294 894 575 972 fodiendo
624 898 937 956 inveniunt
990 913 1219 957 aream.
1311 894 1712 956 scrobiculum
1774 896 1833 955 in
1890 894 2004 955 hoc
2059 894 2210 958 libro
2268 914 2384 956 non
2442 895 2572 975 legi,

301 1003 394 1063 sed
442 1005 635 1064 errori
681 1003 1047 1081 grammatici
1095 999 1476 1062 tribuendum
1525 1019 1655 1062 esse
1696 999 1990 1062 Victorius
2029 1001 2341 1066 adnotavit.
2416 1002 2571 1064 lacu-

301 1128 451 1191 nam,
508 1128 621 1189 qua
688 1107 966 1168 Varronis
1015 1107 1190 1169 verba
1229 1109 1383 1187 apud
1430 1106 1687 1169 Nonium
1754 1108 1958 1169 hausta
2007 1117 2202 1192 erant,
2251 1109 2571 1170 Muellerus

300 1218 655 1296 significavit.

465 1320 507 1386 5
571 1322 736 1384 Cum
800 1325 1014 1383 etiam
1077 1341 1263 1384 nunc
1326 1322 1661 1403 platanus
1727 1322 2014 1383 nouella
2078 1321 2302 1400 esset]
2371 1324 2573 1383 Etiam

300 1438 434 1492 tunc
481 1427 663 1492 editio
711 1429 1186 1491 Commeliniana.
1276 1432 1582 1511 praeteriti
1640 1431 1927 1508 temporis
1983 1448 2117 1490 cum
2173 1433 2354 1491 etiam
2409 1449 2573 1491 nune

300 1541 466 1619 positi
512 1537 778 1617 exempla
825 1537 1104 1598 indicavit
1141 1535 1406 1599 Handius
1445 1535 1695 1598 Tursell.
1734 1556 1787 1599 v.
1822 1535 1876 1595 II
1920 1556 1978 1617 p.
2015 1531 2163 1599 586.
2223 1556 2357 1597 cum
2406 1555 2570 1616 prae-

298 1648 443 1707 senti
505 1655 771 1724 tempore
827 1649 1008 1706 etiam
1063 1663 1227 1706 nunc
1285 1644 1500 1723 legitur
1555 1643 1609 1703 11
1652 1645 1706 1726 1,
1743 1640 1785 1705 5
1847 1646 2030 1704 etiam
2084 1662 2247 1704 nunc
2316 1647 2378 1705 in
2433 1648 2581 1705 Iocis

298 1756 486 1813 multis
548 1770 784 1838 genera
840 1754 1147 1828 pecudum
1202 1750 1487 1828 ferarum
1550 1757 1692 1811 sunt
1756 1758 1818 1811 et
1882 1752 2058 1811 boves
2105 1749 2349 1827 perseri
2401 1753 2578 1811 etiam

301 1878 454 1921 nune
499 1867 666 1934 sunt,
732 1856 808 1919 ib.
848 1855 888 1921 9
935 1862 1122 1919 multa
1180 1843 1361 1920 etiam
1416 1876 1580 1919 nuno
1629 1889 1709 1899 —-—
1761 1859 2017 1931 dieitur,
2077 1855 2129 1915 ΙΙ
2166 1853 2228 1939 4,
2270 1854 2350 1917 18
2398 1860 2579 1917 etiam

300 1986 452 2028 nune
497 1969 751 2041 vestigia
798 1972 1116 2047 apparent,
1167 1962 1267 2044 11,
1297 1962 1337 2026 9
1386 1969 1567 2027 etiam
1614 1983 1777 2025 nune
1823 1968 2063 2039 vellunt,
2111 1961 2190 2022 111
2232 1962 2287 2042 1,
2317 1960 2357 2023 6
2396 1968 2579 2024 etiam

300 2092 452 2134 nunc
509 2077 596 2134 ita
653 2075 890 2149 dicunt,
936 2069 996 2154 2,
1033 2069 1074 2133 3
1123 2075 1303 2133 etiam
1357 2090 1523 2134 nunc
1577 2078 1820 2146 ructor,
1878 2073 2020 2131 item
2066 2070 2091 2130 I
2129 2067 2191 2145 2,
2235 2068 2315 2130 14
2361 2075 2583 2131 rustici

299 2184 468 2240 etiam
513 2198 678 2241 nunc
724 2197 960 2254 quoque
997 2181 1155 2239 viam
1191 2182 1402 2240 veham
1441 2182 1764 2255 appellant.
1833 2176 1885 2236 11
1925 2175 2026 2259 11,
2069 2171 2150 2239 15
2195 2180 2376 2237 etiam
2413 2195 2578 2238 nunc

303 2289 585 2347 dicuntur
640 2289 880 2367 scripsi,
926 2286 1031 2347 uhi
1091 2290 1272 2349 etiam
1320 2288 1461 2348 inde
1507 2289 1800 2347 dicuntur
1855 2295 1947 2345 est
2002 2287 2062 2345 in
2119 2283 2302 2345 libris,
2394 2283 2577 2344 semel

304 2395 358 2452 in
401 2393 719 2472 archetypo
775 2398 1100 2454 etiamnum
1156 2395 1443 2472 scriptum
1500 2403 1654 2474 erat,
1699 2389 1841 2469 114,
1876 2389 1960 2453 10
2004 2395 2327 2453 etiamnum
2391 2394 2575 2466 quod·

301 2504 466 2560 annis
530 2519 564 2560 e
634 2501 834 2561 Gallia
899 2503 1309 2578 adportentur
1355 2502 1610 2562 Romam
1675 2518 1937 2577 pernae,
2000 2499 2104 2560 ubi
2168 2502 2349 2560 etiam
2411 2517 2577 2560 nuno

302 2606 475 2669 edidit
519 2606 762 2669 Merula.

467 2713 821 2785 Quaedam
869 2716 928 2776 si
973 2713 1207 2776 bubus
1254 2722 1323 2776 et
1371 2722 1611 2798 aratro
1658 2714 2159 2795 proscinderis
2198 2722 2269 2775 et
2303 2715 2575 2774 iteran-

301 2821 448 2881 dum
497 2831 874 2902 antequam
921 2840 1159 2882 semen
1208 2821 1461 2900 iactas]
1494 2825 1921 2883 Proscinderis
1957 2821 2093 2882 libri
2132 2839 2307 2881 manu
2349 2822 2574 2903 scripti,

292 2932 660 3004 proscideris
705 2931 765 2989 in
804 2931 1072 3009 principe
1111 2928 1369 2990 editione
1409 2928 1735 2990 Politianus
1774 2946 1891 2989 non
1932 2929 2206 2989 correxit.
2273 2931 2360 2988 ad
2392 2946 2573 3003 quae—

301 3037 447 3115 dam,
492 3040 550 3097 si
594 3070 677 3078 —
719 3039 1112 3112 proscideriS,
1160 3039 1507 3098 iterandum
1553 3034 1823 3095 Ursinus,
1890 3037 2066 3095 immo
2115 3033 2400 3113 quaedam
2448 3034 2575 3095 loca

300 3150 426 3219 post
489 3144 737 3221 primam
803 3144 1127 3203 arationem
1194 3144 1367 3203 etiam
1432 3142 1699 3202 iteranda
1764 3150 1930 3222 sunt,
1991 3149 2305 3220 antequam
2370 3159 2573 3201 semen

299 3250 551 3309 iaciatur.
647 3252 845 3309 iacias
901 3251 1113 3328 scripsi
1170 3268 1278 3328 pro
1337 3252 1551 3330 iactes,
1612 3248 1765 3328 quod
1833 3247 2025 3308 adhuc
2089 3249 2150 3307 in
2216 3246 2574 3308 editionibus

299 3353 417 3416 fuit.
508 3357 803 3416 iaciuntur
865 3357 1020 3415 enim
1078 3358 1327 3436 semina,
1384 3374 1499 3415 non
1563 3357 1888 3437 iactantur,
1951 3350 2075 3434 14,
2119 3350 2150 3412 1
2213 3358 2574 3431 priusquam

302 3464 483 3522 iacias
528 3465 777 3536 semina,
827 3461 850 3521 1
885 3458 973 3522 42
1019 3468 1087 3521 ut
1129 3479 1327 3522 semen
1374 3463 1661 3521 iaciatur.

468 3567 551 3629 Ut
623 3567 1106 3630 defendantur
1171 3587 1201 3627 a
1265 3566 1621 3647 pastione]
1691 3569 1744 3628 Α
1801 3571 2080 3645 pastione
2143 3568 2327 3630 deleri
2390 3569 2575 3630 voluit

307 3672 542 3737 Ursinus
590 3674 722 3736 coll.
761 3674 787 3734 I
824 3671 913 3735 30
951 3681 1140 3752 prata
1187 3674 1436 3749 defendi
1443 3695 1468 3745 ;
1522 3673 1625 3734 sed
1674 3673 1993 3735 Columella
2040 3674 2121 3735 XI
2157 3673 2217 3757 2,
2254 3673 2338 3737 27
2381 3684 2571 3753 prata

296 3799 561 3857 purqare
606 3790 666 3843 et
710 3801 750 3844 a
788 3801 1015 3860 pecore
1061 3781 1405 3859 defendere.

467 3894 755 3949 XXXVIII
791 3887 833 3950 2
900 3888 973 3950 Si
1019 3897 1271 3950 caueto
1319 3887 1673 3966 dominus]
1715 3890 1788 3949 Si
1831 3897 2048 3950 caveat
2092 3907 2164 3949 ex
2201 3888 2407 3950 Aldina
2451 3890 2569 3952 edi-

304 3995 448 4056 tione
516 4004 822 4076 receptum
885 4004 1038 4078 erat,
1106 3999 1163 4057 si
1224 4003 1397 4057 cavet
1462 3996 1693 4075 scripsi.
1785 4014 1920 4057 nam
1988 3998 2347 4057 coniunctivi
2413 3997 2573 4058 modi

306 4101 449 4163 nulla
496 4104 647 4163 ratio
695 4112 802 4164 est.

469 4207 510 4271 3
575 4209 653 4270 In
700 4227 779 4269 eo
828 4211 888 4269 si
934 4211 1004 4269 in
1055 4206 1282 4268 medio
1329 4207 1627 4268 robusta
1683 4207 1921 4288 aliqua
1969 4210 2263 4270 materia
2310 4212 2408 4270 sit
2454 4209 2570 4271 de-

306 4326 495 4393 pacta
540 4325 808 4396 negant
854 4323 1262 4397 serpentem
1309 4313 1534 4392 nasci]
1585 4316 1659 4376 In
1707 4333 1776 4376 eo
1821 4319 1877 4376 si
1919 4318 2116 4376 medio
2154 4314 2404 4377 Ursinus
2442 4317 2572 4379 coll.

307 4420 514 4483 Colum.
553 4423 605 4483 Π
650 4420 747 4504 14,
786 4419 826 4482 6
880 4425 990 4483 sed
1041 4425 1246 4483 eodem
1300 4424 1495 4483 medio
1549 4426 1682 4483 loco
1744 4423 2051 4483 robustam
2105 4426 2416 4484 materiem
2471 4427 2570 4485 de·

302 4531 483 4603 fiqere
527 4533 820 4591 convenit.
912 4532 1110 4609 potius
1157 4528 1504 4607 corrigenda
1551 4535 1681 4589 erat
1726 4528 2041 4589 verborum
2090 4530 2456 4615 coniunctio,
2504 4542 2569 4593 ut
