<?xml version="1.0" encoding="UTF-8"?>
<!DOCTYPE html PUBLIC "-//W3C//DTD XHTML 1.0 Transitional//EN"
    "http://www.w3.org/TR/xhtml1/DTD/xhtml1-transitional.dtd">
<html xmlns="http://www.w3.org/1999/xhtml" xml:lang="en" lang="en">
 <head>
  <title>
</title>
<meta http-equiv="Content-Type" content="text/html;charset=utf-8" />
  <meta name='ocr-system' content='tesseract 3.04.00' />
  <meta name='ocr-capabilities' content='ocr_page ocr_carea ocr_par ocr_line ocrx_word'/>
</head>
<body>
  <div class='ocr_page' id='page_1' title='image "./mporcicatonisde01catogoog_0259.png"; bbox 0 0 3178 5185; ppageno 0'>
   <div class='ocr_carea' id='block_1_1' title="bbox 855 374 2538 437">
    <p class='ocr_par' dir='ltr' id='par_1_1' title="bbox 855 374 2538 437">
     <span class='ocr_line' id='line_1_1' title="bbox 855 374 2538 437; baseline 0.002 -4"><span class='ocrx_word' id='word_1_1' title='bbox 855 381 1116 434; x_wconf 85' lang='lat' dir='ltr'><strong>RERVM</strong></span> <span class='ocrx_word' id='word_1_2' title='bbox 1152 380 1632 434; x_wconf 82' lang='lat' dir='ltr'><strong>RVSTICARVM</strong></span> <span class='ocrx_word' id='word_1_3' title='bbox 1668 381 1805 436; x_wconf 92' lang='lat' dir='ltr'><strong>LIB.</strong></span> <span class='ocrx_word' id='word_1_4' title='bbox 1844 383 1869 433; x_wconf 92' lang='lat' dir='ltr'>I</span> <span class='ocrx_word' id='word_1_5' title='bbox 1911 380 1946 435; x_wconf 85' lang='lat'><strong>2</strong></span> <span class='ocrx_word' id='word_1_6' title='bbox 2461 374 2538 437; x_wconf 80' lang='grc'>17</span> 
     </span>
    </p>
   </div>
   <div class='ocr_carea' id='block_1_2' title="bbox 300 533 2592 4461">
    <p class='ocr_par' dir='ltr' id='par_1_2' title="bbox 303 533 2550 1684">
     <span class='ocr_line' id='line_1_2' title="bbox 319 533 2547 615; baseline 0.002 -22"><span class='ocrx_word' id='word_1_7' title='bbox 319 538 492 594; x_wconf 80' lang='lat' dir='ltr'>lentior</span> <span class='ocrx_word' id='word_1_8' title='bbox 540 541 621 594; x_wconf 82' lang='lat' dir='ltr'>est</span> <span class='ocrx_word' id='word_1_9' title='bbox 659 533 894 609; x_wconf 85' lang='lat' dir='ltr'>fundus</span> <span class='ocrx_word' id='word_1_10' title='bbox 941 543 1050 595; x_wconf 90' lang='lat' dir='ltr'>aut</span> <span class='ocrx_word' id='word_1_11' title='bbox 1087 543 1342 612; x_wconf 82' lang='lat' dir='ltr'>propter</span> <span class='ocrx_word' id='word_1_12' title='bbox 1388 540 1547 596; x_wconf 79' lang='lat' dir='ltr'>caeli</span> <span class='ocrx_word' id='word_1_13' title='bbox 1591 540 1898 611; x_wconf 73' lang='lat' dir='ltr'>reqionem</span> <span class='ocrx_word' id='word_1_14' title='bbox 1945 555 2099 611; x_wconf 73' lang='lat' dir='ltr'>aqer</span> <span class='ocrx_word' id='word_1_15' title='bbox 2145 539 2408 597; x_wconf 79' lang='lat' dir='ltr'><em>calidior</em></span> <span class='ocrx_word' id='word_1_16' title='bbox 2453 542 2547 615; x_wconf 78' lang='lat' dir='ltr'>sit,</span> 
     </span>
     <span class='ocr_line' id='line_1_3' title="bbox 316 639 2543 719; baseline 0.002 -19"><span class='ocrx_word' id='word_1_17' title='bbox 316 639 450 719; x_wconf 86' lang='lat'><strong>16,1</strong></span> <span class='ocrx_word' id='word_1_18' title='bbox 495 645 545 700; x_wconf 79' lang='lat' dir='ltr'>si</span> <span class='ocrx_word' id='word_1_19' title='bbox 584 645 783 702; x_wconf 78' lang='lat' dir='ltr'>vicina</span> <span class='ocrx_word' id='word_1_20' title='bbox 831 646 1001 717; x_wconf 72' lang='lat' dir='ltr'>reyio</span> <span class='ocrx_word' id='word_1_21' title='bbox 1060 651 1146 702; x_wconf 84' lang='lat' dir='ltr'>est</span> <span class='ocrx_word' id='word_1_22' title='bbox 1193 642 1441 717; x_wconf 81' lang='lat' dir='ltr'>infesta,</span> <span class='ocrx_word' id='word_1_23' title='bbox 1487 647 1544 702; x_wconf 77' lang='lat' dir='ltr'>si</span> <span class='ocrx_word' id='word_1_24' title='bbox 1596 662 1712 717; x_wconf 83' lang='lat' dir='ltr'>quo</span> <span class='ocrx_word' id='word_1_25' title='bbox 1760 662 1953 717; x_wconf 84' lang='lat' dir='ltr'>neque</span> <span class='ocrx_word' id='word_1_26' title='bbox 2003 643 2250 718; x_wconf 82' lang='lat' dir='ltr'>fruetus</span> <span class='ocrx_word' id='word_1_27' title='bbox 2308 653 2543 704; x_wconf 83' lang='lat' dir='ltr'>nostros</span> 
     </span>
     <span class='ocr_line' id='line_1_4' title="bbox 313 747 2546 830; baseline 0.001 -23"><span class='ocrx_word' id='word_1_28' title='bbox 313 756 588 823; x_wconf 80' lang='lat' dir='ltr'>exportare</span> <span class='ocrx_word' id='word_1_29' title='bbox 632 752 945 824; x_wconf 78' lang='lat' dir='ltr'>expediat,</span> <span class='ocrx_word' id='word_1_30' title='bbox 996 748 1072 807; x_wconf 92' lang='lat' dir='ltr'>lll</span> <span class='ocrx_word' id='word_1_31' title='bbox 1116 747 1216 830; x_wconf 90' lang='lat'>14,</span> <span class='ocrx_word' id='word_1_32' title='bbox 1250 748 1290 809; x_wconf 93' lang='grc'>2</span> <span class='ocrx_word' id='word_1_33' title='bbox 1338 754 1445 823; x_wconf 80' lang='lat' dir='ltr'>qui</span> <span class='ocrx_word' id='word_1_34' title='bbox 1486 753 1544 809; x_wconf 79' lang='lat' dir='ltr'>si</span> <span class='ocrx_word' id='word_1_35' title='bbox 1586 754 1890 811; x_wconf 76' lang='lat' dir='ltr'>naturalis</span> <span class='ocrx_word' id='word_1_36' title='bbox 1937 770 2055 810; x_wconf 90' lang='lat' dir='ltr'>non</span> <span class='ocrx_word' id='word_1_37' title='bbox 2104 759 2190 811; x_wconf 83' lang='lat' dir='ltr'>est</span> <span class='ocrx_word' id='word_1_38' title='bbox 2234 785 2306 792; x_wconf 90' lang='lat'><em>-</em></span> <span class='ocrx_word' id='word_1_39' title='bbox 2352 770 2546 825; x_wconf 82' lang='lat' dir='ltr'>neque</span> 
     </span>
     <span class='ocr_line' id='line_1_5' title="bbox 309 854 2542 937; baseline 0.003 -25"><span class='ocrx_word' id='word_1_40' title='bbox 309 855 506 913; x_wconf 61' lang='lat' dir='ltr'>habeas</span> <span class='ocrx_word' id='word_1_41' title='bbox 575 854 779 914; x_wconf 85' lang='lat' dir='ltr'>similis</span> <span class='ocrx_word' id='word_1_42' title='bbox 828 854 1195 933; x_wconf 81' lang='lat' dir='ltr'>neglegentia</span> <span class='ocrx_word' id='word_1_43' title='bbox 1244 858 1487 916; x_wconf 83' lang='lat' dir='ltr'>mutatis</span> <span class='ocrx_word' id='word_1_44' title='bbox 1533 856 1852 916; x_wconf 88' lang='lat' dir='ltr'>verborum</span> <span class='ocrx_word' id='word_1_45' title='bbox 1902 858 2092 916; x_wconf 88' lang='lat' dir='ltr'>modis</span> <span class='ocrx_word' id='word_1_46' title='bbox 2141 867 2231 917; x_wconf 86' lang='lat' dir='ltr'>est</span> <span class='ocrx_word' id='word_1_47' title='bbox 2278 857 2301 915; x_wconf 92' lang='lat'>1</span> <span class='ocrx_word' id='word_1_48' title='bbox 2347 856 2445 937; x_wconf 86' lang='lat'>16,</span> <span class='ocrx_word' id='word_1_49' title='bbox 2485 856 2542 918; x_wconf 84' lang='lat'>3.</span> 
     </span>
     <span class='ocr_line' id='line_1_6' title="bbox 310 954 2544 1043; baseline 0.004 -26"><span class='ocrx_word' id='word_1_50' title='bbox 310 958 347 1017; x_wconf 99' lang='lat' dir='ltr'>ll</span> <span class='ocrx_word' id='word_1_51' title='bbox 380 959 539 1040; x_wconf 81' lang='grc'>1,17.</span> <span class='ocrx_word' id='word_1_52' title='bbox 582 958 637 1041; x_wconf 85' lang='lat'>5,</span> <span class='ocrx_word' id='word_1_53' title='bbox 666 957 725 1022; x_wconf 86' lang='lat'>5.</span> <span class='ocrx_word' id='word_1_54' title='bbox 772 960 851 1020; x_wconf 90' lang='lat'>111</span> <span class='ocrx_word' id='word_1_55' title='bbox 891 959 950 1041; x_wconf 86' lang='lat'>9,</span> <span class='ocrx_word' id='word_1_56' title='bbox 979 958 1037 1022; x_wconf 88' lang='grc'>5.</span> <span class='ocrx_word' id='word_1_57' title='bbox 1092 960 1190 1042; x_wconf 92' lang='grc'>16,</span> <span class='ocrx_word' id='word_1_58' title='bbox 1221 960 1277 1023; x_wconf 90' lang='grc'>6.</span> <span class='ocrx_word' id='word_1_59' title='bbox 1332 960 1431 1043; x_wconf 82' lang='grc'>17,</span> <span class='ocrx_word' id='word_1_60' title='bbox 1460 962 1518 1022; x_wconf 85' lang='lat'>4.</span> <span class='ocrx_word' id='word_1_61' title='bbox 1596 982 1949 1042; x_wconf 88' lang='lat' dir='ltr'>quamquam</span> <span class='ocrx_word' id='word_1_62' title='bbox 1999 954 2285 1042; x_wconf 86' lang='lat' dir='ltr'>quaedam</span> <span class='ocrx_word' id='word_1_63' title='bbox 2331 966 2393 1025; x_wconf 92' lang='lat' dir='ltr'>in</span> <span class='ocrx_word' id='word_1_64' title='bbox 2431 965 2544 1025; x_wconf 92' lang='lat' dir='ltr'>hoc</span> 
     </span>
     <span class='ocr_line' id='line_1_7' title="bbox 307 1058 2547 1149; baseline 0.004 -24"><span class='ocrx_word' id='word_1_65' title='bbox 307 1085 481 1142; x_wconf 79' lang='lat' dir='ltr'>genere</span> <span class='ocrx_word' id='word_1_66' title='bbox 516 1067 661 1127; x_wconf 92' lang='lat' dir='ltr'>haud</span> <span class='ocrx_word' id='word_1_67' title='bbox 705 1068 881 1128; x_wconf 89' lang='lat' dir='ltr'>dubie</span> <span class='ocrx_word' id='word_1_68' title='bbox 913 1080 1191 1148; x_wconf 87' lang='lat' dir='ltr'>corrupta</span> <span class='ocrx_word' id='word_1_69' title='bbox 1226 1058 1383 1148; x_wconf 79' lang='lat' dir='ltr'>sunt,</span> <span class='ocrx_word' id='word_1_70' title='bbox 1422 1069 1445 1127; x_wconf 92' lang='lat'>1</span> <span class='ocrx_word' id='word_1_71' title='bbox 1475 1068 1599 1149; x_wconf 89' lang='lat'>4‚4</span> <span class='ocrx_word' id='word_1_72' title='bbox 1637 1078 1905 1145; x_wconf 81' lang='lat' dir='ltr'>quantae</span> <span class='ocrx_word' id='word_1_73' title='bbox 1941 1075 2076 1145; x_wconf 80' lang='lat' dir='ltr'>sint,</span> <span class='ocrx_word' id='word_1_74' title='bbox 2116 1091 2231 1148; x_wconf 82' lang='lat' dir='ltr'>quo</span> <span class='ocrx_word' id='word_1_75' title='bbox 2269 1080 2547 1149; x_wconf 80' lang='lat' dir='ltr'>spectant</span> 
     </span>
     <span class='ocr_line' id='line_1_8' title="bbox 306 1172 2546 1257; baseline 0.004 -26"><span class='ocrx_word' id='word_1_76' title='bbox 306 1191 391 1250; x_wconf 86' lang='lat' dir='ltr'>pro</span> <span class='ocrx_word' id='word_1_77' title='bbox 436 1184 713 1250; x_wconf 80' lang='lat' dir='ltr'>spectent,</span> <span class='ocrx_word' id='word_1_78' title='bbox 775 1175 801 1233; x_wconf 91' lang='grc' dir='ltr'>Ι</span> <span class='ocrx_word' id='word_1_79' title='bbox 839 1172 896 1256; x_wconf 90' lang='grc'>5,</span> <span class='ocrx_word' id='word_1_80' title='bbox 938 1174 978 1237; x_wconf 82' lang='grc'><strong>3</strong></span> <span class='ocrx_word' id='word_1_81' title='bbox 1024 1184 1167 1236; x_wconf 83' lang='lat' dir='ltr'>sunt</span> <span class='ocrx_word' id='word_1_82' title='bbox 1211 1196 1288 1236; x_wconf 83' lang='lat' dir='ltr'>ac</span> <span class='ocrx_word' id='word_1_83' title='bbox 1347 1179 1608 1238; x_wconf 82' lang='lat' dir='ltr'>debeant</span> <span class='ocrx_word' id='word_1_84' title='bbox 1664 1187 1725 1237; x_wconf 91' lang='lat' dir='ltr'>et</span> <span class='ocrx_word' id='word_1_85' title='bbox 1770 1178 1794 1236; x_wconf 90' lang='lat'>1</span> <span class='ocrx_word' id='word_1_86' title='bbox 1833 1176 1892 1257; x_wconf 90' lang='grc'>5,</span> <span class='ocrx_word' id='word_1_87' title='bbox 1931 1176 1972 1238; x_wconf 88' lang='grc'>4</span> <span class='ocrx_word' id='word_1_88' title='bbox 2019 1198 2177 1253; x_wconf 84' lang='lat' dir='ltr'>quae</span> <span class='ocrx_word' id='word_1_89' title='bbox 2232 1188 2546 1239; x_wconf 85' lang='lat' dir='ltr'>moventur</span> 
     </span>
     <span class='ocr_line' id='line_1_9' title="bbox 307 1282 2548 1365; baseline 0.004 -28"><span class='ocrx_word' id='word_1_90' title='bbox 307 1288 453 1353; x_wconf 82' lang='lat' dir='ltr'>atque</span> <span class='ocrx_word' id='word_1_91' title='bbox 501 1286 556 1340; x_wconf 82' lang='lat' dir='ltr'>in</span> <span class='ocrx_word' id='word_1_92' title='bbox 593 1282 789 1356; x_wconf 79' lang='lat' dir='ltr'>fundo</span> <span class='ocrx_word' id='word_1_93' title='bbox 837 1286 1096 1343; x_wconf 82' lang='lat' dir='ltr'>debeant</span> <span class='ocrx_word' id='word_1_94' title='bbox 1141 1303 1269 1343; x_wconf 85' lang='lat' dir='ltr'>esse</span> <span class='ocrx_word' id='word_1_95' title='bbox 1317 1302 1423 1362; x_wconf 89' lang='lat' dir='ltr'>pro</span> <span class='ocrx_word' id='word_1_96' title='bbox 1473 1287 1719 1357; x_wconf 80' lang='lat' dir='ltr'>debent,</span> <span class='ocrx_word' id='word_1_97' title='bbox 1770 1285 1791 1344; x_wconf 91' lang='lat' dir='ltr'>l</span> <span class='ocrx_word' id='word_1_98' title='bbox 1831 1283 1935 1365; x_wconf 83' lang='grc'>23,</span> <span class='ocrx_word' id='word_1_99' title='bbox 1974 1283 2013 1346; x_wconf 93' lang='grc'><strong>6</strong></span> <span class='ocrx_word' id='word_1_100' title='bbox 2070 1288 2179 1346; x_wconf 80' lang='lat' dir='ltr'>ubi</span> <span class='ocrx_word' id='word_1_101' title='bbox 2230 1305 2548 1362; x_wconf 78' lang='lat' dir='ltr'>aucupare</span> 
     </span>
     <span class='ocr_line' id='line_1_10' title="bbox 307 1387 2547 1470; baseline 0.004 -27"><span class='ocrx_word' id='word_1_102' title='bbox 307 1404 391 1463; x_wconf 87' lang='lat' dir='ltr'>pro</span> <span class='ocrx_word' id='word_1_103' title='bbox 424 1406 729 1464; x_wconf 63' lang='lat' dir='ltr'>aucupem,</span> <span class='ocrx_word' id='word_1_104' title='bbox 777 1389 828 1448; x_wconf 90' lang='lat' dir='ltr'>ll</span> <span class='ocrx_word' id='word_1_105' title='bbox 868 1388 926 1470; x_wconf 90' lang='grc'>2,</span> <span class='ocrx_word' id='word_1_106' title='bbox 962 1387 1043 1449; x_wconf 91' lang='grc'>15</span> <span class='ocrx_word' id='word_1_107' title='bbox 1083 1394 1223 1450; x_wconf 84' lang='lat' dir='ltr'>dum</span> <span class='ocrx_word' id='word_1_108' title='bbox 1262 1394 1719 1465; x_wconf 70' lang='lat' dir='ltr'>adcoqnoscant</span> <span class='ocrx_word' id='word_1_109' title='bbox 1757 1400 2009 1451; x_wconf 89' lang='lat' dir='ltr'>matrem</span> <span class='ocrx_word' id='word_1_110' title='bbox 2048 1397 2200 1467; x_wconf 72' lang='lat' dir='ltr'>aqni</span> <span class='ocrx_word' id='word_1_111' title='bbox 2233 1400 2291 1452; x_wconf 90' lang='lat' dir='ltr'>et</span> <span class='ocrx_word' id='word_1_112' title='bbox 2320 1394 2547 1468; x_wconf 83' lang='lat' dir='ltr'>pabulo</span> 
     </span>
     <span class='ocr_line' id='line_1_11' title="bbox 304 1494 2550 1578; baseline 0.004 -28"><span class='ocrx_word' id='word_1_113' title='bbox 304 1510 355 1551; x_wconf 84' lang='lat' dir='ltr'>se</span> <span class='ocrx_word' id='word_1_114' title='bbox 382 1501 640 1555; x_wconf 86' lang='lat' dir='ltr'>saturant</span> <span class='ocrx_word' id='word_1_115' title='bbox 675 1514 784 1574; x_wconf 90' lang='lat' dir='ltr'>pro</span> <span class='ocrx_word' id='word_1_116' title='bbox 823 1506 1117 1578; x_wconf 83' lang='lat' dir='ltr'>saturent,</span> <span class='ocrx_word' id='word_1_117' title='bbox 1156 1497 1208 1555; x_wconf 85' lang='grc' dir='ltr'>ΙΙ</span> <span class='ocrx_word' id='word_1_118' title='bbox 1250 1494 1352 1578; x_wconf 90' lang='grc'>10,</span> <span class='ocrx_word' id='word_1_119' title='bbox 1386 1495 1466 1558; x_wconf 88' lang='grc'>10</span> <span class='ocrx_word' id='word_1_120' title='bbox 1503 1517 1663 1572; x_wconf 81' lang='lat' dir='ltr'>quae</span> <span class='ocrx_word' id='word_1_121' title='bbox 1699 1501 1786 1558; x_wconf 86' lang='lat' dir='ltr'>ad</span> <span class='ocrx_word' id='word_1_122' title='bbox 1821 1502 2209 1559; x_wconf 81' lang='lat' dir='ltr'>valitudinem</span> <span class='ocrx_word' id='word_1_123' title='bbox 2242 1503 2550 1575; x_wconf 75' lang='lat' dir='ltr'>pertinent</span> 
     </span>
     <span class='ocr_line' id='line_1_12' title="bbox 303 1601 2457 1684; baseline 0.004 -27"><span class='ocrx_word' id='word_1_124' title='bbox 303 1601 562 1660; x_wconf 77' lang='lat' dir='ltr'>hominum</span> <span class='ocrx_word' id='word_1_125' title='bbox 598 1621 675 1665; x_wconf 83' lang='lat' dir='ltr'>ac</span> <span class='ocrx_word' id='word_1_126' title='bbox 704 1608 952 1678; x_wconf 78' lang='lat' dir='ltr'>peeoris</span> <span class='ocrx_word' id='word_1_127' title='bbox 998 1611 1057 1664; x_wconf 88' lang='lat' dir='ltr'>et</span> <span class='ocrx_word' id='word_1_128' title='bbox 1092 1607 1223 1663; x_wconf 80' lang='lat' dir='ltr'>sine</span> <span class='ocrx_word' id='word_1_129' title='bbox 1260 1607 1492 1664; x_wconf 81' lang='lat' dir='ltr'>medico</span> <span class='ocrx_word' id='word_1_130' title='bbox 1532 1609 1756 1664; x_wconf 79' lang='lat' dir='ltr'>curari</span> <span class='ocrx_word' id='word_1_131' title='bbox 1783 1609 2015 1681; x_wconf 80' lang='lat' dir='ltr'>possint</span> <span class='ocrx_word' id='word_1_132' title='bbox 2050 1624 2158 1684; x_wconf 89' lang='lat' dir='ltr'>pro</span> <span class='ocrx_word' id='word_1_133' title='bbox 2191 1614 2457 1681; x_wconf 83' lang='lat' dir='ltr'>possunt.</span> 
     </span>
    </p>

    <p class='ocr_par' dir='ltr' id='par_1_3' title="bbox 300 1709 2553 2858">
     <span class='ocr_line' id='line_1_13' title="bbox 449 1709 2546 1790; baseline 0.002 -23"><span class='ocrx_word' id='word_1_134' title='bbox 449 1709 529 1767; x_wconf 87' lang='lat' dir='ltr'>Ad</span> <span class='ocrx_word' id='word_1_135' title='bbox 575 1719 641 1769; x_wconf 82' lang='lat' dir='ltr'>te</span> <span class='ocrx_word' id='word_1_136' title='bbox 690 1712 874 1769; x_wconf 88' lang='lat' dir='ltr'>enim</span> <span class='ocrx_word' id='word_1_137' title='bbox 922 1710 1170 1770; x_wconf 88' lang='lat' dir='ltr'>rudem</span> <span class='ocrx_word' id='word_1_138' title='bbox 1219 1729 1379 1771; x_wconf 88' lang='lat' dir='ltr'>esse</span> <span class='ocrx_word' id='word_1_139' title='bbox 1438 1715 1588 1790; x_wconf 88' lang='lat' dir='ltr'>agri</span> <span class='ocrx_word' id='word_1_140' title='bbox 1638 1710 1967 1771; x_wconf 89' lang='lat' dir='ltr'>culturae</span> <span class='ocrx_word' id='word_1_141' title='bbox 2018 1731 2200 1772; x_wconf 90' lang='lat' dir='ltr'>nunc</span> <span class='ocrx_word' id='word_1_142' title='bbox 2252 1712 2417 1772; x_wconf 92' lang='lat' dir='ltr'>olim</span> <span class='ocrx_word' id='word_1_143' title='bbox 2468 1711 2546 1771; x_wconf 91' lang='lat' dir='ltr'>ad</span> 
     </span>
     <span class='ocr_line' id='line_1_14' title="bbox 301 1813 2546 1896; baseline 0.004 -26"><span class='ocrx_word' id='word_1_144' title='bbox 301 1813 607 1875; x_wconf 82' lang='lat' dir='ltr'>Stolonem</span> <span class='ocrx_word' id='word_1_145' title='bbox 666 1818 895 1876; x_wconf 78' lang='lat' dir='ltr'>fuisse</span> <span class='ocrx_word' id='word_1_146' title='bbox 954 1819 1208 1878; x_wconf 84' lang='lat' dir='ltr'>dicunt</span> <span class='ocrx_word' id='word_1_147' title='bbox 1264 1820 1503 1878; x_wconf 84' lang='lat' dir='ltr'>scrofa</span> <span class='ocrx_word' id='word_1_148' title='bbox 1554 1820 1757 1896; x_wconf 90' lang='lat' dir='ltr'>prius</span> <span class='ocrx_word' id='word_1_149' title='bbox 1804 1818 2077 1896; x_wconf 85' lang='lat' dir='ltr'>inquit]</span> <span class='ocrx_word' id='word_1_150' title='bbox 2128 1820 2372 1878; x_wconf 88' lang='lat' dir='ltr'>Pravam</span> <span class='ocrx_word' id='word_1_151' title='bbox 2423 1838 2546 1879; x_wconf 90' lang='lat' dir='ltr'>ver-</span> 
     </span>
     <span class='ocr_line' id='line_1_15' title="bbox 300 1918 2553 2003; baseline 0.004 -26"><span class='ocrx_word' id='word_1_152' title='bbox 300 1918 477 1980; x_wconf 87' lang='lat' dir='ltr'>borum</span> <span class='ocrx_word' id='word_1_153' title='bbox 520 1923 981 2003; x_wconf 77' lang='lat' dir='ltr'>distinctionem,</span> <span class='ocrx_word' id='word_1_154' title='bbox 1029 1943 1180 2003; x_wconf 89' lang='lat' dir='ltr'>quae</span> <span class='ocrx_word' id='word_1_155' title='bbox 1237 1928 1296 1984; x_wconf 91' lang='lat' dir='ltr'>in</span> <span class='ocrx_word' id='word_1_156' title='bbox 1355 1924 1792 2003; x_wconf 78' lang='lat' dir='ltr'>antiquioribus</span> <span class='ocrx_word' id='word_1_157' title='bbox 1849 1925 2211 1985; x_wconf 87' lang='lat' dir='ltr'>editionibus</span> <span class='ocrx_word' id='word_1_158' title='bbox 2259 1934 2416 2000; x_wconf 86' lang='lat' dir='ltr'>erat,</span> <span class='ocrx_word' id='word_1_159' title='bbox 2465 1930 2553 1987; x_wconf 84' lang='lat' dir='ltr'>ad</span> 
     </span>
     <span class='ocr_line' id='line_1_16' title="bbox 302 2026 2550 2113; baseline 0.003 -28"><span class='ocrx_word' id='word_1_160' title='bbox 302 2026 554 2089; x_wconf 83' lang='lat' dir='ltr'>Stolonem</span> <span class='ocrx_word' id='word_1_161' title='bbox 582 2029 778 2105; x_wconf 84' lang='lat' dir='ltr'>fuzsse</span> <span class='ocrx_word' id='word_1_162' title='bbox 815 2033 1043 2104; x_wconf 76' lang='lat' dir='ltr'>dieunt,</span> <span class='ocrx_word' id='word_1_163' title='bbox 1092 2031 1333 2106; x_wconf 83' lang='lat' dir='ltr'>Scrofa.</span> <span class='ocrx_word' id='word_1_164' title='bbox 1427 2034 1611 2091; x_wconf 79' lang='lat' dir='ltr'>Prius</span> <span class='ocrx_word' id='word_1_165' title='bbox 1660 2036 1873 2107; x_wconf 79' lang='lat' dir='ltr'>inquit,</span> <span class='ocrx_word' id='word_1_166' title='bbox 1921 2032 2221 2092; x_wconf 88' lang='lat' dir='ltr'>Gesnerus</span> <span class='ocrx_word' id='word_1_167' title='bbox 2271 2035 2550 2113; x_wconf 87' lang='lat' dir='ltr'>correxit,</span> 
     </span>
     <span class='ocr_line' id='line_1_17' title="bbox 303 2135 2546 2219; baseline 0.003 -28"><span class='ocrx_word' id='word_1_168' title='bbox 303 2136 370 2192; x_wconf 84' lang='lat' dir='ltr'>ad</span> <span class='ocrx_word' id='word_1_169' title='bbox 383 2135 655 2197; x_wconf 83' lang='lat' dir='ltr'>Stolonem</span> <span class='ocrx_word' id='word_1_170' title='bbox 679 2135 874 2210; x_wconf 80' lang='lat' dir='ltr'>fuisse</span> <span class='ocrx_word' id='word_1_171' title='bbox 904 2140 1132 2198; x_wconf 78' lang='lat' dir='ltr'>dieunt.</span> <span class='ocrx_word' id='word_1_172' title='bbox 1200 2139 1444 2219; x_wconf 84' lang='lat' dir='ltr'>Scrofa,</span> <span class='ocrx_word' id='word_1_173' title='bbox 1476 2141 1678 2219; x_wconf 75' lang='lat' dir='ltr'>PriuS,</span> <span class='ocrx_word' id='word_1_174' title='bbox 1709 2143 1918 2213; x_wconf 81' lang='lat' dir='ltr'>inquit.</span> <span class='ocrx_word' id='word_1_175' title='bbox 1985 2147 2218 2217; x_wconf 85' lang='lat' dir='ltr'>poterat</span> <span class='ocrx_word' id='word_1_176' title='bbox 2256 2147 2450 2199; x_wconf 85' lang='lat' dir='ltr'>autem</span> <span class='ocrx_word' id='word_1_177' title='bbox 2487 2141 2546 2198; x_wconf 92' lang='lat' dir='ltr'>in</span> 
     </span>
     <span class='ocr_line' id='line_1_18' title="bbox 306 2242 2548 2326; baseline 0.004 -30"><span class='ocrx_word' id='word_1_178' title='bbox 306 2242 646 2319; x_wconf 78' lang='lat' dir='ltr'>appellatione</span> <span class='ocrx_word' id='word_1_179' title='bbox 670 2243 912 2304; x_wconf 86' lang='lat' dir='ltr'>Scrofae</span> <span class='ocrx_word' id='word_1_180' title='bbox 944 2263 1159 2304; x_wconf 89' lang='lat' dir='ltr'>nomen</span> <span class='ocrx_word' id='word_1_181' title='bbox 1180 2247 1374 2305; x_wconf 88' lang='lat' dir='ltr'>omitti</span> <span class='ocrx_word' id='word_1_182' title='bbox 1401 2256 1733 2326; x_wconf 89' lang='lat' dir='ltr'>propterea,</span> <span class='ocrx_word' id='word_1_183' title='bbox 1757 2246 1913 2325; x_wconf 90' lang='lat' dir='ltr'>quod</span> <span class='ocrx_word' id='word_1_184' title='bbox 1937 2246 2075 2305; x_wconf 87' lang='lat' dir='ltr'>huic</span> <span class='ocrx_word' id='word_1_185' title='bbox 2097 2248 2321 2325; x_wconf 82' lang='lat' dir='ltr'>primae</span> <span class='ocrx_word' id='word_1_186' title='bbox 2350 2254 2548 2324; x_wconf 88' lang='lat' dir='ltr'>partes</span> 
     </span>
     <span class='ocr_line' id='line_1_19' title="bbox 304 2347 2547 2434; baseline 0.004 -31"><span class='ocrx_word' id='word_1_187' title='bbox 304 2347 349 2404; x_wconf 91' lang='lat' dir='ltr'>in</span> <span class='ocrx_word' id='word_1_188' title='bbox 382 2366 628 2411; x_wconf 87' lang='lat' dir='ltr'>sermone</span> <span class='ocrx_word' id='word_1_189' title='bbox 669 2351 928 2412; x_wconf 88' lang='lat' dir='ltr'>tributae</span> <span class='ocrx_word' id='word_1_190' title='bbox 967 2362 1153 2431; x_wconf 87' lang='lat' dir='ltr'>erant,</span> <span class='ocrx_word' id='word_1_191' title='bbox 1193 2362 1259 2412; x_wconf 92' lang='lat' dir='ltr'>ut</span> <span class='ocrx_word' id='word_1_192' title='bbox 1296 2352 1322 2410; x_wconf 91' lang='lat' dir='ltr'>l</span> <span class='ocrx_word' id='word_1_193' title='bbox 1353 2349 1413 2434; x_wconf 88' lang='grc'>5,</span> <span class='ocrx_word' id='word_1_194' title='bbox 1443 2351 1483 2412; x_wconf 92' lang='grc'>2</span> <span class='ocrx_word' id='word_1_195' title='bbox 1522 2361 1896 2430; x_wconf 80' lang='lat' dir='ltr'>quapropter</span> <span class='ocrx_word' id='word_1_196' title='bbox 1934 2362 1998 2413; x_wconf 90' lang='lat' dir='ltr'>tu</span> <span class='ocrx_word' id='word_1_197' title='bbox 2023 2357 2224 2429; x_wconf 82' lang='lat' dir='ltr'>potius</span> <span class='ocrx_word' id='word_1_198' title='bbox 2253 2357 2398 2428; x_wconf 72' lang='lat' dir='ltr'>aqrz&#39;</span> <span class='ocrx_word' id='word_1_199' title='bbox 2422 2357 2547 2413; x_wconf 84' lang='lat' dir='ltr'>cul-</span> 
     </span>
     <span class='ocr_line' id='line_1_20' title="bbox 302 2450 2548 2539; baseline 0.005 -29"><span class='ocrx_word' id='word_1_200' title='bbox 302 2457 449 2514; x_wconf 82' lang='lat' dir='ltr'>turae</span> <span class='ocrx_word' id='word_1_201' title='bbox 483 2464 687 2531; x_wconf 81' lang='lat' dir='ltr'>partes</span> <span class='ocrx_word' id='word_1_202' title='bbox 732 2459 904 2517; x_wconf 79' lang='lat' dir='ltr'>nobis</span> <span class='ocrx_word' id='word_1_203' title='bbox 951 2450 1186 2534; x_wconf 77' lang='lat' dir='ltr'>expone</span> <span class='ocrx_word' id='word_1_204' title='bbox 1233 2468 1291 2517; x_wconf 88' lang='lat' dir='ltr'>et</span> <span class='ocrx_word' id='word_1_205' title='bbox 1347 2455 1407 2539; x_wconf 90' lang='grc'>9,</span> <span class='ocrx_word' id='word_1_206' title='bbox 1448 2456 1482 2519; x_wconf 85' lang='lat'><strong>7</strong></span> <span class='ocrx_word' id='word_1_207' title='bbox 1543 2463 1787 2519; x_wconf 78' lang='lat' dir='ltr'>tertium</span> <span class='ocrx_word' id='word_1_208' title='bbox 1846 2463 1998 2520; x_wconf 78' lang='lat' dir='ltr'>illud</span> <span class='ocrx_word' id='word_1_209' title='bbox 2051 2464 2126 2519; x_wconf 85' lang='lat' dir='ltr'>ale</span> <span class='ocrx_word' id='word_1_210' title='bbox 2184 2464 2374 2521; x_wconf 74' lang='lat' dir='ltr'>modis</span> <span class='ocrx_word' id='word_1_211' title='bbox 2431 2464 2548 2521; x_wconf 79' lang='lat' dir='ltr'>die.</span> 
     </span>
     <span class='ocr_line' id='line_1_21' title="bbox 303 2561 2549 2648; baseline 0.004 -31"><span class='ocrx_word' id='word_1_212' title='bbox 303 2565 607 2624; x_wconf 87' lang='lat' dir='ltr'>sententiam</span> <span class='ocrx_word' id='word_1_213' title='bbox 651 2562 967 2625; x_wconf 82' lang='lat' dir='ltr'>verborum</span> <span class='ocrx_word' id='word_1_214' title='bbox 1008 2567 1243 2644; x_wconf 87' lang='lat' dir='ltr'>aperuit</span> <span class='ocrx_word' id='word_1_215' title='bbox 1273 2564 1533 2645; x_wconf 87' lang='lat' dir='ltr'>Scaliger</span> <span class='ocrx_word' id='word_1_216' title='bbox 1560 2561 1965 2647; x_wconf 77' lang='grc' dir='ltr'>,,ἀρχαισμός</span> <span class='ocrx_word' id='word_1_217' title='bbox 2001 2570 2088 2628; x_wconf 81' lang='lat' dir='ltr'>ad</span> <span class='ocrx_word' id='word_1_218' title='bbox 2122 2574 2181 2627; x_wconf 89' lang='lat' dir='ltr'>te</span> <span class='ocrx_word' id='word_1_219' title='bbox 2217 2587 2326 2648; x_wconf 90' lang='lat' dir='ltr'>pro</span> <span class='ocrx_word' id='word_1_220' title='bbox 2365 2586 2549 2648; x_wconf 90' lang='lat' dir='ltr'>penes</span> 
     </span>
     <span class='ocr_line' id='line_1_22' title="bbox 302 2671 2550 2754; baseline 0.004 -30"><span class='ocrx_word' id='word_1_221' title='bbox 302 2673 359 2745; x_wconf 83' lang='lat' dir='ltr'>te,</span> <span class='ocrx_word' id='word_1_222' title='bbox 397 2671 532 2747; x_wconf 89' lang='lat' dir='ltr'>apud</span> <span class='ocrx_word' id='word_1_223' title='bbox 578 2683 666 2733; x_wconf 88' lang='lat' dir='ltr'>te:</span> <span class='ocrx_word' id='word_1_224' title='bbox 713 2673 1059 2751; x_wconf 89' lang='lat' dir='ltr'>metaphora</span> <span class='ocrx_word' id='word_1_225' title='bbox 1107 2692 1137 2731; x_wconf 93' lang='lat' dir='ltr'>a</span> <span class='ocrx_word' id='word_1_226' title='bbox 1186 2672 1576 2751; x_wconf 84' lang='lat' dir='ltr'>gladiatorum</span> <span class='ocrx_word' id='word_1_227' title='bbox 1629 2676 1944 2754; x_wconf 84' lang='lat' dir='ltr'>magistris,</span> <span class='ocrx_word' id='word_1_228' title='bbox 1992 2693 2176 2753; x_wconf 88' lang='lat' dir='ltr'>penes</span> <span class='ocrx_word' id='word_1_229' title='bbox 2225 2694 2375 2753; x_wconf 90' lang='lat' dir='ltr'>quos</span> <span class='ocrx_word' id='word_1_230' title='bbox 2423 2686 2550 2734; x_wconf 89' lang='lat' dir='ltr'>erat</span> 
     </span>
     <span class='ocr_line' id='line_1_23' title="bbox 302 2774 1735 2858; baseline 0.006 -28"><span class='ocrx_word' id='word_1_231' title='bbox 302 2774 451 2857; x_wconf 84' lang='lat' dir='ltr'>rudis,</span> <span class='ocrx_word' id='word_1_232' title='bbox 496 2796 600 2856; x_wconf 92' lang='lat' dir='ltr'>qua</span> <span class='ocrx_word' id='word_1_233' title='bbox 650 2782 931 2839; x_wconf 89' lang='lat' dir='ltr'>emeritos</span> <span class='ocrx_word' id='word_1_234' title='bbox 980 2778 1334 2858; x_wconf 85' lang='lat' dir='ltr'>gladiatores</span> <span class='ocrx_word' id='word_1_235' title='bbox 1382 2775 1735 2840; x_wconf 85' lang='lat' dir='ltr'>donabant.“</span> 
     </span>
    </p>

    <p class='ocr_par' dir='ltr' id='par_1_4' title="bbox 301 2882 2552 3606">
     <span class='ocr_line' id='line_1_24' title="bbox 445 2882 2547 2966; baseline 0.002 -23"><span class='ocrx_word' id='word_1_236' title='bbox 445 2882 521 2944; x_wconf 89' lang='grc'>14</span> <span class='ocrx_word' id='word_1_237' title='bbox 565 2885 755 2946; x_wconf 91' lang='lat' dir='ltr'>Viam</span> <span class='ocrx_word' id='word_1_238' title='bbox 784 2886 1033 2947; x_wconf 88' lang='lat' dir='ltr'>ueham</span> <span class='ocrx_word' id='word_1_239' title='bbox 1069 2886 1436 2966; x_wconf 86' lang='lat' dir='ltr'>appellant</span> <span class='ocrx_word' id='word_1_240' title='bbox 1475 2894 1772 2966; x_wconf 87' lang='lat' dir='ltr'>propter</span> <span class='ocrx_word' id='word_1_241' title='bbox 1802 2898 2145 2948; x_wconf 84' lang='lat' dir='ltr'>necturas</span> <span class='ocrx_word' id='word_1_242' title='bbox 2185 2896 2253 2947; x_wconf 85' lang='lat' dir='ltr'>et</span> <span class='ocrx_word' id='word_1_243' title='bbox 2290 2888 2547 2949; x_wconf 88' lang='lat' dir='ltr'>uellam</span> 
     </span>
     <span class='ocr_line' id='line_1_25' title="bbox 301 2992 2552 3072; baseline 0.005 -29"><span class='ocrx_word' id='word_1_244' title='bbox 301 3003 406 3048; x_wconf 91' lang='lat' dir='ltr'>non</span> <span class='ocrx_word' id='word_1_245' title='bbox 450 2992 680 3053; x_wconf 90' lang='lat' dir='ltr'>uillam</span> <span class='ocrx_word' id='word_1_246' title='bbox 729 3013 864 3072; x_wconf 91' lang='lat' dir='ltr'>quo</span> <span class='ocrx_word' id='word_1_247' title='bbox 913 2993 1187 3055; x_wconf 85' lang='lat' dir='ltr'>uehunt</span> <span class='ocrx_word' id='word_1_248' title='bbox 1233 3003 1303 3054; x_wconf 93' lang='lat' dir='ltr'>et</span> <span class='ocrx_word' id='word_1_249' title='bbox 1349 2993 1532 3054; x_wconf 91' lang='lat' dir='ltr'>unde</span> <span class='ocrx_word' id='word_1_250' title='bbox 1583 2994 1892 3070; x_wconf 90' lang='lat' dir='ltr'>uehunt]</span> <span class='ocrx_word' id='word_1_251' title='bbox 1968 2996 2187 3054; x_wconf 66' lang='lat' dir='ltr'>Veliam</span> <span class='ocrx_word' id='word_1_252' title='bbox 2244 3000 2552 3071; x_wconf 77' lang='lat' dir='ltr'>appellant</span> 
     </span>
     <span class='ocr_line' id='line_1_26' title="bbox 301 3087 2548 3181; baseline 0.004 -29"><span class='ocrx_word' id='word_1_253' title='bbox 301 3087 335 3147; x_wconf 92' lang='lat' dir='ltr'><strong>B</strong></span> <span class='ocrx_word' id='word_1_254' title='bbox 367 3104 415 3154; x_wconf 90' lang='lat' dir='ltr'>et</span> <span class='ocrx_word' id='word_1_255' title='bbox 444 3096 586 3157; x_wconf 87' lang='lat' dir='ltr'>edita</span> <span class='ocrx_word' id='word_1_256' title='bbox 626 3109 763 3159; x_wconf 83' lang='lat' dir='ltr'>ante</span> <span class='ocrx_word' id='word_1_257' title='bbox 801 3099 1127 3160; x_wconf 88' lang='lat' dir='ltr'>Victorium</span> <span class='ocrx_word' id='word_1_258' title='bbox 1168 3101 1541 3181; x_wconf 88' lang='lat' dir='ltr'>exemplaria,</span> <span class='ocrx_word' id='word_1_259' title='bbox 1582 3119 1777 3179; x_wconf 88' lang='lat' dir='ltr'>neque</span> <span class='ocrx_word' id='word_1_260' title='bbox 1817 3100 2143 3160; x_wconf 87' lang='lat' dir='ltr'>Politianus</span> <span class='ocrx_word' id='word_1_261' title='bbox 2181 3102 2241 3161; x_wconf 90' lang='lat' dir='ltr'>in</span> <span class='ocrx_word' id='word_1_262' title='bbox 2279 3104 2548 3180; x_wconf 86' lang='lat' dir='ltr'>principe</span> 
     </span>
     <span class='ocr_line' id='line_1_27' title="bbox 301 3198 2552 3289; baseline 0.006 -34"><span class='ocrx_word' id='word_1_263' title='bbox 301 3198 515 3264; x_wconf 76' lang='lat' dir='ltr'>editione</span> <span class='ocrx_word' id='word_1_264' title='bbox 560 3208 828 3286; x_wconf 88' lang='lat' dir='ltr'>mutavit,</span> <span class='ocrx_word' id='word_1_265' title='bbox 865 3209 1063 3267; x_wconf 80' lang='lat' dir='ltr'>uehar</span> <span class='ocrx_word' id='word_1_266' title='bbox 1102 3212 1409 3284; x_wconf 84' lang='lat' dir='ltr'>appellant</span> <span class='ocrx_word' id='word_1_267' title='bbox 1447 3206 1634 3266; x_wconf 86' lang='lat' dir='ltr'>codex</span> <span class='ocrx_word' id='word_1_268' title='bbox 1675 3207 1982 3289; x_wconf 82' lang='lat' dir='ltr'>CaesenaS,</span> <span class='ocrx_word' id='word_1_269' title='bbox 2030 3225 2206 3286; x_wconf 87' lang='lat' dir='ltr'>ueam</span> <span class='ocrx_word' id='word_1_270' title='bbox 2244 3212 2552 3284; x_wconf 83' lang='lat' dir='ltr'>appellant</span> 
     </span>
     <span class='ocr_line' id='line_1_28' title="bbox 302 3305 2549 3375; baseline 0.004 -10"><span class='ocrx_word' id='word_1_271' title='bbox 302 3305 336 3361; x_wconf 83' lang='grc' dir='ltr'>Α</span> <span class='ocrx_word' id='word_1_272' title='bbox 368 3310 528 3372; x_wconf 86' lang='lat' dir='ltr'>codex</span> <span class='ocrx_word' id='word_1_273' title='bbox 555 3312 937 3374; x_wconf 88' lang='lat' dir='ltr'>Florentinus</span> <span class='ocrx_word' id='word_1_274' title='bbox 977 3323 1036 3374; x_wconf 93' lang='lat' dir='ltr'>et</span> <span class='ocrx_word' id='word_1_275' title='bbox 1065 3314 1245 3374; x_wconf 86' lang='lat' dir='ltr'>editio</span> <span class='ocrx_word' id='word_1_276' title='bbox 1284 3314 1548 3374; x_wconf 90' lang='lat' dir='ltr'>Victorii.</span> <span class='ocrx_word' id='word_1_277' title='bbox 1625 3315 1773 3374; x_wconf 88' lang='lat' dir='ltr'>viam</span> <span class='ocrx_word' id='word_1_278' title='bbox 1814 3332 1845 3373; x_wconf 93' lang='lat' dir='ltr'>a</span> <span class='ocrx_word' id='word_1_279' title='bbox 1878 3314 2141 3374; x_wconf 90' lang='lat' dir='ltr'>vehendo</span> <span class='ocrx_word' id='word_1_280' title='bbox 2172 3315 2389 3375; x_wconf 82' lang='lat' dir='ltr'>dictam</span> <span class='ocrx_word' id='word_1_281' title='bbox 2420 3334 2549 3375; x_wconf 91' lang='lat' dir='ltr'>esse</span> 
     </span>
     <span class='ocr_line' id='line_1_29' title="bbox 303 3418 2550 3501; baseline 0.007 -34"><span class='ocrx_word' id='word_1_282' title='bbox 303 3427 395 3472; x_wconf 88' lang='lat' dir='ltr'>non</span> <span class='ocrx_word' id='word_1_283' title='bbox 428 3418 607 3479; x_wconf 85' lang='lat' dir='ltr'>addita</span> <span class='ocrx_word' id='word_1_284' title='bbox 647 3429 848 3480; x_wconf 86' lang='lat' dir='ltr'>vetere</span> <span class='ocrx_word' id='word_1_285' title='bbox 888 3423 1145 3497; x_wconf 87' lang='lat' dir='ltr'>nominis</span> <span class='ocrx_word' id='word_1_286' title='bbox 1175 3423 1362 3482; x_wconf 82' lang='lat' dir='ltr'>forma</span> <span class='ocrx_word' id='word_1_287' title='bbox 1403 3424 1484 3482; x_wconf 87' lang='lat' dir='ltr'>ait</span> <span class='ocrx_word' id='word_1_288' title='bbox 1521 3421 1708 3481; x_wconf 87' lang='lat' dir='ltr'>Varro</span> <span class='ocrx_word' id='word_1_289' title='bbox 1750 3421 1821 3482; x_wconf 93' lang='lat' dir='ltr'>de</span> <span class='ocrx_word' id='word_1_290' title='bbox 1864 3420 2001 3501; x_wconf 88' lang='lat' dir='ltr'>ling.</span> <span class='ocrx_word' id='word_1_291' title='bbox 2030 3421 2126 3481; x_wconf 88' lang='lat' dir='ltr'>lat.</span> <span class='ocrx_word' id='word_1_292' title='bbox 2162 3421 2205 3480; x_wconf 96' lang='lat' dir='ltr'>V</span> <span class='ocrx_word' id='word_1_293' title='bbox 2234 3420 2319 3483; x_wconf 92' lang='grc'>22</span> <span class='ocrx_word' id='word_1_294' title='bbox 2359 3433 2418 3482; x_wconf 82' lang='lat' dir='ltr'>et</span> <span class='ocrx_word' id='word_1_295' title='bbox 2448 3420 2550 3483; x_wconf 81' lang='lat'>35.</span> 
     </span>
     <span class='ocr_line' id='line_1_30' title="bbox 303 3516 2025 3606; baseline 0.008 -31"><span class='ocrx_word' id='word_1_296' title='bbox 303 3516 477 3583; x_wconf 85' lang='lat' dir='ltr'>deinde</span> <span class='ocrx_word' id='word_1_297' title='bbox 520 3531 681 3588; x_wconf 85' lang='lat' dir='ltr'>unde</span> <span class='ocrx_word' id='word_1_298' title='bbox 727 3531 985 3589; x_wconf 79' lang='lat' dir='ltr'>evehunt</span> <span class='ocrx_word' id='word_1_299' title='bbox 1029 3530 1245 3606; x_wconf 87' lang='lat' dir='ltr'>scripsi</span> <span class='ocrx_word' id='word_1_300' title='bbox 1294 3548 1362 3589; x_wconf 88' lang='lat' dir='ltr'>ex</span> <span class='ocrx_word' id='word_1_301' title='bbox 1414 3532 1758 3589; x_wconf 88' lang='lat' dir='ltr'>coniectura</span> <span class='ocrx_word' id='word_1_302' title='bbox 1805 3528 2025 3588; x_wconf 87' lang='lat' dir='ltr'>Ursini.</span> 
     </span>
    </p>

    <p class='ocr_par' dir='ltr' id='par_1_5' title="bbox 303 3630 2552 4137">
     <span class='ocr_line' id='line_1_31' title="bbox 445 3630 2550 3715; baseline 0.003 -27"><span class='ocrx_word' id='word_1_303' title='bbox 445 3630 842 3695; x_wconf 86' lang='lat' dir='ltr'>Velaturam</span> <span class='ocrx_word' id='word_1_304' title='bbox 892 3633 1171 3713; x_wconf 84' lang='lat' dir='ltr'>facere]</span> <span class='ocrx_word' id='word_1_305' title='bbox 1228 3637 1599 3696; x_wconf 88' lang='lat' dir='ltr'>Vellaturam</span> <span class='ocrx_word' id='word_1_306' title='bbox 1649 3635 1802 3696; x_wconf 88' lang='lat' dir='ltr'>edita</span> <span class='ocrx_word' id='word_1_307' title='bbox 1841 3636 1977 3695; x_wconf 91' lang='lat' dir='ltr'>inde</span> <span class='ocrx_word' id='word_1_308' title='bbox 2026 3655 2057 3694; x_wconf 91' lang='lat' dir='ltr'>a</span> <span class='ocrx_word' id='word_1_309' title='bbox 2107 3637 2377 3715; x_wconf 89' lang='lat' dir='ltr'>principe</span> <span class='ocrx_word' id='word_1_310' title='bbox 2427 3635 2550 3694; x_wconf 88' lang='lat' dir='ltr'>edi-</span> 
     </span>
     <span class='ocr_line' id='line_1_32' title="bbox 306 3731 2548 3824; baseline 0.005 -35"><span class='ocrx_word' id='word_1_311' title='bbox 306 3731 431 3793; x_wconf 82' lang='lat' dir='ltr'>tione</span> <span class='ocrx_word' id='word_1_312' title='bbox 473 3741 841 3822; x_wconf 87' lang='lat' dir='ltr'>exemplaria,</span> <span class='ocrx_word' id='word_1_313' title='bbox 881 3740 1038 3818; x_wconf 90' lang='lat' dir='ltr'>quod</span> <span class='ocrx_word' id='word_1_314' title='bbox 1077 3740 1405 3801; x_wconf 89' lang='lat' dir='ltr'>Politianus</span> <span class='ocrx_word' id='word_1_315' title='bbox 1453 3761 1568 3801; x_wconf 91' lang='lat' dir='ltr'>non</span> <span class='ocrx_word' id='word_1_316' title='bbox 1620 3744 1899 3824; x_wconf 82' lang='lat' dir='ltr'>correxit,</span> <span class='ocrx_word' id='word_1_317' title='bbox 1939 3749 1999 3800; x_wconf 86' lang='lat' dir='ltr'>et</span> <span class='ocrx_word' id='word_1_318' title='bbox 2046 3760 2119 3800; x_wconf 86' lang='lat' dir='ltr'>ex</span> <span class='ocrx_word' id='word_1_319' title='bbox 2167 3740 2335 3800; x_wconf 92' lang='lat' dir='ltr'>libris</span> <span class='ocrx_word' id='word_1_320' title='bbox 2375 3759 2548 3801; x_wconf 89' lang='lat' dir='ltr'>manu</span> 
     </span>
     <span class='ocr_line' id='line_1_33' title="bbox 305 3842 2550 3929; baseline 0.007 -37"><span class='ocrx_word' id='word_1_321' title='bbox 305 3842 502 3919; x_wconf 82' lang='lat' dir='ltr'>scriptis</span> <span class='ocrx_word' id='word_1_322' title='bbox 544 3865 601 3905; x_wconf 93' lang='lat' dir='ltr'>m</span> <span class='ocrx_word' id='word_1_323' title='bbox 652 3856 713 3907; x_wconf 90' lang='lat' dir='ltr'>et</span> <span class='ocrx_word' id='word_1_324' title='bbox 760 3846 942 3907; x_wconf 89' lang='lat' dir='ltr'>codex</span> <span class='ocrx_word' id='word_1_325' title='bbox 993 3846 1309 3929; x_wconf 84' lang='lat' dir='ltr'>Caesenas3</span> <span class='ocrx_word' id='word_1_326' title='bbox 1374 3848 1478 3908; x_wconf 88' lang='lat' dir='ltr'>sed</span> <span class='ocrx_word' id='word_1_327' title='bbox 1526 3854 1868 3909; x_wconf 82' lang='lat' dir='ltr'>velaturam</span> <span class='ocrx_word' id='word_1_328' title='bbox 1914 3848 2141 3927; x_wconf 87' lang='lat' dir='ltr'>reliqua</span> <span class='ocrx_word' id='word_1_329' title='bbox 2199 3849 2550 3928; x_wconf 89' lang='lat' dir='ltr'>apographa,</span> 
     </span>
     <span class='ocr_line' id='line_1_34' title="bbox 303 3941 2552 4036; baseline 0.008 -39"><span class='ocrx_word' id='word_1_330' title='bbox 303 3941 414 4005; x_wconf 89' lang='lat' dir='ltr'>item</span> <span class='ocrx_word' id='word_1_331' title='bbox 463 3953 639 4013; x_wconf 91' lang='lat' dir='ltr'>codex</span> <span class='ocrx_word' id='word_1_332' title='bbox 697 3952 979 4014; x_wconf 87' lang='lat' dir='ltr'>Varronis</span> <span class='ocrx_word' id='word_1_333' title='bbox 1035 3954 1107 4014; x_wconf 90' lang='lat' dir='ltr'>de</span> <span class='ocrx_word' id='word_1_334' title='bbox 1167 3954 1302 4034; x_wconf 90' lang='lat' dir='ltr'>ling.</span> <span class='ocrx_word' id='word_1_335' title='bbox 1350 3954 1446 4016; x_wconf 88' lang='lat' dir='ltr'>lat.</span> <span class='ocrx_word' id='word_1_336' title='bbox 1486 3955 1533 4013; x_wconf 93' lang='lat' dir='ltr'><strong>V</strong></span> <span class='ocrx_word' id='word_1_337' title='bbox 1569 3953 1689 4036; x_wconf 89' lang='grc'>44,</span> <span class='ocrx_word' id='word_1_338' title='bbox 1760 3957 2082 4016; x_wconf 80' lang='lat' dir='ltr'>Velabrum</span> <span class='ocrx_word' id='word_1_339' title='bbox 2148 3975 2187 4015; x_wconf 88' lang='lat' dir='ltr'>a</span> <span class='ocrx_word' id='word_1_340' title='bbox 2251 3957 2552 4016; x_wconf 79' lang='lat' dir='ltr'>vehendo:</span> 
     </span>
     <span class='ocr_line' id='line_1_35' title="bbox 307 4045 2549 4137; baseline 0.005 -27"><span class='ocrx_word' id='word_1_341' title='bbox 307 4055 595 4119; x_wconf 85' lang='lat' dir='ltr'>velaturam</span> <span class='ocrx_word' id='word_1_342' title='bbox 636 4060 865 4136; x_wconf 76' lang='lat' dir='ltr'>faeere.</span> <span class='ocrx_word' id='word_1_343' title='bbox 904 4045 1084 4121; x_wconf 81' lang='lat' dir='ltr'>etiam</span> <span class='ocrx_word' id='word_1_344' title='bbox 1145 4080 1309 4121; x_wconf 84' lang='lat' dir='ltr'>nune</span> <span class='ocrx_word' id='word_1_345' title='bbox 1356 4065 1649 4123; x_wconf 78' lang='lat' dir='ltr'>dicuntur</span> <span class='ocrx_word' id='word_1_346' title='bbox 1695 4068 1803 4137; x_wconf 77' lang='lat' dir='ltr'>qui</span> <span class='ocrx_word' id='word_1_347' title='bbox 1847 4066 1913 4123; x_wconf 74' lang='lat' dir='ltr'>td</span> <span class='ocrx_word' id='word_1_348' title='bbox 1968 4065 2247 4122; x_wconf 80' lang='lat' dir='ltr'>mercede</span> <span class='ocrx_word' id='word_1_349' title='bbox 2287 4061 2549 4136; x_wconf 80' lang='lat' dir='ltr'>faciunt.</span> 
     </span>
    </p>

    <p class='ocr_par' dir='ltr' id='par_1_6' title="bbox 306 4162 2592 4461">
     <span class='ocr_line' id='line_1_36' title="bbox 449 4162 2592 4247; baseline 0 -22"><span class='ocrx_word' id='word_1_350' title='bbox 449 4162 523 4226; x_wconf 88' lang='grc'>15</span> <span class='ocrx_word' id='word_1_351' title='bbox 587 4166 721 4226; x_wconf 92' lang='lat' dir='ltr'>Sed</span> <span class='ocrx_word' id='word_1_352' title='bbox 771 4166 1036 4227; x_wconf 90' lang='lat' dir='ltr'>adfinis</span> <span class='ocrx_word' id='word_1_353' title='bbox 1074 4177 1142 4228; x_wconf 84' lang='lat' dir='ltr'>et</span> <span class='ocrx_word' id='word_1_354' title='bbox 1180 4179 1254 4228; x_wconf 86' lang='lat' dir='ltr'>ut</span> <span class='ocrx_word' id='word_1_355' title='bbox 1293 4168 1543 4229; x_wconf 85' lang='lat' dir='ltr'>dextra</span> <span class='ocrx_word' id='word_1_356' title='bbox 1583 4168 1762 4230; x_wconf 89' lang='lat' dir='ltr'>tibia</span> <span class='ocrx_word' id='word_1_357' title='bbox 1803 4170 1936 4229; x_wconf 92' lang='lat' dir='ltr'>alia</span> <span class='ocrx_word' id='word_1_358' title='bbox 1977 4187 2178 4247; x_wconf 91' lang='lat' dir='ltr'>quam</span> <span class='ocrx_word' id='word_1_359' title='bbox 2219 4168 2547 4245; x_wconf 88' lang='lat' dir='ltr'>sinistra]</span> <span class='ocrx_word' id='word_1_360' title='bbox 2584 4220 2592 4225; x_wconf 92' lang='lat'>.</span> 
     </span>
     <span class='ocr_line' id='line_1_37' title="bbox 307 4259 2553 4357; baseline 0.004 -31"><span class='ocrx_word' id='word_1_361' title='bbox 307 4259 473 4339; x_wconf 76' lang='lat' dir='ltr'>Aptior</span> <span class='ocrx_word' id='word_1_362' title='bbox 508 4264 605 4333; x_wconf 84' lang='lat' dir='ltr'>fiet</span> <span class='ocrx_word' id='word_1_363' title='bbox 643 4273 962 4333; x_wconf 86' lang='lat' dir='ltr'>verborum</span> <span class='ocrx_word' id='word_1_364' title='bbox 1003 4276 1360 4357; x_wconf 87' lang='lat' dir='ltr'>coniuncti0,</span> <span class='ocrx_word' id='word_1_365' title='bbox 1408 4277 1459 4335; x_wconf 90' lang='lat' dir='ltr'>si</span> <span class='ocrx_word' id='word_1_366' title='bbox 1505 4275 1700 4336; x_wconf 89' lang='lat' dir='ltr'>deleto</span> <span class='ocrx_word' id='word_1_367' title='bbox 1749 4283 1808 4336; x_wconf 88' lang='lat' dir='ltr'>et</span> <span class='ocrx_word' id='word_1_368' title='bbox 1844 4273 2128 4335; x_wconf 89' lang='lat' dir='ltr'>scribitur</span> <span class='ocrx_word' id='word_1_369' title='bbox 2174 4278 2285 4335; x_wconf 82' lang='lat' dir='ltr'>sed</span> <span class='ocrx_word' id='word_1_370' title='bbox 2329 4278 2553 4348; x_wconf 78' lang='lat' dir='ltr'>adfinis</span> 
     </span>
     <span class='ocr_line' id='line_1_38' title="bbox 306 4374 2549 4461; baseline 0.004 -27"><span class='ocrx_word' id='word_1_371' title='bbox 306 4374 357 4426; x_wconf 73' lang='lat' dir='ltr'>ut</span> <span class='ocrx_word' id='word_1_372' title='bbox 386 4375 583 4439; x_wconf 75' lang='lat' dir='ltr'>dextra</span> <span class='ocrx_word' id='word_1_373' title='bbox 622 4382 791 4440; x_wconf 75' lang='lat' dir='ltr'>tibia.</span> <span class='ocrx_word' id='word_1_374' title='bbox 852 4380 1190 4440; x_wconf 84' lang='lat' dir='ltr'>defenditur</span> <span class='ocrx_word' id='word_1_375' title='bbox 1220 4390 1416 4441; x_wconf 85' lang='lat' dir='ltr'>tamen</span> <span class='ocrx_word' id='word_1_376' title='bbox 1457 4382 1744 4443; x_wconf 86' lang='lat' dir='ltr'>librorum</span> <span class='ocrx_word' id='word_1_377' title='bbox 1786 4386 2079 4461; x_wconf 87' lang='lat' dir='ltr'>scriptura</span> <span class='ocrx_word' id='word_1_378' title='bbox 2121 4380 2398 4440; x_wconf 88' lang='lat' dir='ltr'>liberiore</span> <span class='ocrx_word' id='word_1_379' title='bbox 2437 4401 2549 4443; x_wconf 87' lang='lat' dir='ltr'>usn</span> 
     </span>
    </p>
   </div>
   <div class='ocr_carea' id='block_1_3' title="bbox 310 4474 2551 4641">
    <p class='ocr_par' dir='ltr' id='par_1_7' title="bbox 310 4474 2551 4641">
     <span class='ocr_line' id='line_1_39' title="bbox 310 4474 2551 4566; baseline 0.004 -27"><span class='ocrx_word' id='word_1_380' title='bbox 310 4483 586 4547; x_wconf 75' lang='lat' dir='ltr'>particulae</span> <span class='ocrx_word' id='word_1_381' title='bbox 634 4495 703 4548; x_wconf 87' lang='lat' dir='ltr'>ut</span> <span class='ocrx_word' id='word_1_382' title='bbox 748 4489 810 4546; x_wconf 89' lang='lat' dir='ltr'>in</span> <span class='ocrx_word' id='word_1_383' title='bbox 858 4474 1142 4547; x_wconf 83' lang='lat' dir='ltr'>translato</span> <span class='ocrx_word' id='word_1_384' title='bbox 1195 4506 1468 4549; x_wconf 90' lang='lat' dir='ltr'>sermone</span> <span class='ocrx_word' id='word_1_385' title='bbox 1516 4492 1693 4550; x_wconf 91' lang='lat' dir='ltr'>etiam</span> <span class='ocrx_word' id='word_1_386' title='bbox 1752 4508 1869 4549; x_wconf 93' lang='lat' dir='ltr'>non</span> <span class='ocrx_word' id='word_1_387' title='bbox 1916 4488 2113 4548; x_wconf 89' lang='lat' dir='ltr'>addito</span> <span class='ocrx_word' id='word_1_388' title='bbox 2162 4487 2251 4547; x_wconf 88' lang='lat' dir='ltr'>vel</span> <span class='ocrx_word' id='word_1_389' title='bbox 2298 4491 2551 4566; x_wconf 88' lang='lat' dir='ltr'>repetito</span> 
     </span>
     <span class='ocr_line' id='line_1_40' title="bbox 394 4588 2118 4641; baseline 0.005 -9"><span class='ocrx_word' id='word_1_390' title='bbox 394 4588 524 4637; x_wconf 63' lang='lat' dir='ltr'>Vna.</span> <span class='ocrx_word' id='word_1_391' title='bbox 555 4607 657 4637; x_wconf 75' lang='lat' dir='ltr'>mm.</span> <span class='ocrx_word' id='word_1_392' title='bbox 687 4607 820 4636; x_wconf 71' lang='lat' dir='ltr'>nvs&#39;r.</span> <span class='ocrx_word' id='word_1_393' title='bbox 876 4598 939 4635; x_wconf 89' lang='grc' dir='ltr'>Π.</span> <span class='ocrx_word' id='word_1_394' title='bbox 2088 4595 2118 4641; x_wconf 87' lang='grc'>2</span> 
     </span>
    </p>
   </div>
  </div>
 </body>
</html>
