3178 5185
569 418 700 482 202
1555 415 1936 472 VARRONIS

571 592 1005 664 conrepserunt
1062 583 1288 644 relictis
1335 582 1484 643 falce
1531 590 1592 643 et
1637 590 1833 644 aratro
1882 592 1941 644 et
1986 602 2195 645 manus
2243 602 2480 645 movere
2527 586 2905 647 maluerunt

569 695 631 752 in
678 690 909 751 theatro
959 708 1025 750 ac
1065 690 1243 770 circo,
1292 708 1468 769 quam
1505 691 1567 750 in
1609 690 1911 769 segetibus
1950 710 2017 751 ac
2055 694 2289 773 vinetiS,
2337 690 2458 769 [ac]
2498 691 2903 753 frumentum

570 797 830 857 locamus
890 799 994 876 qui
1041 796 1212 856 nobis
1260 796 1535 877 advehat,
1585 799 1689 877 qui
1735 800 1924 859 saturi
1970 799 2208 880 fiamuS,
2258 818 2328 859 ex
2375 798 2574 860 Africa
2622 806 2685 859 et
2742 798 2899 858 Sar-

569 905 755 984 dinia,
820 912 880 965 et
943 903 1191 964 navibus
1260 904 1611 964 vindemiam
1669 905 1981 965 condimus
2040 924 2111 966 ex
2167 905 2359 966 insula
2415 905 2533 966 Coa
2588 913 2647 967 et
2708 905 2897 967 Chia.

517 1013 776 1090 4itaque
833 1012 895 1071 in
944 1030 1058 1091 qua
1106 1018 1264 1072 terra
1313 1011 1607 1072 culturam
1655 1014 1781 1091 agri
1827 1012 2161 1074 docuerunt
2208 1019 2475 1092 pastores
2522 1015 2898 1093 progeniem
2928 1030 2958 1070 5

571 1137 756 1199 suam,
805 1120 909 1197 qui
946 1118 1343 1179 condiderunt
1382 1118 1610 1200 urbem,
1650 1116 1733 1179 ibi
1774 1128 1980 1180 contra
2017 1123 2348 1199 progenies·
2375 1127 2899 1200 eorumpropter

570 1228 872 1287 avaritiam
929 1233 1133 1286 contra
1190 1226 1350 1305 leges
1408 1245 1478 1286 ex
1535 1226 1836 1305 segetibus
1892 1228 2033 1288 fecit
2088 1236 2284 1309 prata,
2349 1228 2694 1306 ignorantes
2758 1246 2895 1288 non

569 1335 724 1395 idem
793 1352 924 1394 esse
989 1335 1117 1410 agri
1180 1333 1473 1394 culturam
1541 1341 1602 1393 et
1665 1336 2011 1413 pastionem.
2119 1334 2270 1396 alius
2338 1336 2496 1394 enim
2562 1334 2749 1412 opilio
2825 1342 2894 1394 et

570 1449 792 1522 arator3
850 1460 960 1501 nec
1017 1444 1069 1501 si
1124 1448 1375 1521 possunt
1431 1443 1494 1500 in
1542 1459 1683 1519 agro
1730 1443 1895 1520 pasci
1941 1449 2247 1525 armenta,
2305 1444 2702 1502 armentarius
2753 1460 2894 1502 non

568 1548 713 1608 aliut
769 1565 836 1607 ac
884 1546 1197 1611 bubulcus,
1291 1556 1626 1608 armentum
1675 1551 1833 1608 enim
1880 1549 1939 1609 id
1991 1549 2149 1628 quod
2195 1551 2256 1609 in
2305 1568 2447 1629 agro
2494 1557 2699 1609 natum
2749 1567 2887 1609 non
2922 1568 2977 1605 ιο

568 1661 748 1730 creat,
797 1654 898 1714 sed
950 1654 1101 1715 tollit
1149 1654 1445 1715 dentibus,
1538 1664 1747 1716 contra
1794 1654 1900 1716 bos
1950 1656 2209 1717 domitus
2257 1675 2435 1717 causa
2482 1638 2553 1716 fit'
2595 1664 2663 1717 ut
2711 1675 2889 1717 com-

567 1762 802 1823 modius
888 1769 1165 1822 nascatur
1236 1762 1601 1823 frumentum
1666 1764 1728 1823 in
1795 1770 1994 1841 segete
2061 1769 2121 1823 et
2184 1763 2466 1841 pabulum
2531 1766 2591 1824 in
2655 1764 2884 1823 novali.

518 1869 705 1949 5alia‚
753 1872 1011 1950 inquam,
1057 1870 1208 1929 ratio
1246 1887 1314 1928 ac
1353 1871 1602 1930 scientia
1640 1869 1853 1949 coloni,
1900 1870 2009 1930 alia
2049 1872 2331 1954 pastoris:
2380 1870 2572 1931 coloni
2611 1890 2678 1932 ea
2720 1890 2883 1952 quae

569 1978 697 2055 agri
753 1976 984 2036 cultura
1042 1975 1263 2036 factum
1318 1982 1386 2035 ut
1443 1984 1838 2039 nascerentur
1894 1996 1925 2037 e
1982 1985 2168 2057 terra,
2226 1986 2432 2037 contra
2489 1980 2746 2056 pastoris
2806 1997 2881 2038 ea

569 2102 719 2164 quae
766 2091 901 2144 nata
949 2102 1018 2143 ex
1067 2102 1300 2162 pecore.
1394 2102 1648 2162 quarum
1697 2085 1974 2162 quoniam
2025 2085 2278 2144 societas
2326 2086 2484 2144 inter
2530 2103 2594 2144 se
2641 2103 2878 2163 magna,
2911 2102 2963 2143 15

568 2200 883 2271 propterea
960 2191 1115 2269 quod
1191 2189 1473 2269 pabulum
1548 2193 1610 2251 in
1688 2191 1870 2251 fundo
1938 2209 2300 2269 conpascere
2369 2210 2546 2270 quam
2610 2192 2878 2252 vendere

567 2299 918 2379 plerumque
977 2299 1161 2375 magis
1215 2297 1455 2376 expedit
1501 2298 1741 2358 domino
1792 2297 1959 2358 fundi
2007 2305 2067 2357 et
2114 2300 2464 2374 stercoratio
2513 2298 2583 2358 ad
2632 2298 2877 2359 fructus

569 2413 886 2467 terrestres
933 2406 1237 2482 aptissima
1286 2412 1344 2464 et
1390 2403 1662 2465 maxume
1703 2405 1911 2510 Q
1912 2423 2097 2484 pecus
2135 2404 2499 2486 adpositum,
2550 2407 2653 2485 qui
2689 2405 2878 2467 habet

568 2513 894 2594 praedium,
941 2511 1159 2571 habere
1207 2517 1520 2590 utramque
1568 2511 1747 2572 debet
1793 2510 2183 2591 disciplinam,
2232 2519 2292 2572 et
2338 2514 2463 2591 agri
2503 2511 2768 2573 culturae
2808 2519 2876 2574 et

570 2623 804 2701 pecoris
859 2620 1142 2699 pascendi
1198 2627 1257 2680 et
1313 2621 1488 2680 etiam
1547 2620 1838 2681 villaticae
1886 2621 2192 2698 pastionis,
2284 2639 2356 2680 ex
2404 2639 2472 2681 ea
2520 2622 2676 2680 enim
2724 2640 2873 2700 quo·
2900 2640 2954 2679 so

570 2747 686 2808 que
734 2729 967 2788 fructus
1013 2727 1138 2788 tolli
1185 2735 1437 2806 possunt
1475 2746 1595 2788 non
1632 2728 1984 2807 mediocreS,
2032 2744 2102 2785 ex
2143 2725 2562 2787 ornithonibus
2601 2744 2668 2787 ac
2706 2727 2869 2807 lepo-

680 2961 706 3008 1
733 2955 1117 3024 correpserunt
1137 2953 1316 3008 VAB
1404 2952 1559 3007 faece
1579 2968 1717 3006 corr.
1739 2952 1883 3006 falce
1903 2951 1959 3005 A
2032 2956 2063 3004 2
2086 2967 2151 3006 ac
2171 2956 2298 3005 ante
2316 2950 2656 3007 frumentum
2676 2954 2869 3010 delevit

571 3046 867 3100 Iucundus
975 3052 1006 3098 3
1045 3044 1294 3097 aduehat
1320 3059 1352 3096 v
1390 3038 1603 3096 adueat'
1625 3041 1809 3096 PAB
1915 3037 2015 3107 qui
2052 3040 2229 3094 saturi
2266 3071 2333 3080 —-
2373 3039 2661 3097 condimus
2688 3059 2790 3098 om.
2816 3061 2867 3110 v,

571 3135 696 3189 add.
744 3133 928 3188 PAB
1089 3148 1156 3185 ex
1212 3131 1387 3185 africa
1431 3131 1550 3185 AB
1609 3147 1676 3185 ex
1730 3129 1977 3200 aphryca
2022 3128 2079 3182 P
2234 3131 2292 3184 et
2338 3128 2585 3185 sardinia
2638 3131 2754 3185 PA
2801 3149 2868 3186 ex

571 3222 819 3278 sardinia.
845 3224 902 3277 Β
1003 3227 1033 3275 6
1073 3221 1266 3275 urbem
1294 3219 1375 3274 ibi
1412 3220 1529 3274 VB
1556 3220 1750 3273 urbem
1781 3236 1941 3273 suam
1969 3217 2050 3273 ibi
2077 3219 2213 3286 Am,
2249 3221 2341 3274 sed
2370 3237 2527 3274 suam
2555 3222 2785 3276 deletum
2812 3222 2865 3275 A

717 3318 748 3366 7
801 3310 1103 3366 auariciam
1149 3309 1261 3363 VA
1406 3308 1731 3378 exegetibus
1768 3308 1824 3362 A
1860 3324 1999 3362 corr.
2039 3324 2108 3361 ex
2145 3307 2427 3377 segetibus
2465 3307 2549 3362 ΑΞ
2709 3309 2866 3380 Igno-

570 3403 759 3455 rantes
789 3400 845 3453 B
989 3405 1021 3454 9
1059 3400 1293 3468 possunt
1329 3398 1512 3465 VAB
1549 3397 1731 3467 possit
1761 3395 1903 3450 A²m
2046 3396 2300 3450 armenta
2336 3412 2436 3450 om.
2465 3394 2657 3451 'VAB
2801 3404 2867 3452 10

573 3489 716 3544 aliut
758 3489 813 3542 P
845 3488 1001 3543 aliud
1030 3489 1151 3543 AB
1162 3505 1190 3542 v
1301 3488 1451 3557 quod
1487 3487 1916 3556 superscriptam
1951 3485 2014 3540 in
2049 3486 2107 3540 Β
2218 3490 2281 3538 11
2321 3486 2607 3541 comodius
2636 3486 2694 3540 Β
2805 3494 2868 3540 13

576 3577 799 3634 ‘Coloni
827 3579 891 3632 ut
918 3594 986 3632 ea
1015 3594 1157 3645 quae
1185 3577 1246 3630 in
1274 3575 1623 3647 agricultura
1650 3577 1963 3630 nascantur.
2020 3575 2314 3644 Receptam
2341 3576 2617 3629 lectionem
2643 3576 2868 3645 retinui,

573 3685 724 3723 nunc
761 3672 990 3722 ueterem
1026 3669 1113 3722 hic
1150 3668 1452 3736 adponam,
1498 3683 1637 3736 quae
1674 3682 1711 3718 a
1746 3665 2017 3719 communi
2052 3665 2215 3719 ualde
2251 3665 2474 3718 diuersa
2509 3669 2609 3732 est,
2639 3666 2870 3733 pessime

573 3764 752 3813 tamen
789 3762 838 3810 et
865 3756 970 3810 illa
998 3763 1245 3826 accepta:
1283 3757 1425 3825 qaod
1454 3756 1618 3809 etiam
1646 3755 1879 3823 diliyens
1908 3753 2176 3808 librarius
2203 3753 2473 3821 coqnoait,
2511 3759 2699 3809 notam
2727 3755 2870 3809 enim

573 3848 756 3902 mendi
793 3848 868 3901 ad
905 3862 1022 3899 eam
1058 3846 1344 3915 adposuit:
1385 3843 1581 3899 Coloni
1620 3858 1832 3912 aequae
1871 3841 2217 3911 agricultura.
2251 3842 2462 3895 factum
2489 3844 2554 3896 ut
2580 3858 2868 3897 nasceren-

571 3940 665 3992 tur
721 3953 749 3989 e
807 3938 959 3990 terra
1005 3936 1200 3990 contra,
1245 3934 1488 4003 pastoris
1536 3948 1628 4000 ea,
1687 3948 1830 4001 quae
1878 3932 2015 3985 nata
2064 3922 2131 3984 ex
2178 3946 2403 3999 pecore,
2453 3948 2685 3999 quarum
2739 3931 2865 3987 etc.'

584 4026 863 4081 Victorias
1007 4042 1074 4079 ea
1120 4040 1262 4092 quae
1309 4021 1655 4094 agricultura,
1692 4020 1748 4073 Β
1786 4037 1921 4090 aeq3
1968 4018 2311 4090 agricultura
2347 4019 2403 4073 A
2442 4036 2573 4089 aeq3
2622 4020 2682 4074 in
2721 4020 2869 4090 agri-

574 4115 794 4168 cultura.
823 4115 879 4167 P
909 4131 978 4168 ea
1014 4131 1156 4183 quae
1194 4112 1253 4167 in
1291 4112 1636 4184 agricultura
1663 4127 1695 4164 v
1809 4114 1875 4164 15
1914 4124 2214 4178 expeccore
2243 4106 2300 4161 A
2408 4124 2549 4175 quar
2579 4150 2591 4163 .
2622 4127 2717 4162 um
2753 4127 2871 4164 mia

572 4206 757 4259 littera
786 4208 914 4273 post
951 4222 979 4256 r
1015 4204 1187 4258 deleta
1214 4202 1269 4256 A
1379 4201 1614 4255 sotietas
1642 4201 1698 4253 A
1811 4205 1877 4253 16
1917 4213 2247 4267 conpescere
2285 4213 2422 4252 corr.
2453 4213 2786 4266 conpascere
2813 4198 2869 4252 A

573 4308 927 4361 compascere
963 4292 1076 4347 VB
1188 4298 1252 4346 17
1291 4291 1601 4360 plerunque
1637 4287 1693 4341 V
1785 4286 2012 4356 expedit
2039 4303 2133 4341 mv
2164 4284 2401 4355 expetiit
2429 4285 2545 4340 PA
2573 4286 2790 4355 expetit
2815 4287 2870 4340 B

683 4386 749 4435 18
787 4383 1028 4436 maxime
1075 4380 1253 4435 VAB
1291 4392 1548 4434 maxume
1585 4378 1649 4431 i‘n
1683 4377 1931 4446 marqi‘ne
1968 4376 2265 4444 adscripsit
2304 4375 2361 4429 P
2464 4373 2787 4443 adpositum
2815 4375 2868 4428 A

575 4468 898 4539 appositum
945 4468 1061 4523 VB
1210 4472 1275 4520 19
1313 4467 1609 4534 utramque
1637 4465 1693 4519 A
1728 4467 2002 4532 utranque
2029 4465 2086 4520 Β
2119 4465 2399 4532 utrunque
2438 4463 2493 4517 V
2630 4463 2866 4533 agricul-

571 4560 731 4612 turae
768 4575 801 4613 v
841 4556 1245 4628 agriculturam
1280 4555 1466 4611 PAB
1610 4561 1677 4611 21
1728 4553 2115 4610 ornithonibus
2163 4553 2217 4607 V
2248 4551 2585 4608 ornitoribus
2622 4552 2746 4608 AB
