3178 5185
666 438 792 501 102
1346 443 1729 498 COMMENT.
1765 443 1843 496 IN
1888 441 2257 497 VARRONIS
2369 483 2371 486 .

668 603 728 661 in
787 596 1325 679 comparationibus
1387 616 1505 658 non
1561 597 1995 676 intellegerent.
2071 615 2204 656 nam
2262 596 2376 656 hoc
2432 595 2577 657 dicit
2622 596 2811 678 Varr0,
2860 600 2910 657 in

665 707 988 768 crescendo
1049 707 1281 785 potiora
1338 704 1625 765 habenda
1665 685 1794 766 esse
1862 724 1928 765 ea
1995 722 2144 784 quae
2204 704 2495 764 umidiora
2563 722 2728 783 quam
2786 723 2913 784 quae

669 816 922 875 aridiora
969 821 1125 874 sunt.

843 921 1073 992 Quare
1145 938 1225 980 ex
1290 900 1487 979 terra
1550 921 1796 999 potius
1860 921 1931 979 in
2000 919 2416 979 seminariis
2474 918 2793 979 surculos
2849 920 2915 980 de

664 1030 886 1090 ficeto
946 1045 1155 1108 quam
1212 1045 1426 1105 grana
1487 1025 1565 1086 de
1625 1027 1767 1087 fico
1825 1026 2118 1105 expedit
2175 1024 2485 1085 obruere
2551 1034 2825 1105 praeter
2871 1029 2918 1087 si

665 1136 881 1196 aliter
929 1134 1280 1215 nequeas]
1337 1136 1544 1208 Quare
1592 1143 1650 1196 et
1697 1142 1869 1197 terra
1917 1133 2217 1194 Gesnerus
2266 1135 2537 1194 coniecit.
2607 1135 2778 1193 immo
2813 1153 2917 1195 sur-

669 1241 788 1304 culi
836 1262 905 1302 ex
955 1251 1114 1303 terra
1163 1242 1234 1301 de
1284 1243 1455 1303 ficeto
1494 1244 1754 1322 prompti
1792 1244 1992 1322 potius
2031 1241 2323 1302 obruendi
2362 1249 2520 1324 sunt,
2560 1259 2730 1320 quam
2767 1260 2919 1321 grana

670 1351 743 1410 de
774 1352 901 1410 fico.
973 1356 1228 1427 praeter
1266 1349 1336 1409 de
1381 1351 1727 1429 exceptione
1768 1369 1887 1410 nou
1926 1348 2124 1410 addito
2155 1351 2487 1409 accusativo
2520 1367 2663 1409 casu
2699 1351 2921 1409 nominis

674 1460 963 1536 scriptum
1013 1465 1103 1518 est
1140 1455 1166 1515 1
1205 1452 1317 1539 38,
1362 1455 1395 1518 1
1445 1464 1683 1518 stercus
1729 1460 2012 1535 optimum
2057 1458 2276 1518 scribit
2329 1475 2457 1517 esse
2511 1458 2747 1518 Cassius
2788 1462 2922 1518 volu-

671 1567 869 1625 crium
911 1570 1173 1641 praeter
1221 1567 1592 1640 palustrium
1649 1583 1726 1626 ac
1780 1567 2082 1645 nantium,
2139 1564 2375 1642 saepius
2412 1572 2858 1640 praeterquam,
2902 1563 2924 1622 I

670 1669 728 1751 2,
759 1668 845 1731 20
900 1674 963 1731 in
1002 1688 1209 1731 arcem
1257 1690 1375 1732 non
1416 1674 1570 1747 iniqi
1598 1679 2036 1748 praeterquam
2072 1674 2276 1746 semel,
2328 1667 2433 1752 45,
2465 1668 2498 1731 1
2543 1675 2829 1747 legumina
2853 1704 2929 1714 —

661 1784 1100 1854 praeterquam
1141 1776 1315 1860 faba,
1360 1777 1413 1837 11
1448 1776 1510 1859 4,
1540 1776 1580 1839 3
1630 1797 1766 1839 cum
1815 1781 2209 1856 amplitudine
2245 1780 2647 1840 membrorum
2674 1786 2926 1857 praeter-

669 1902 851 1959 quam
892 1886 1158 1961 pedibus
1216 1888 1441 1966 capite,
1498 1885 1577 1947 ib.
1623 1884 1701 1946 19
1769 1903 1886 1946 non
1936 1889 2292 1963 producunt
2345 1904 2425 1947 ea:
2479 1889 2651 1948 haris
2702 1893 2929 1948 matrem

665 1999 1104 2068 praeterquam
1153 2000 1389 2073 potum,
1447 1992 1526 2052 111
1573 1992 1644 2074 3,
1685 1990 1724 2055 8
1774 2000 2213 2070 praeterquam
2268 1997 2638 2069 lepusculum
2690 2015 2721 2056 e
2771 2013 2928 2055 vena·

672 2101 832 2159 tione
877 2100 1031 2158 uidit
1074 2116 1416 2175 numquam,
1465 2096 1524 2181 9,
1558 2098 1642 2161 10
1679 2108 1747 2161 ut
1792 2103 1949 2160 diem
1996 2107 2055 2161 et
2090 2107 2324 2161 noctem
2363 2102 2649 2161 incubent
2677 2108 2927 2178 praeter-

672 2223 854 2280 quam
899 2223 1077 2266 mane
1122 2212 1181 2267 et
1225 2225 1490 2289 vespere,
1548 2204 1659 2287 12,
1699 2205 1740 2268 2
1787 2210 2002 2267 horum
2058 2210 2319 2268 omnium
2364 2240 2453 2249 —
2481 2212 2681 2284 pastio
2738 2215 2932 2284 aperta

665 2318 1104 2388 praeterquam
1160 2315 1236 2373 de
1282 2316 1523 2390 apibus,
1581 2324 1641 2375 et
1700 2332 1835 2374 cum
1894 2315 2311 2374 coniunctione
2368 2314 2394 2374 1
2441 2309 2556 2395 45,
2598 2314 2631 2377 1
2681 2322 2931 2392 praeter-

672 2437 853 2495 quam
898 2422 1105 2495 siquid
1146 2424 1317 2496 reqio
1357 2429 1465 2482 aut
1503 2429 1821 2499 tempestas
1858 2425 1968 2483 viti
2004 2425 2223 2503 attulit,
2272 2421 2324 2481 ΙΙ
2365 2419 2421 2501 7,
2452 2420 2494 2484 3
2525 2430 2934 2500 praeterquam

674 2545 809 2589 cum
858 2530 1065 2588 dentes
1109 2531 1233 2588 sint
1271 2528 1433 2605 facti
1478 2532 1745 2592 brocchi.

852 2634 1285 2697 Pesticulam
1332 2657 1468 2717 per
1516 2640 1703 2700 ficos
1753 2657 1925 2719 quas
1972 2638 2251 2700 edimus
2287 2637 2713 2719 perserunt]
2760 2638 2931 2698 Resti-

676 2746 847 2805 culas
879 2761 996 2818 per
1028 2746 1183 2815 ficos
1230 2744 1552 2806 Iucundus
1629 2745 1701 2809 de
1740 2764 1853 2807 usu
1893 2744 2209 2806 resticulae
2249 2748 2309 2806 in
2350 2747 2578 2806 satione
2618 2747 2849 2805 ficorum
2882 2745 2931 2803 in

680 2851 1022 2931 geoponicis
1070 2848 1123 2908 X
1159 2847 1277 2931 45,
1316 2848 1358 2912 5
1412 2859 1729 2932 praecepta
1787 2861 1925 2914 sunt
1983 2853 2155 2933 haec,
2221 2843 2337 2912 ἐὰν
2394 2844 2521 2932 γάρ
2578 2872 2676 2925 τις
2728 2846 2934 2932 βρέξας

681 2953 850 3017 σῦκα
916 2949 1286 3039 περιπλάσῃ
1356 2953 1429 3018 ἐν
1495 2958 1766 3044 σχοινίῳ
1821 2953 1932 3020 καὶ
1989 2956 2186 3020 τοῦτο
2250 2947 2598 3039 φυτεύσας
2647 2951 2931 3041 ἆρὸεύσῃ,

682 3055 1089 3144 ἐμφυήσεται
1125 3055 1335 3126 πολλὰ
1386 3058 1587 3146 φυτά,
1636 3059 1830 3128 ἅτινα
1867 3057 1991 3149 χρὴ
2039 3057 2540 3147 μεταφυτεύειν.

855 3167 895 3231 6
954 3169 1070 3230 Sic
1117 3168 1395 3248 genera'
1428 3173 1738 3233 ficorum
1776 3173 1978 3234 chiae
2018 3193 2096 3234 ac
2135 3172 2582 3234 chalcidicae
2630 3182 2699 3234 et
2741 3173 2930 3233 lidiae

679 3280 1044 3339 africanae
1079 3311 1153 3320 —
1185 3298 1222 3358 p
1241 3279 1498 3357 erlata]
1531 3282 1768 3358 Lydiae
1797 3289 1856 3342 et
1882 3281 2222 3357 Africanae
2249 3300 2319 3341 ex
2349 3280 2557 3341 Aldina
2587 3281 2832 3341 editione
2859 3295 2931 3337 re·

680 3387 829 3465 cepi.
868 3384 970 3444 sed
984 3394 1291 3464 praeterea
1308 3386 1464 3446 haud
1486 3390 1608 3448 scio
1632 3406 1704 3448 an
1726 3386 2105 3448 scribendum
2128 3387 2308 3461 fuerit
2327 3391 2417 3449 sic
2428 3391 2700 3465 plurima
2710 3401 2932 3463 qenera.

857 3490 1052 3561 Quod
1102 3511 1181 3552 ex
1221 3511 1299 3553 eo
1339 3494 1623 3556 tardius
1663 3493 2144 3556 enascebatur
2183 3494 2361 3556 colis
2400 3513 2604 3574 quam
2645 3513 2722 3554 ex
2757 3486 2931 3565 aliis]

690 3602 883 3673 Quam
924 3618 1003 3660 ex
1041 3603 1215 3660 taleis
1253 3599 1574 3663 Iucundus,
1651 3604 1887 3662 restitui
1926 3603 2281 3681 scripturam
2323 3602 2652 3682 archetypi:
2691 3620 2759 3662 ex
2795 3597 2932 3658 oleae

679 3707 892 3768 nucleo
942 3706 1168 3767 tardius
1215 3708 1612 3770 nascebantur
1661 3709 1885 3791 cauleS,
1933 3727 2108 3789 quam
2157 3727 2229 3769 ex
2277 3709 2405 3770 aliis
2464 3707 2690 3771 nucleis
2735 3704 2816 3765 vel
2860 3720 2933 3761 se·

683 3814 961 3876 minibuS.
1053 3814 1126 3874 de
1175 3815 1341 3876 taleis
1391 3817 1712 3896 oleagineis
1760 3817 1983 3878 dictum
2033 3825 2123 3877 est
2168 3815 2287 3899 40,
2315 3816 2376 3877 4.
2450 3816 2664 3877 deinde
2708 3814 2933 3875 sevimus

680 3941 788 4002 pro
835 3925 1090 3982 serimus
1137 3921 1517 3984 scribendum
1564 3923 1865 3984 Gesnerus
1914 3925 2182 3984 coniecit.

857 4034 1009 4088 XLII
1080 4027 1155 4088 In
1201 4030 1453 4106 primis
1501 4029 1887 4108 obserues]
1937 4031 2029 4091 De
2075 4033 2290 4091 melica
2336 4047 2445 4108 pro
2494 4027 2666 4090 titulo
2704 4029 2762 4087 in
2796 4025 2932 4105 prin-

683 4140 813 4217 cipe
853 4121 1112 4195 editione
1140 4137 1574 4214 praescriptum
1607 4144 1714 4218 est,
1755 4136 1910 4216 quod
1951 4156 2021 4197 ex
2052 4136 2344 4219 capitulis,
2385 4155 2534 4215 quae
2574 4144 2706 4197 ante
2742 4131 2932 4194 librum

682 4247 744 4305 in
784 4240 1090 4304 codicibus
1130 4244 1349 4321 scripta
1388 4252 1544 4324 sunt,
1593 4246 1841 4322 petitum
1888 4255 2029 4305 erat.
2106 4244 2241 4304 inde
2281 4243 2584 4304 Iucundus
2622 4243 2757 4303 fecit
2794 4239 2932 4313 haec,

683 4353 775 4413 De
820 4353 1057 4412 medica
1106 4352 1167 4409 in
1215 4351 1433 4426 primis
1479 4351 1781 4425 observeS,
1840 4369 1988 4430 quae
2048 4350 2261 4411 deinde
2318 4368 2425 4429 per
2486 4349 2768 4410 editiones
2818 4359 2931 4422 pro·

684 4466 891 4538 pagata
957 4464 1122 4537 sunt,
1184 4474 1536 4536 quamquam
1603 4466 1845 4537 apparet
1902 4477 2017 4518 non
2074 4457 2146 4518 de
2195 4457 2458 4540 medica,
2514 4457 2617 4517 sed
2673 4455 2740 4514 de
2793 4447 2929 4509 omni

685 4583 903 4644 genere
952 4563 1328 4641 surculorum
1377 4563 1487 4625 hoc
1533 4565 1815 4643 praecipi.
