3178 5185
745 397 1005 452 RERVM
1042 396 1522 452 RVSTICARVM
1543 398 1694 453 ·LIB.
1737 398 1816 451 ΙΙΙ
1862 396 2118 452 12-13
2456 388 2583 452 277

482 550 793 611 Pedibus
839 550 1127 630 primis]
1187 552 1453 612 Pedibus
1501 554 1819 629 prioribus
1867 554 2119 611 coniecit
2167 550 2585 611 SchneideruS.

477 656 520 723 6.
588 658 782 728 Quod
822 661 892 718 in
931 657 1148 736 gallia
1186 660 1513 718 nascitur
1551 657 1886 737 adadpis]
1926 658 2026 718 Aa
2057 662 2238 735 Alpes
2266 656 2589 717 IucunduS.

304 765 447 825 Plin.
490 764 619 824 VIII
656 762 783 825 217
826 772 885 825 et
919 769 1191 842 leporum
1231 768 1419 842 plura
1463 772 1608 825 sunt
1637 783 1888 840 genera,
1928 768 1990 825 in
2028 766 2277 841 Alpibus
2316 766 2586 836 candidi,

300 873 518 946 quibus
564 873 836 932 hibernis
882 874 1182 933 mensibus
1221 890 1339 950 pro
1387 875 1595 932 cibatu
1642 875 1836 934 nivem
1883 875 2146 933 credunt
2190 889 2334 932 esse.

480 976 720 1037 Tertii
767 981 1057 1056 generis
1104 987 1214 1039 est
1261 978 1441 1056 quod
1490 980 1561 1037 in
1601 978 1925 1055 hispania
1961 979 2288 1037 nascitur
2326 976 2622 1036 similis.

300 1092 551 1143 nostro
599 1082 831 1161 lepori
879 1102 960 1144 ex
1000 1084 1293 1163 quadam
1332 1092 1535 1162 parte
1576 1082 1696 1143 sed
1737 1080 2003 1143 humile
2043 1100 2245 1161 quem
2290 1084 2587 1143 cunicu-

299 1189 440 1250 lum
500 1186 906 1268 appellant]
965 1190 1174 1250 Simile
1219 1187 1284 1248 G.
1321 1187 1363 1248 I.
1403 1187 1645 1249 Vossius
1701 1191 1760 1248 in
1810 1187 2207 1275 ety‘mologioo⁴
2246 1206 2296 1247 v.
2343 1189 2585 1247 cunicu-

300 1297 408 1358 lus,
488 1297 875 1356 mutationem
904 1297 1159 1374 genem,
1194 1298 1406 1355 similis
1439 1327 1513 1338 -
1549 1298 1662 1356 sed
1693 1298 1933 1368 humile,
1969 1304 2269 1372 tamquam
2307 1293 2586 1372 syllepsin

300 1404 605 1464 Gesnerus
653 1402 933 1462 defendit.
1007 1404 1248 1462 humilis
1296 1403 1529 1483 scripsi,
1577 1401 1734 1480 quod
1776 1401 2177 1462 Schneiderus
2215 1399 2588 1460 commenda-

300 1518 477 1570 verat.
554 1527 689 1569 nam
736 1511 971 1587 generis
1021 1510 1265 1568 mutatio
1314 1510 1373 1567 in
1415 1508 1522 1568 hac
1564 1508 1879 1568 verborum
1917 1509 2344 1587 compositione
2394 1506 2586 1586 negle-

298 1618 529 1695 gentiae
579 1614 766 1676 tribui
814 1617 1037 1695 nequit,
1085 1633 1442 1694 quamquam
1483 1614 1891 1693 neglegentius
1929 1614 2155 1674 dictum
2193 1624 2287 1675 est
2330 1617 2493 1690 quod
2528 1618 2591 1675 in

302 1720 604 1799 Hispania
651 1725 931 1782 nascitur
978 1729 1039 1780 et
1084 1738 1264 1799 supra
1310 1724 1475 1795 quod
1519 1725 1581 1781 in
1628 1723 1829 1782 Gallia
1874 1725 2169 1796 nascitur,
2219 1721 2375 1799 quod
2419 1739 2588 1781 accu-

301 1832 490 1890 ratius
539 1829 612 1887 de
661 1828 863 1906 lepore
911 1826 1225 1886 dicendum
1275 1834 1402 1887 erat
1439 1830 1546 1901 qui
1581 1830 1878 1888 nascitur.
1971 1825 2118 1887 Plin.
2155 1827 2192 1888 l.
2230 1846 2281 1888 c.
2319 1831 2589 1904 leporum

296 1938 544 2011 qeneris
590 1940 732 1994 sunt
777 1939 836 1994 et
880 1951 1028 2008 quos
1078 1933 1374 2008 Hispania
1420 1935 1737 1994 cuniculos
1784 1937 2065 2009 appellat.

475 2040 573 2100 Ab
622 2059 701 2100 eo
749 2039 1022 2099 dictum
1068 2039 1387 2117 leporem
1437 2057 1468 2099 a
1526 2038 2019 2099 celeritudine
2067 2038 2250 2117 quod
2309 2039 2588 2118 leuipes

300 2147 532 2226 esset]
583 2148 634 2206 Α
681 2148 1081 2207 celeritudine
1118 2145 1304 2205 deleri
1345 2146 1530 2206 voluit
1567 2145 1841 2226 UrsirmS‚
1878 2144 2249 2206 incluserunt
2288 2144 2589 2205 Gesnerus

300 2265 360 2316 et
416 2252 820 2315 Schneiderus
874 2270 1084 2330 parum
1142 2255 1352 2313 attenti
1408 2252 1480 2312 ad
1538 2254 1830 2312 rationem
1884 2253 2177 2312 sermonis
2223 2250 2589 2311 varroniani.

480 2360 679 2431 Quod
729 2378 882 2420 eum
930 2358 1155 2419 aeolis
1204 2368 1271 2420 et
1318 2358 1574 2419 bonum
1614 2359 1937 2437 leporum
1977 2356 2468 2437 appellabant]
2510 2360 2592 2419 Et

302 2473 521 2530 bonum
581 2486 717 2527 cum
774 2466 1126 2545 apographis
1183 2475 1243 2526 et
1289 2465 1548 2526 Victorio
1599 2464 1949 2545 Pontianus,
2008 2483 2127 2524 non
2185 2472 2246 2525 et
2291 2467 2465 2540 bene,
2522 2472 2589 2525 ut

303 2575 606 2636 Gesnerus
654 2575 967 2636 adnotavit.
1060 2576 1224 2649 quod
1276 2591 1345 2635 eo
1402 2577 1601 2636 aeoles
1657 2575 1841 2634 boetii
1884 2577 2145 2649 leporem
2202 2574 2592 2651 appellabant

301 2683 542 2761 Merula,
600 2685 765 2757 quod
808 2698 942 2743 eum
988 2683 1200 2742 Aeoles
1246 2682 1483 2742 Boeotii
1526 2684 1788 2756 leporem
1836 2681 2227 2757 appellabant
2269 2678 2588 2759 IucunduS‚
2704 2721 2709 2724 Α

303 2793 467 2865 quod
511 2807 645 2850 eum
692 2789 894 2850 Aeolis
939 2789 1177 2848 Boeotii
1223 2781 1495 2866 λέποριν
1543 2789 1931 2864 appellabant
1967 2785 2280 2846 Victorius,
2353 2788 2415 2845 in
2460 2804 2587 2845 cor-

304 2906 475 2976 rupta
532 2895 839 2974 archetypi
896 2897 1191 2972 scriptura
1248 2911 1527 2971 graecum
1586 2891 1934 2952 vocabulum
1991 2891 2081 2951 his
2135 2894 2395 2970 positum
2457 2911 2588 2953 esse

304 3004 533 3063 monuit
600 2999 983 3061 Zahlfeldtius
1049 3007 1272 3077 quaest.
1324 3001 1454 3060 crit.
1513 3001 1570 3059 in
1632 2997 1793 3059 Varr.
1844 3016 1960 3057 rer.
2008 3005 2155 3057 rust.
2202 2995 2333 3056 libr.
2381 3016 2435 3075 p.
2484 2995 2589 3077 26,

301 3112 465 3184 quod
507 3126 645 3169 eum
684 3109 881 3169 Aeolis
921 3102 1196 3184 λέποριν
1234 3108 1638 3182 appellabant.
1714 3104 1786 3164 de
1825 3104 2025 3183 lepore
2066 3103 2267 3163 eadem
2306 3102 2589 3181 leguntur

302 3216 372 3276 de
420 3215 560 3293 ling.
608 3214 704 3273 lat.
753 3213 797 3272 V
843 3210 961 3275 101
1033 3218 1228 3290 lepuS,
1295 3216 1458 3288 quod
1520 3214 1718 3274 Siculi
1777 3215 2023 3286 quidam
2085 3212 2317 3271 Graeci
2378 3213 2591 3271 dieunt

303 3317 575 3403 λέποριν
622 3328 684 3381 et
721 3338 790 3380 ex
822 3338 1022 3380 rerum
1062 3318 1391 3379 divinarum
1435 3317 1585 3377 libro
1627 3324 1845 3395 quarto¹
1877 3317 2104 3377 decimo
2144 3316 2298 3394 apud
2337 3315 2585 3377 Gellium

303 3427 478 3509 1128,
527 3425 568 3488 2
634 3445 753 3488 non
808 3431 965 3488 enim
1021 3430 1283 3503 leporem
1341 3428 1625 3500 dicimuS,
1681 3432 1749 3484 ut
1803 3427 1892 3483 ait
1938 3416 2246 3505 (Aelius)‚·
2283 3427 2448 3499 quod
2499 3431 2589 3485 est

300 3542 537 3614 levipes
583 3538 694 3597 sed
737 3537 900 3610 quod
944 3541 1033 3595 est
1077 3535 1433 3594 vocabulum
1480 3534 1749 3592 anticum
1791 3548 2106 3605 praecum.

331 3657 336 3668 ·
445 3647 610 3716 ⁴XIII
652 3640 683 3701 1
755 3639 909 3700 Seis
957 3642 1244 3718 inquam
1292 3638 1437 3715 axi]
1489 3639 1625 3699 Scis
1673 3642 1918 3711 inquam
1956 3638 2114 3710 Aqrz·
2149 3636 2274 3696 Axi
2317 3638 2378 3695 in
2420 3639 2586 3715 prin·

299 3753 431 3829 oipe
479 3749 740 3809 editione
788 3746 1014 3807 editum
1060 3755 1205 3826 erat,
1256 3745 1411 3805 unde
1458 3748 1596 3824 εοὶε,
1644 3747 1841 3818 inquit
1881 3744 2126 3822 AqriuS,
2173 3743 2300 3802 Axi
2333 3741 2586 3803 Ursinus

299 3857 575 3936 coniecit3
619 3858 756 3926 scis,
805 3857 1003 3928 inquit
1047 3854 1304 3929 AppiuS,
1361 3852 1487 3911 Axi
1531 3850 1860 3910 Pontedera
1909 3868 1962 3928 p.
2000 3842 2151 3909 455.
2223 3852 2344 3908 scis·
2384 3852 2587 3923 inquit

303 3967 430 4024 Axi
484 3963 715 4050 scripsi.
789 3978 922 4020 nam
982 3958 1052 4019 ab
1110 3958 1323 4039 Appio,
1386 3959 1481 4017 cui
1538 3956 1684 4017 haec
1740 3973 1877 4034 pars
1934 3955 2348 4033 disputationis
2407 3971 2585 4033 supra

310 4068 407 4149 12,
452 4066 510 4129 1Δ
541 4063 809 4127 mandata
859 4073 1002 4145 erat,
1049 4064 1193 4124 haee
1242 4062 1356 4123 dici
1406 4065 1580 4122 etiam
1629 4080 1746 4121 non
1788 4060 1984 4121 addito
2024 4061 2262 4120 nomine
2299 4059 2585 4138 intellegi-

306 4188 419 4237 tur.
497 4191 854 4252 quamquam
901 4176 1146 4247 inquam
1194 4169 1429 4229 defendi
1476 4170 1701 4246 poterit
1748 4167 1852 4247 ita}
1910 4175 1976 4227 ut
2023 4165 2136 4225 hoc
2184 4168 2310 4242 ipse
2360 4165 2585 4245 Appius

306 4289 444 4342 ante
488 4277 939 4359 appellationem
987 4277 1115 4336 Axii
1162 4277 1415 4335 orationi
1463 4291 1604 4335 suae
1635 4276 2008 4353 interponat,
2061 4279 2378 4351 propterea
2426 4271 2583 4349 quod

303 4388 378 4448 ad
417 4385 673 4448 eundem
704 4383 931 4444 dixerat
960 4393 1127 4458 antea
1157 4385 1214 4442 si
1240 4385 1435 4458 possis
1472 4389 1532 4441 et
1569 4388 1627 4441 te
1665 4382 1892 4440 habere
1921 4386 2071 4455 pulo
2113 4396 2241 4455 sqq.
2318 4395 2449 4437 nam
2490 4377 2584 4437 illa

309 4511 546 4575 quoque
594 4490 667 4551 ad
703 4490 942 4571 Axium,
972 4491 1092 4567 'qui
1139 4506 1373 4547 omnem
1413 4504 1747 4547 sermonem
1786 4487 1955 4564 regit,
2000 4485 2319 4565 pertinent,
2358 4501 2476 4543 non
2513 4483 2585 4543 ad
