3178 5185
571 413 703 479 260
1257 420 1640 478 COMMENT.
1677 420 1758 477 IN
1803 420 2178 478 VARRONIS

570 579 1062 641 vindemiatorum
1110 580 1336 641 relictis
1383 587 1588 660 postea
1637 578 1982 659 colligendis
2029 578 2255 639 dictum
2304 596 2434 639 esse
2481 575 2734 660 volebat,
2771 579 2853 638 in·

570 686 767 748 audita
833 688 895 748 in
956 706 1027 748 eo
1082 685 1263 747 verbo
1329 687 1756 766 significatione
1824 705 2017 766 neque
2083 694 2217 767 apta
2282 685 2353 746 ad
2417 684 2578 746 hunc
2645 684 2857 746 locum.

570 802 829 855 veterem
878 793 1193 855 lectionem
1225 798 1615 865 *ratiocinari
1668 796 1922 855 restitui.
2015 812 2148 854 nam
2196 795 2461 873 exposita
2509 792 2856 872 gallinarum

568 903 835 980 pastione
876 901 948 963 de
987 901 1233 983 reliquis
1273 902 1495 985 avibuS,
1536 903 1732 981 siquid
1773 901 2051 964 idoneum
2092 902 2292 984 fuerit,
2332 899 2644 962 subductis
2682 903 2854 962 ratio-

570 1007 743 1070 nibus
791 1008 987 1088 colligi
1033 1028 1209 1089 posse
1256 1011 1440 1071 Axius
1486 1011 1798 1090 significat.

745 1114 787 1177 2
852 1115 944 1177 De
991 1117 1102 1177 his
1158 1119 1278 1198 qui
1325 1116 1938 1179 ornithoboscion
1986 1119 2379 1178 instituere
2427 1114 2587 1177 uult
2633 1115 2705 1176 id
2753 1121 2858 1176 est

567 1223 885 1284 adhibita
951 1225 1260 1293 scientia
1325 1243 1404 1285 ac
1470 1243 1640 1286 cura
1707 1225 1995 1303 capiant
2057 1241 2346 1302 magnos
2422 1224 2711 1285 fructus
2785 1232 2859 1285 ut

566 1333 860 1392 maxime
944 1331 1475 1393 factitauerunt
1556 1331 1822 1392 deliaci
1904 1330 2075 1392 haec
2159 1332 2474 1411 quinque
2560 1332 2858 1391 maxime

567 1438 1148 1499 animaduertant
1225 1437 1552 1518 oportet]
1631 1440 1961 1500 Instituere
2032 1442 2239 1499 volunt
2321 1440 2501 1499 iidem
2577 1441 2859 1500 adhibita

566 1549 824 1607 scientia
888 1545 1129 1606 Merula.
1223 1536 1541 1607 instituere
1604 1550 1810 1607 volunt
1874 1548 2055 1607 iidem
2118 1546 2395 1607 adhibita
2456 1549 2720 1607 scientia
2784 1565 2860 1606 ac

562 1670 722 1712 cura
769 1658 837 1712 ut
881 1655 1133 1728 capiant
1185 1684 1258 1694 —
1309 1654 1464 1714 haec
1510 1655 1778 1728 quinque
1825 1654 2324 1713 animadvertant
2367 1659 2606 1729 oportet
2641 1653 2856 1713 Iucun-

565 1760 706 1843 duS,
763 1759 864 1821 ubi
922 1763 1186 1821 maxime
1240 1768 1376 1840 post
1431 1764 1698 1836 quinque
1753 1780 1824 1821 ex
1882 1760 2200 1840 archetypo
2257 1760 2480 1822 addidit
2537 1759 2857 1843 Victorius,

564 1866 792 1948 reliqua
848 1887 918 1929 ex
981 1867 1187 1929 Aldina
1248 1869 1504 1929 editione
1561 1869 1856 1948 repetivit.
1947 1870 2016 1929 id
2068 1875 2158 1929 est
2211 1873 2278 1928 ut
2329 1869 2541 1929 habita
2597 1871 2857 1930 scientia

564 1994 641 2036 ac
700 1993 858 2036 cura
924 1979 1177 2053 capiant
1240 1994 1311 2036 ex
1378 1977 1673 2056 scriptura
1740 1974 1962 2036 codicis
2018 1993 2078 2035 m
2143 1975 2407 2036 defendit
2471 1974 2857 2037 Zahlfeldtius

564 2091 790 2163 quaest.
830 2084 959 2145 crit.
998 2085 1060 2143 in
1098 2082 1261 2144 Varr.
1301 2102 1416 2143 rer.
1455 2091 1603 2144 rust.
1642 2081 1773 2142 libr.
1813 2102 1867 2162 p.
1898 2080 2002 2144 33.
2077 2086 2239 2144 unde
2285 2084 2562 2144 adhibita
2599 2086 2859 2145 scientia

565 2210 642 2252 ac
689 2210 847 2252 cura
894 2193 1146 2268 capiant
1191 2190 1329 2250 olim
1379 2192 1624 2251 conieci.
1703 2188 1805 2250 sed
1855 2198 2018 2251 recte
2057 2189 2362 2250 Iucundus
2408 2196 2478 2251 ut
2522 2189 2858 2251 addiderat:

564 2299 741 2359 simili
788 2296 1040 2359 formula
1087 2316 1233 2359 usus
1282 2305 1372 2358 est
1417 2296 1603 2356 Varro
1651 2295 1677 2355 I
1715 2293 1819 2378 38,
1858 2292 1899 2357 5
1948 2301 2354 2376 praeparatio
2408 2300 2623 2373 siquae
2662 2301 2742 2370 sit
2798 2300 2858 2358 in

554 2410 787 2484 pratis,
836 2409 903 2467 id
947 2412 1036 2467 est
1080 2412 1149 2466 ut
1195 2404 1608 2481 defendantur
1654 2423 1694 2466 a
1741 2407 2040 2481 pastione.
2132 2404 2290 2465 idem
2349 2407 2639 2480 maxime,
2700 2403 2858 2484 quod

564 2534 634 2575 ex
675 2512 1091 2594 superioribus
1130 2514 1451 2592 repetitum
1492 2520 1637 2595 erat,
1676 2511 1910 2573 delevit.
1982 2530 2179 2591 neque
2217 2513 2330 2573 hoc
2369 2511 2582 2592 legisse
2624 2511 2859 2573 videtur

563 2622 909 2703 Columella,
956 2623 1060 2701 qui
1105 2621 1385 2682 Varronis
1432 2629 1749 2700 praecepta
1796 2621 1869 2681 de
1916 2619 2147 2700 gallinis
2198 2623 2494 2700 expressit
2543 2620 2675 2681 VIII
2714 2618 2774 2702 2,
2813 2617 2858 2681 4

560 2733 741 2791 buius
788 2732 979 2805 iqitur
1025 2731 1286 2790 villatici
1323 2732 1571 2804 qeneris
1618 2746 1738 2789 non
1784 2729 2163 2805 spernendus
2210 2735 2298 2790 est
2342 2729 2594 2805 reditus,
2643 2732 2701 2789 si
2746 2730 2850 2789 ad-

560 2839 848 2898 hibeatur
894 2838 1207 2898 educandi
1246 2839 1530 2910 scientia,
1578 2853 1759 2911 quam
1797 2838 2082 2912 plerique
2134 2837 2512 2896 Graecorum
2570 2841 2630 2897 et
2668 2852 2851 2913 prae-

563 2949 740 3023 cipue
777 2946 1167 3007 celebravere
1205 2945 1447 3005 Deliaci
1482 2961 1608 3022 sqq.
1649 2950 1708 3003 et
1747 2942 1960 3003 deinde
2008 2942 2086 3003 ib.
2116 2938 2157 3004 6
2204 2944 2395 3019 iqitur
2445 2946 2553 3003 cui
2577 2944 2852 3020 placebit

559 3057 733 3130 sequi
776 3061 986 3115 nostra
1026 3059 1382 3130 praecepta,
1427 3052 1775 3113 consideret
1817 3057 2052 3128 oportet
2088 3053 2354 3128 primum
2401 3068 2585 3127 quam
2632 3054 2849 3112 multas

561 3170 620 3223 et
665 3164 1006 3222 cuiusmodi
1042 3177 1279 3237 parare
1326 3161 1543 3220 debeat
1587 3161 1893 3236 matrices,
1933 3160 2153 3219 deinde
2198 3162 2463 3234 qualiter
2509 3176 2615 3219 eas
2663 3160 2856 3219 tutari

561 3275 620 3329 et
657 3286 935 3349 pascere,
982 3283 1123 3328 mox
1168 3269 1386 3343 quibus
1426 3269 1578 3327 anni
1613 3267 1983 3344 temporibus
2028 3283 2242 3327 earum
2280 3272 2503 3343 partus
2548 3268 2856 3356 excipere,

560 3384 683 3436 tum
731 3378 963 3435 demum
1011 3381 1078 3435 ut
1122 3376 1410 3436 incubent
1455 3380 1515 3435 et
1558 3375 1873 3435 eaecudant
1918 3372 2183 3449 efficere,
2225 3379 2528 3450 postremo
2580 3380 2650 3434 ut
2698 3391 2853 3435 com-

560 3485 732 3543 mode
762 3485 920 3559 pulli
953 3484 1293 3543 educentur
1328 3499 1576 3558 operam
1615 3484 1785 3543 dare.
1852 3483 2050 3559 itaque
2089 3480 2243 3561 apud
2275 3478 2598 3541 Varronem
2639 3482 2854 3560 scripsi

562 3591 638 3650 de
682 3592 777 3650 bis
822 3592 929 3664 qui
973 3590 1460 3650 ornithoboscion
1499 3592 1818 3650 instituere
1853 3592 1994 3665 vult,
2034 3591 2102 3649 id
2136 3595 2225 3649 est
2269 3589 2547 3649 adbibita
2591 3591 2851 3650 scientia

560 3713 637 3756 ac
693 3713 849 3756 cura
904 3703 971 3756 ut
1025 3698 1277 3773 capiant
1320 3714 1571 3771 maqnos
1612 3696 1881 3778 fructus,
1925 3729 2014 3739 —
2059 3697 2216 3757 haec
2260 3698 2528 3771 quinque
2575 3698 2850 3758 animad-

558 3808 801 3864 vertant
838 3809 1088 3879 oportet.
1154 3821 1286 3864 nam
1328 3803 1646 3883 singularis
1686 3821 1971 3865 numerus
2009 3807 2118 3879 qui
2150 3807 2276 3865 vult
2313 3812 2601 3883 sequente
2638 3803 2852 3883 plurali

559 3912 811 3987 capiant
856 3917 916 3970 et
962 3913 1455 3972 animadvertant
1500 3910 1801 3972 offendere
1841 3910 2100 3972 editores
2140 3929 2259 3971 non
2299 3908 2568 3971 debebat.
2639 3912 2744 3990 qui
2781 3910 2851 3970 de

560 4017 828 4079 villaticis
886 4016 1116 4095 gallinis
1172 4017 1659 4079 ornithoboscion
1706 4020 2028 4080 instituere
2088 4017 2239 4101 vult,
2296 4018 2354 4078 id
2420 4026 2512 4079 est
2579 4017 2851 4079 utilitatis

559 4143 754 4208 causa,
791 4143 909 4185 non
956 4131 1024 4185 ut
1068 4126 1120 4185 is
1169 4127 1269 4205 qui
1319 4134 1546 4206 spectat
1595 4134 1662 4187 ut
1707 4125 2193 4187 ornithoboscion
2240 4126 2576 4205 perfectum
2622 4125 2849 4207 habeat,

558 4233 629 4292 (le
678 4252 796 4312 quo
843 4239 1047 4313 postea
1094 4232 1330 4315 dicitur,
1378 4236 1432 4295 ei
1481 4236 1742 4313 quinque
1792 4253 1889 4295 res
1936 4232 2487 4295 animadvertendae
2536 4240 2698 4295 sunt.

736 4337 776 4400 3
843 4341 942 4401 Ex
997 4342 1215 4415 quibus
1271 4343 1465 4403 tribus
1521 4341 1709 4403 codex
1765 4341 2144 4403 Florentinus
2201 4349 2260 4403 et
2316 4341 2495 4402 editio
2553 4336 2858 4423 princepS,⁴

557 4446 660 4508 ubi
707 4451 841 4523 quis
887 4466 995 4527 pro
1044 4451 1260 4524 quibus
1304 4449 1631 4511 Politianus
1679 4449 2011 4531 adnotavit,
2059 4457 2118 4513 et
2160 4452 2378 4525 quibus
2424 4451 2623 4511 tribus
2670 4448 2847 4510 codex

558 4554 865 4637 Caesenas‚
913 4574 946 4615 e
991 4559 1126 4630 quis
1173 4558 1368 4617 tribus
1414 4556 1522 4618 alia
1571 4556 1922 4638 apographa.
