3178 5185
911 430 1173 485 RERVM
1208 429 1691 486 RVSTIOARVM
1728 431 1862 486 LIB.
1902 431 1981 484 III
2023 430 2057 486 6
2501 421 2631 487 249

341 583 647 647 Columell.
679 578 801 644 VIII
846 582 945 664 11,
988 582 1016 644 1
1072 589 1277 661 itaque
1312 589 1427 647 hoc
1460 589 1906 662 qenais-alitum
1953 589 2283 648 nemorosis
2323 593 2382 647 et
2419 590 2635 664 parvis

341 695 568 767 insulis,
616 696 825 767 quales
870 694 1153 754 obiacent
1198 694 1437 768 Italiae,
1478 693 1774 768 facillime
1820 696 2182 755 continetur.
2613 705 2616 708 ’

516 799 611 859 Ad
679 798 1154 860 admissuram
1218 799 1390 861 haec
1457 802 1774 861 minores
1838 800 2065 861 bimae
2130 819 2268 861 non
2334 801 2635 862 idoneae

341 924 468 966 nec
514 909 651 967 iam
697 908 1006 967 maiores
1055 906 1250 985 natu]
1291 909 1464 969 Haec
1502 927 1574 968 ex
1605 908 1924 987 archetypo
1956 907 2282 969 Politianus
2320 906 2635 988 adnotavit,

343 1031 457 1073 non
506 1016 645 1087 hac,
693 1023 760 1074 ut
805 1014 958 1093 apud
1009 1014 1341 1075 Gesnerum
1387 1014 1620 1094 legitur.
1697 1017 1840 1076 item
1887 1015 1968 1075 111
2006 1013 2065 1095 9,
2108 1012 2187 1077 18
2235 1018 2391 1076 haec
2436 1019 2634 1077 novis-⁴

343 1124 556 1200 simae,
625 1117 726 1202 16,
765 1117 806 1181 6
834 1123 1008 1182 'haec
1055 1129 1124 1182 ut
1167 1124 1470 1183 hominum
1518 1125 1822 1196 civitateS,
1892 1118 1994 1203 16,
2035 1119 2114 1183 17
2165 1122 2237 1182 de
2284 1121 2427 1182 alvis
2479 1124 2636 1182 haec

342 1234 806 1302 commoventur,
837 1227 939 1288 ubi
975 1230 1078 1289 hic
1107 1236 1557 1290 commoventur
1596 1231 1658 1289 in
1697 1227 1899 1289 codice
1942 1228 2069 1289 fuit.
2118 1232 2338 1289 trimae
2367 1227 2638 1309 UrsinuS‚

344 1334 497 1414 quod
564 1334 834 1414 probavit
890 1334 1310 1395 SchneideruS.
1406 1353 1540 1395 nam
1609 1334 1755 1396 haec
1821 1342 1980 1395 aetas
2036 1330 2107 1395 ab
2165 1334 2295 1395 aliis
2353 1334 2640 1396 tribuitur

342 1441 684 1523 pavonibus,
730 1441 974 1502 Aristot.
1022 1440 1159 1502 hist.
1207 1443 1381 1502 anim.
1424 1440 1492 1501 VI
1533 1440 1593 1523 9,
1632 1439 1716 1504 47
1768 1431 1803 1503 ὁ
1854 1435 1929 1503 δὲ
1974 1433 2149 1514 ται-ὸς
2197 1438 2268 1523 ζῇ
2316 1435 2440 1522 μὲν
2488 1437 2639 1521 περὶ

342 1542 534 1608 πέντε
580 1541 692 1608 καὶ
739 1549 991 1608 εἴκοσιν
1040 1546 1174 1627 ἔτη,
1220 1546 1426 1631 γεννᾷ
1473 1542 1549 1610 δὲ
1594 1542 1850 1628 τριέτης
1895 1543 2200 1628 μάλιστα,
2249 1548 2476 1609 Colum.
2510 1547 2638 1608 VIII

347 1651 444 1733 11,
480 1651 522 1714 5
588 1656 703 1715 hoc
763 1673 957 1730 ¹qenus
1022 1658 1248 1730 avium,
1298 1674 1436 1715 cum
1502 1660 1813 1716 trimatum
1869 1658 2155 1732 explevit,
2215 1659 2433 1732 optime
2493 1674 2638 1733 pro-

339 1768 614 1836 qenerat,
652 1764 947 1836 siquidem
995 1765 1267 1824 tenerior
1312 1769 1484 1823 aetas
1532 1770 1642 1822 aut
1685 1765 1911 1824 sterilis
1958 1769 2069 1822 aut
2096 1780 2324 1839 parum
2363 1762 2640 1839 fecunda

345 1875 454 1942 est,
516 1866 665 1927 Plin.
704 1866 758 1927 X
802 1864 923 1929 161
976 1886 1136 1945 pavo
1193 1888 1232 1930 a
1289 1873 1538 1930 trimatu
1589 1872 1792 1947 parit,
1832 1873 2035 1947 primo
2082 1889 2245 1931 anno
2301 1887 2486 1931 unum
2534 1876 2641 1930 aut

346 1978 604 2036 alterum
651 1992 842 2049 ovum,
886 1980 1164 2051 sequenti
1207 1985 1511 2052 quaterna
1557 1979 1844 2051 quinave,
1893 1980 2114 2038 ceteris
2163 1979 2471 2051 duodena,
2520 1994 2639 2036 non

347 2085 619 2158 ampliuS,
658 2085 1057 2143 intermittens
1104 2085 1275 2144 binos
1323 2086 1450 2144 dies
1489 2090 1766 2143 ternosve
1803 2087 1994 2159 parit,
2034 2101 2284 2162 geopon.
2314 2082 2443 2142 XIV
2479 2080 2577 2163 18,
2599 2079 2640 2143 3

343 2194 613 2266 τριετεῖς
659 2180 734 2249 δὲ
781 2184 855 2248 αι’
911 2180 1182 2268 θήλειαι
1236 2181 1595 2270 γενόμεναι
1648 2188 2021 2267 τίκτουσιν,
2069 2185 2145 2249 αἰ
2197 2181 2270 2249 δὲ
2326 2181 2642 2267 νεώτεραι

343 2282 384 2372 ἢ
432 2287 558 2355 οὐκ
614 2288 1050 2374 ἐκβάλλουσιν
1095 2287 1137 2375 ἥ
1187 2289 1311 2357 οὐκ
1358 2291 1754 2379 ἐκτρέφουσι
1799 2287 1879 2356 τὰ
1925 2289 2205 2357 νεόττια.

523 2399 565 2462 3
631 2400 734 2461 Ita
782 2408 860 2463 ut
905 2403 973 2461 in
1031 2401 1274 2463 fetura
1322 2402 1439 2463 det
1494 2401 1800 2463 uberius
1848 2409 2225 2483 antequam
2274 2402 2490 2464 salire
2538 2404 2641 2463 in-

350 2493 622 2589 cipiant
693 2508 817 2569 has
890 2527 923 2569 a
994 2518 1472 2588 procuratore
1548 2515 1804 2570 ternos
1877 2508 2117 2589 pullos
2193 2510 2451 2590 exigit]
2517 2513 2642 2572 Hos

347 2617 587 2678 Merula.
662 2619 844 2678 detur
888 2619 1138 2679 uberius
1186 2625 1246 2679 et
1291 2624 1433 2679 ante
1478 2635 1662 2693 quam
1706 2621 1897 2679 salire
1944 2621 2258 2695 incipiant.
2332 2621 2383 2679 is
2422 2638 2461 2679 a
2493 2638 2637 2696 pro-

348 2732 641 2786 curatore
678 2731 883 2785 ternos
922 2728 1120 2801 pullos
1159 2728 1353 2801 exiqit
1391 2724 1712 2786 IncunduS.
1789 2724 1899 2786 det‘
1934 2727 2184 2786 uberius
2223 2733 2281 2788 et
2318 2733 2641 2802 antequam

347 2832 661 2892 Victorius
754 2829 1017 2891 maribus
1081 2839 1218 2892 ante
1284 2832 1677 2892 admissuram
1737 2831 2054 2910 largiorem
2119 2832 2319 2894 cibum
2385 2833 2511 2893 dari
2580 2835 2642 2891 in

348 2937 609 2999 secundo
657 2936 808 2997 libro
856 2937 929 2998 de
975 2938 1307 3017 pecudibus
1346 2938 1571 3000 dictum
1610 2944 1706 2999 est
1745 2939 1999 3019 saepiuS,
2038 2936 2097 3018 2,
2131 2935 2233 2999 13.
2263 2934 2322 3019 5,
2357 2935 2454 2999 12.
2495 2936 2554 3015 8,
2582 2935 2641 3000 4.

348 3046 506 3106 idem
552 3047 616 3105 in
662 3045 992 3125 pavonibus
1048 3045 1190 3106 facit
1238 3046 1410 3106 Seius
1424 3095 1442 3128 ‚
1488 3053 1557 3107 ut
1611 3050 1672 3106 in
1722 3044 1937 3121 fetura
1994 3048 2094 3105 det
2147 3046 2420 3119 uberius,
2477 3051 2643 3105 ante-

348 3171 529 3229 quam
576 3156 768 3214 salire
813 3156 1126 3229 incipiant.
1220 3172 1356 3213 nam
1403 3152 1473 3213 ad
1533 3153 1787 3213 feturam
1846 3153 2021 3212 etiam
2076 3150 2403 3212 admissura
2459 3160 2521 3210 et
2575 3169 2643 3211 ea

349 3279 498 3339 quae
547 3258 895 3320 admittendi
943 3276 1118 3319 causa
1167 3267 1453 3338 parantur
1498 3261 1822 3340 pertinent.
1897 3257 2110 3319 deinde
2160 3259 2373 3337 scripsi
2423 3261 2484 3318 in
2531 3260 2644 3318 has

348 3387 386 3429 a
424 3373 844 3445 procuratore
889 3371 1093 3427 ternos
1131 3370 1331 3443 pullos
1378 3370 1597 3443 exiqit,
1658 3365 1814 3445 quod
1872 3365 2207 3425 accuratius
2265 3363 2490 3425 dictum
2552 3372 2643 3425 est

348 3481 554 3555 postea
602 3472 643 3550 ἓ
683 3471 723 3535 6
769 3477 826 3534 si
870 3476 930 3535 in
976 3476 1247 3550 sinqulos
1294 3481 1497 3535 ternos
1544 3476 1823 3549 exiqeret
1860 3476 2077 3549 pullos.

528 3579 616 3640 Ut
672 3578 863 3639 nulla
920 3582 1078 3640 ouis
1135 3579 1321 3641 hunc
1379 3579 1824 3659 adsequatur
1888 3576 2237 3655 fructum]
2286 3581 2467 3640 Nulla
2515 3582 2644 3640 avis

350 3689 581 3767 scripsi.
673 3704 747 3746 ex
811 3687 884 3746 iis
949 3686 1154 3747 avibus
1221 3705 1371 3765 quae
1436 3689 1498 3747 in
1565 3687 1801 3745 aviariis
1867 3684 2108 3745 aluntur
2173 3684 2331 3745 nulla
2392 3683 2642 3745 similem

353 3796 616 3855 fructum
663 3793 780 3853 fert
827 3800 1002 3871 atque
1051 3812 1215 3873 pava.
1300 3811 1435 3854 nam
1482 3794 1984 3873 comparationem
2034 3810 2171 3852 cum
2219 3791 2444 3873 ovibuS‚
2492 3810 2642 3871 quae

354 3901 504 3962 facta
553 3907 680 3960 erat
725 3898 805 3960 111
844 3898 903 3980 2,
947 3898 1046 3983 11,
1092 3901 1205 3961 hoc
1253 3900 1383 3961 loco
1432 3903 1691 3980 ineptam
1740 3917 1871 3960 esse
1919 3906 2181 3978 apparet.

529 4005 573 4067 4
638 4006 782 4067 Oua
830 4009 1000 4068 emit
1057 4026 1135 4068 ac
1192 4008 1535 4087 supponit
1592 4006 1884 4085 gallinis
1951 4024 2031 4065 ex
2099 4004 2359 4084 quibus
2416 4023 2494 4065 ex
2551 4007 2644 4066 iis

267 4179 273 4185 ,
354 4132 661 4175 excusos
707 4113 945 4193 pullos
991 4114 1222 4175 refert
1277 4113 1778 4175 intestabilem
1825 4131 1973 4174 eam
2018 4115 2088 4173 in
2148 4130 2278 4191 qua
2324 4130 2645 4190 pauones

354 4219 591 4307 habet]
651 4222 750 4280 Ex
788 4223 1004 4296 quibus
1052 4241 1132 4283 ex
1168 4224 1261 4282 his
1293 4225 1489 4299 pullos
1543 4239 1829 4282 excussos
1887 4218 2097 4295 refert.
2183 4224 2244 4279 in
2301 4224 2522 4279 tectum
2580 4222 2648 4280 id
2702 4291 2707 4295 ,

358 4332 417 4389 in
464 4346 580 4403 quo
620 4345 888 4403 pavones
942 4330 1122 4389 habet
1180 4327 1431 4408 Merula,
1480 4326 1582 4388 ubi
1640 4343 1926 4388 excussos
1965 4329 2163 4402 pullos
2218 4323 2415 4400 refert
2470 4329 2533 4385 in
2581 4329 2649 4387 id

361 4442 578 4496 tectum
623 4432 958 4514 IucunduS‚
1005 4454 1084 4495 ex
1130 4437 1226 4514 his
1271 4433 1588 4495 delendum
1639 4441 1697 4493 et
1744 4452 1814 4492 ex
1865 4427 2147 4493 ‘vetustis
2195 4426 2531 4491 codicibus'
2581 4436 2643 4493 in

363 4544 716 4602 testudinem
764 4558 896 4601 eam
945 4544 1008 4601 in
1054 4560 1175 4616 qua
1223 4539 1604 4602 scribendum
1655 4538 1905 4601 Ursinus
1955 4533 2266 4599 adnotavit.
2340 4538 2645 4619 archetypi
