3178 5185
831 430 1091 484 RERVM
1130 430 1609 485 RVSTICARVM
1646 431 1781 485 LIB.
1821 432 1845 484 I
1885 427 2143 484 24—26
2545 421 2628 486 75

341 592 653 663 praecepta
696 583 938 645 Catonis
976 584 1049 645 de
1091 585 1419 647 sationibus
1456 586 1957 665 commemoravit,
1993 585 2110 644 iam
2150 583 2356 645 Scrofa
2397 604 2466 646 60
2506 604 2628 646 ser-

343 707 506 750 mone
566 702 855 771 suscepto
912 692 1091 752 adicit
1146 711 1296 771 quae
1353 700 1663 771 praeterea
1723 691 2050 775 abeodem
2098 694 2389 771 scriptore
2440 711 2507 753 ea
2554 691 2627 752 (16

339 814 399 855 re
434 808 759 877 praecepta
799 807 985 860 erant.
1061 798 1334 860 similiter
1381 798 1453 860 de
1495 798 1714 860 Catone
1755 801 1975 880 scripta
2014 807 2155 860 sunt
2190 798 2355 882 haec,
2392 796 2552 882 122,
2587 795 2629 860 5

339 906 634 965 dicuntur
681 907 761 966 ab
809 909 1018 966 eodem
1062 910 1381 982 scriptore.

510 1011 622 1072 Ibi
689 1012 941 1073 oculos
998 1011 1427 1073 harundinis
1484 1012 1704 1093 pedes
1768 1022 2017 1073 ternos
2073 1012 2291 1073 altum
2348 1012 2429 1074 ab
2487 1013 2628 1073 alio

337 1120 477 1178 seri
527 1130 772 1199 aptam
818 1138 974 1180 esse
1022 1121 1316 1198 utrique
1364 1119 1607 1180 eadem
1653 1120 1805 1180 fere
1853 1118 2244 1197 culturam]
2303 1123 2504 1181 Alium
2551 1123 2628 1181 ab

338 1228 453 1285 alio
501 1235 565 1286 et
614 1226 829 1287 deinde
886 1229 1139 1288 eandem
1185 1226 1426 1287 Merula.
1500 1225 1618 1288 Cat
1662 1224 1730 1307 6,
1767 1224 1809 1287 3
1864 1229 1952 1287 ibi
2003 1230 2208 1287 oculos
2261 1229 2630 1287 harundinis

332 1334 514 1407 pedes
575 1340 783 1394 ternos
839 1337 1024 1394 alium
1082 1336 1158 1394 ab
1215 1337 1338 1394 alio
1392 1338 1596 1395 serito.
1673 1337 1760 1395 ibi
1813 1335 2145 1395 corrudam
2198 1336 2411 1407 serito,
2469 1336 2631 1395 unde

339 1442 643 1514 asparayi
679 1444 854 1513 fiant.
929 1459 1070 1501 nam
1116 1444 1396 1502 convenit
1438 1444 1914 1502 harundinetum
1953 1458 2090 1501 cum
2127 1442 2419 1501 corruda.
2492 1439 2628 1499 inde

222 1573 229 1580 ·
340 1545 755 1624 supplementa
801 1549 1008 1626 petivit
1044 1546 1365 1630 IucunduS,
1413 1566 1591 1626 quem
1630 1547 1843 1608 deinde
1882 1546 2099 1624 reliqui
2140 1546 2401 1606 editores
2441 1548 2630 1607 secuti

338 1660 502 1734 sunt,
565 1655 656 1714 ibi
700 1657 905 1715 oculos
946 1687 1023 1696 —
1065 1658 1216 1730 seri,
1273 1657 1361 1716 ibi
1412 1673 1649 1731 quoque
1703 1656 2062 1727 corrudam,
2117 1655 2280 1714 unde
2335 1656 2635 1730 asparayi

334 1760 518 1833 fiant,
580 1768 785 1836 aptam
844 1780 975 1848 esse
1028 1765 1273 1837 utrique
1327 1765 1581 1823 eandem
1627 1760 1767 1837 fere
1823 1765 2146 1822 culturam.
2223 1777 2418 1848 neque
2476 1759 2640 1820 credi

343 1872 543 1944 potest
589 1875 907 1947 praecepta
956 1866 1196 1928 Catonis
1251 1886 1284 1927 a
1330 1867 1593 1929 Varrone
1650 1870 1731 1928 ita
1787 1867 2089 1928 deminuta
2148 1885 2308 1950 esse,
2367 1875 2436 1927 ut
2491 1884 2641 1945 quae

344 1970 414 2031 ab
471 1972 574 2032 illo
623 1974 697 2033 de
755 1976 1056 2040 communi
1112 1975 1344 2037 cultura
1404 1975 1693 2036 corrudae
1751 1985 1810 2036 et
1868 1975 2137 2054 asparagi
2194 1976 2416 2055 scripta
2469 1984 2640 2034 erant

343 2079 411 2139 ad
449 2082 761 2141 cacumina
804 2082 1163 2162 populorum
1203 2091 1264 2144 et
1299 2082 1765 2144 harundinetum
1803 2082 2171 2143 transferret.
2239 2082 2438 2159 itaque
2479 2080 2635 2141 lacu-

345 2203 478 2246 nam
528 2187 803 2249 indicavi.

524 2298 712 2354 XXVI
776 2294 1029 2356 Ridica
1096 2298 1273 2382 uitis
1328 2315 1361 2357 a
1414 2298 1942 2376 septemtrione
2000 2313 2258 2356 uersus
2315 2294 2636 2375 tegatur]

349 2402 452 2460 Ad
493 2406 975 2478 septemtrionem
1013 2421 1072 2463 m
1110 2412 1169 2463 et
1207 2403 1586 2464 Florentinus
1626 2402 1812 2464 codex
1851 2410 1911 2464 et
1950 2402 2105 2462 edita
2145 2402 2282 2462 inde
2322 2401 2394 2463 ab
2431 2402 2638 2463 Aldina

347 2507 604 2568 editione
662 2509 1038 2588 exemplaria.
1114 2513 1353 2586 figatur
1411 2528 1468 2569 m
1527 2519 1586 2571 et
1643 2518 1949 2572 corrector
2007 2508 2337 2576 Florentini
2401 2509 2641 2591 codiciS,

347 2614 503 2692 quod
554 2615 855 2677 Iucundus
907 2619 1151 2696 recepit.
1228 2625 1475 2694 tegatur
1531 2636 1605 2678 ex
1660 2617 1830 2678 libris
1877 2616 2159 2695 Angelius
2207 2618 2492 2679 restituit.
2566 2618 2639 2679 de

350 2720 554 2781 eadem
600 2741 668 2782 re
716 2721 1038 2785 Columella
1086 2724 1158 2784 lv
1204 2721 1310 2805 16,
1350 2722 1391 2786 2
1449 2724 1661 2785 scribit
1719 2728 1889 2800 isque
1934 2728 2119 2800 palus
2167 2727 2484 2800 ponendus
2536 2732 2640 2800 est,

347 2835 414 2888 ut
449 2827 763 2904 friyorum
809 2838 870 2892 et
913 2835 1261 2907 aquilonum
1308 2834 1582 2909 excipiat
1628 2835 1973 2893 violentiam
2012 2834 2305 2906 vitemque
2333 2839 2638 2908 proteqat.

522 2934 610 2996 Et
676 2938 737 2996 si
802 2956 1191 3015 cupressos
1267 2940 1475 2999 1111135
1539 2957 1667 3017 pro
1732 2939 1991 3000 ridicis
2066 2954 2238 3015 quas
2303 2939 2641 2999 inserunt

349 3040 669 3103 alternos
734 3043 1026 3105 ordines
1092 3047 1471 3124 imponunt
1529 3064 1757 3124 neque
1828 3063 1947 3105 eos
2012 3060 2351 3104 crescere
2417 3043 2639 3105 altius

351 3167 546 3227 quam
597 3142 869 3210 ridicas
915 3153 1289 3230 patiantur
1344 3170 1575 3231 neque
1623 3145 1931 3232 proptfer
1987 3168 2106 3210 eos
2162 3159 2239 3210 ut
2293 3150 2641 3212 adserunt

352 3253 573 3332 uites]
606 3256 770 3316 Etsi
803 3275 1120 3334 cupressos
1157 3262 1324 3318 vivas
1352 3277 1473 3335 pro
1503 3262 1723 3320 ridicis
1761 3263 2055 3331 inserunt,
2094 3261 2362 3318 alternos
2393 3260 2639 3319 ordines

350 3365 682 3438 imponunt,
748 3345 950 3438 neque¹
1005 3383 1110 3426 eas
1175 3384 1459 3427 erescere
1516 3369 1700 3427 altius
1757 3382 1938 3440 quam
2002 3366 2238 3424 ridicas
2289 3368 2638 3445 patiuntur,

303 3469 315 3477 '⁴
350 3487 540 3543 neque
582 3477 838 3545 propter
884 3488 988 3531 eas
1034 3473 1331 3532 adserunt
1375 3476 1524 3533 vites
1569 3472 1893 3532 Iucuudus,
1969 3488 2162 3545 neque
2202 3478 2458 3548 propter
2509 3475 2640 3532 olus

351 3579 644 3637 adserunt
688 3579 838 3636 vites
882 3566 1229 3639 Pontedera
1265 3598 1320 3657 p.
1363 3576 1519 3657 122,
1576 3578 1735 3658 quod
1786 3577 2188 3638 Schneiderus
2247 3579 2490 3656 recepit.
2564 3577 2637 3638 (16

351 3700 459 3742 11511
524 3701 951 3762 cupressorum
1016 3686 1077 3744 in
1134 3687 1322 3745 vineis
1379 3684 1542 3745 solus
1599 3684 1844 3746 Plinius·
1886 3682 2094 3745 scribit
2144 3682 2271 3742 XVl
2325 3682 2451 3744 140
2517 3687 2636 3746 duo

346 3808 577 3863 ⁴qenera
624 3807 859 3865 earum,
906 3798 1063 3851 meta
1110 3795 1172 3852 in
1212 3791 1534 3868 fastiyium
1581 3796 1919 3866 convoluta,
1966 3808 2125 3866 quae
2162 3797 2222 3851 et
2250 3789 2484 3866 femina
2532 3809 2636 3867 ap·

343 3900 609 3972 pellatur
616 3916 644 3968 ;
701 3914 834 3957 mas
878 3903 1116 3974 sparqit
1172 3905 1354 3959 extra
1408 3917 1474 3959 se
1528 3917 1735 3960 ramos
1791 3902 2244 3974 deputaturque
2299 3904 2357 3957 et
2412 3900 2641 3974 accipit

352 4006 540 4064 vitem.
616 4002 823 4083 Varro,
870 4005 1027 4081 siqui
1074 4003 1164 4064 his
1213 4004 1528 4065 arboribus
1574 4023 1686 4083 pro
1734 4004 1938 4065 ridicis
1988 4011 2232 4065 utantur
2272 4012 2333 4062 et
2374 4004 2503 4063 eius
2550 4005 2638 4062 rei

354 4127 528 4169 causa
576 4108 840 4170 alternos
887 4108 1126 4171 ordines
1175 4129 1598 4190 cupressorum
1645 4114 1969 4191 imponant,
2021 4128 2122 4169 eos
2169 4111 2230 4168 in
2277 4107 2370 4168 his
2416 4107 2637 4168 ordini-

352 4214 459 4275 bus
506 4215 654 4277 illud
703 4214 1020 4276 observare
1069 4216 1229 4299 dicit,
1277 4235 1353 4277 ne
1399 4216 1573 4278 altius
1622 4226 1911 4296 crescant,
1957 4233 2131 4295 quam
2170 4214 2390 4285 ridicae
2427 4217 2636 4276 vitium

355 4340 480 4382 esse
537 4323 761 4402 solent,
818 4340 965 4382 neve
1021 4340 1205 4402 prope
1262 4326 1425 4404 ipsos
1483 4323 1764 4384 arborum
1829 4322 2068 4383 ordines
2133 4327 2409 4382 serantur
2469 4324 2637 4404 vites,

355 4446 495 4507 quas
542 4429 616 4489 ad
664 4427 901 4489 illarum
948 4447 1145 4490 ramos
1182 4430 1522 4510 *deputatos
1581 4438 1649 4490 ut
1694 4432 1775 4489 ait
1818 4428 2073 4508 Plinius,
2131 4426 2368 4507 alligare
2414 4429 2635 4491 volunt.

350 4537 544 4616 itaque
585 4535 895 4616 archetypi
934 4537 1292 4616 scripturam
1330 4538 1585 4618 restitui,
1626 4536 1730 4597 sed
1768 4542 1834 4597 ut
1872 4538 2169 4598 adserant
2204 4537 2433 4616 scripsi.
2500 4555 2637 4597 nam
