3178 5185
752 382 1016 437 RERVM
1053 381 1528 438 RVSTICARVM
1563 381 1816 464 LIB.V111
1859 372 1936 429 16
2387 382 2517 445 313
2617 440 2618 443 ,

257 551 418 628 pondo
462 550 800 630 decoquont
851 552 911 609 in
959 568 1144 629 aquae
1187 552 1416 627 congiis
1456 568 1577 630 sex,
1627 568 1772 629 quas
1811 558 2009 611 coctas
2047 552 2109 610 in
2149 551 2292 610 offas
2330 568 2516 628 prope

256 654 535 736 adponunt.
627 657 730 718 alii
790 676 1003 737 aquam
1062 657 1308 718 mulsam
1366 660 1426 718 in
1485 657 1739 717 vasculis
1794 676 1980 736 prope
2037 666 2103 718 ut
2164 659 2242 718 sit
2288 666 2517 738 curant,

257 767 303 823 in
344 783 475 842 quae
522 751 756 826 addunt
801 765 994 825 lanam
1042 783 1268 843 puram,
1316 783 1425 844 per
1472 783 1648 843 quam
1693 773 1923 845 sugant,
1972 784 2087 824 uno
2137 773 2403 842 tempore
2442 783 2516 845 ne

255 879 372 950 potu
416 873 658 932 nimium
709 872 1052 953 inpleantur
1098 880 1200 932 aut
1246 891 1321 932 ne
1369 872 1635 934 incidant
1682 875 1743 932 in
1790 891 2019 951 aquam.
2105 871 2332 950 singula
2381 891 2517 933 vasa

216 968 450 1055 5p0nu⁴nt
502 981 574 1039 ad
632 979 824 1058 alvos,
882 980 1028 1040 haec
1087 979 1458 1058 supplentur.
1550 979 1649 1039 alii
1704 998 1878 1039 uvam
1934 998 2164 1058 passam
2224 987 2282 1039 et
2338 979 2525 1046 ficum

253 1105 362 1147 cum
422 1089 746 1168 pisierunt‚
805 1087 1138 1147 adfundunt
1202 1104 1401 1166 sapam
1449 1094 1626 1165 atque
1675 1105 1748 1146 ex
1796 1104 1865 1145 eo
1914 1087 2097 1147 factas
2145 1089 2289 1146 offas
2338 1086 2513 1165 adpo-

254 1203 375 1253 nunt
425 1194 529 1275 ihi,
588 1213 710 1273 quo
761 1196 918 1254 foras
966 1194 1158 1253 hieme
1207 1196 1269 1253 in
1317 1192 1597 1272 pabulum
1647 1193 1971 1272 procedere
2022 1202 2217 1254 tamen
2265 1195 2512 1272 possint.

400 1300 541 1361 Cum
597 1319 848 1361 examen
905 1302 1203 1361 exiturum
1261 1309 1377 1380 est,
1435 1301 1592 1380 quod
1651 1301 1781 1361 fieri
1838 1301 2012 1383 solet,
2069 1320 2205 1362 cum
2260 1302 2504 1362 adnatae
2528 1302 2607 1358 29

249 1423 501 1484 prospere
558 1415 701 1467 sunt
751 1406 969 1467 multae
1018 1425 1083 1466 ac
1132 1409 1476 1486 progeniem
1524 1410 1585 1467 In
1636 1408 1925 1469 coloniam
1974 1411 2243 1470 emittere
2293 1409 2512 1487 volunt,

191 1531 228 1570 ιο
251 1521 302 1571 ut
334 1511 460 1572 olim
491 1512 704 1573 crebro
737 1513 941 1574 Sabini
970 1515 1386 1575 factitaverunt
1418 1523 1666 1594 propter
1697 1516 2137 1577 multitudinem
2170 1516 2512 1598 liberorum,

248 1617 399 1679 huius
444 1621 598 1698 quod
651 1621 769 1680 duo
819 1619 1011 1681 solent
1056 1623 1288 1699 praeire
1322 1620 1522 1702 signa,
1571 1625 1786 1683 scitur:
1837 1643 2038 1704 unum,
2089 1624 2244 1703 quod
2285 1626 2512 1702 superi·

249 1725 425 1786 oribus
470 1727 708 1809 diebus,
758 1730 1009 1788 maxime
1058 1730 1440 1810 vespertiniS,
1469 1716 1706 1807 lmultae
1755 1738 1889 1789 ante
1939 1731 2202 1790 foramen
2251 1738 2318 1790 ut
2367 1749 2512 1790 uvae

248 1831 369 1892 aliae
413 1852 481 1893 ex
527 1834 657 1895 aliis
705 1836 967 1915 pendent
1015 1835 1419 1916 conglobatam
1469 1836 1746 1917 alterum,
1794 1824 1979 1916 'quod,
2029 1856 2166 1897 cum
2211 1838 2324 1897 iam
2373 1857 2502 1898 evo·
2527 1836 2610 1894 30

251 1938 448 2001 laturae
488 1952 626 2004 sunt
673 1952 775 2003 aut
815 1932 990 2003 etiam
1029 1945 1401 2021 inceperunt,
1451 1938 1779 2003 consonant
1817 1943 2215 2026 vehementer,
2262 1945 2511 2024 proinde

192 2053 307 2106 15ut
347 2048 551 2109 milites
599 2050 842 2130 faciunt,
891 2068 1026 2111 cum
1070 2058 1260 2148 castra
1301 2059 1553 2111 movent.
1622 2069 1773 2130 quae
1812 2053 2002 2129 primo
2043 2071 2178 2112 cum
2219 2055 2513 2134 exierunt,

251 2155 299 2212 in
354 2167 664 2236 conspectu
725 2158 971 2219 volitant
1026 2158 1331 2240 reliquasj
1383 2177 1531 2237 quae
1592 2159 1853 2219 nondum
1911 2169 2298 2239 congregatae
2357 2170 2512 2241 suut,

253 2273 655 2348 respectanteS‚
713 2266 851 2326 dum
911 2267 1281 2327 conveniant.
1376 2264 1565 2343 [cum]
1617 2285 1648 2326 a
1697 2265 1960 2327 mellario
2009 2286 2143 2327 cum
2191 2268 2250 2327 id
2301 2269 2512 2328 fecisse

253 2376 371 2429 sunt
422 2373 883 2454 animadversae,
949 2373 1222 2434 iaciundo
1281 2375 1341 2432 in
1400 2392 1498 2433 eas
1553 2373 1798 2453 pulvere
1857 2381 1917 2433 et
1972 2375 2511 2436 circumtinniendo

375 2567 397 2613 1
455 2561 766 2633 decoquont
812 2563 995 2619 PAB
1044 2563 1367 2632 decoquunt
1413 2581 1445 2618 v
1593 2563 1802 2633 coctas]
1853 2565 2079 2619 coactas
2136 2565 2370 2621 Ursinus

253 2652 277 2699 2
326 2656 595 2719 apponunt
652 2654 831 2710 VAB
1011 2671 1184 2724 prope
1225 2656 1525 2723 posteriore
1580 2656 1695 2710 loco
1750 2671 1849 2710 om.
1896 2657 1951 2708 A
2122 2658 2186 2709 ut
2243 2655 2318 2709 sit
2361 2674 2393 2710 v
2450 2661 2513 2713 ut

252 2736 347 2804 sint
385 2740 434 2794 A
480 2743 543 2796 ut
589 2742 702 2797 sint
751 2743 868 2797 PB
1049 2746 1275 2812 currant
1311 2743 1366 2796 A
1547 2750 1578 2797 3
1635 2744 1695 2797 in
1742 2759 1885 2813 quae
1933 2746 1989 2798 B
2035 2744 2093 2798 in
2140 2760 2249 2812 que
2300 2746 2407 2799 PA
2453 2747 2512 2800 in

252 2842 395 2893 quam
425 2847 453 2883 v
594 2835 817 2901 puram]
860 2850 1165 2903 purpuram
1203 2832 1383 2887 PAB
1418 2848 1754 2902 purpuream
1789 2850 1822 2887 v
1966 2850 2135 2903 quam
2174 2852 2272 2889 om.
2314 2837 2367 2888 A

252 2920 424 2985 sugant
457 2921 574 2976 PB
612 2924 817 2992 sagant
851 2922 906 2976 A
945 2924 1152 2991 sugunt
1186 2939 1217 2976 υ
1362 2928 1396 2976 4
1431 2921 1775 2990 impleantur
1823 2922 1999 2975 VAB
2132 2928 2165 2977 5
2202 2925 2343 2979 haec
2380 2944 2508 2994 sup-

252 3004 440 3071 plentur
499 3010 609 3066 VB
674 3012 778 3065 hec
835 3009 1164 3079 subplentur
1219 3011 1274 3065 A
1455 3017 1486 3064 6
1552 3027 1679 3064 cum
1735 3010 2010 3079 pisierunt
2063 3013 2159 3065 Av
2218 3014 2509 3084 compisie-

254 3094 365 3147 runt
399 3096 507 3152 PB
543 3115 670 3153 cum
709 3102 1004 3168 pisuerunt
1040 3099 1122 3154 Α2
1160 3117 1282 3153 cum
1321 3098 1658 3169 pinsuerunt
1692 3117 1745 3154 m
1888 3100 2205 3155 adfundunt
2239 3103 2295 3157 A
2334 3101 2509 3156 affun-

253 3181 367 3238 dunt
412 3186 517 3241 VB
689 3188 858 3256 atque
910 3185 1025 3241 VB
1070 3188 1251 3255 adque
1299 3187 1354 3241 A
1524 3191 1815 3259 apponunt
1871 3189 2049 3243 VAB
2221 3197 2249 3244 7
2302 3192 2508 3257 ‘Quum

252 3268 374 3327 foras
414 3274 608 3344 hyeme
657 3278 764 3331 etc.
849 3275 1021 3331 Valde
1057 3294 1094 3330 a
1121 3278 1312 3345 priore
1350 3278 1570 3332 lectione
1618 3278 1765 3332 loeus
1810 3280 2128 3335 immutatus
2167 3300 2184 3334 .·
2220 3298 2351 3335 riam
2387 3298 2506 3336 sen-

251 3364 455 3434 tentiam,
490 3383 603 3421 non
638 3367 811 3420 uerba
855 3367 1047 3432 solum,
1084 3368 1363 3420 uariatam
1400 3368 1572 3421 habet.
1648 3367 1877 3423 Modica
1923 3371 1986 3424 iri
2031 3372 2135 3425 hac
2179 3388 2239 3424 re
2284 3371 2509 3425 licentia

252 3466 356 3507 usus
386 3471 497 3510 sum
526 3478 540 3511 z
570 3461 632 3510 ut
670 3462 853 3511 tamen
888 3456 1049 3523 fidem
1085 3472 1254 3509 meam
1293 3458 1557 3524 uoluam,
1598 3462 1825 3513 ueterem
1860 3460 1949 3514 hic
1975 3462 2309 3529 scripturam
2337 3464 2507 3531 adpo-

252 3554 377 3609 nam,
422 3549 467 3598 et
502 3546 638 3614 quid
674 3550 889 3599 secutus
927 3546 1054 3612 sim,
1105 3546 1353 3600 omnibus
1393 3547 1679 3614 aperiam:
1713 3548 2020 3615 Adponunt
2065 3549 2171 3620 ibi,
2222 3568 2331 3618 quo
2383 3567 2506 3605 oras

253 3625 416 3696 hyeme
467 3634 523 3687 in
577 3634 851 3704 pabulum
908 3636 1210 3704 procedere
1265 3637 1457 3690 tamen
1514 3638 1765 3705 possunt.
1850 3637 1949 3691 Ex
1996 3641 2339 3707 perturbatis
2393 3642 2508 3695 illis

252 3720 463 3790 uocibus,
509 3722 628 3788 Quo
683 3740 806 3777 oras
837 3745 849 3777 ε
886 3724 1063 3794 Quum
1098 3725 1254 3791 foras
1289 3726 1433 3791 finxi
1462 3748 1475 3779 z
1505 3730 1718 3781 caetera
1753 3732 1817 3781 ut
1852 3728 1969 3783 illic
2006 3735 2188 3797 erant,
2236 3748 2272 3784 α
2304 3732 2507 3797 priscis

249 3805 379 3863 libris
417 3814 643 3882 sumpsi’
698 3814 974 3869 Victorius
1116 3814 1286 3884 foras]
1335 3830 1460 3869 oras
1498 3815 1618 3869 AB
1667 3816 1834 3871 horas
1879 3816 1932 3870 V
2067 3819 2267 3887 hyeme
2317 3819 2368 3871 V

248 3898 430 3963 possint
474 3901 651 3957 VAB
701 3903 977 3959 Victorius
1016 3904 1080 3957 iri
1116 3903 1350 3958 editione
1384 3906 1622 3973 possunt
1657 3922 1711 3958 m
1749 3906 2044 3961 Iracundus

365 3994 394 4041 8
437 3990 671 4046 adnatae
729 3991 842 4046 VA
887 3993 1127 4047 annatae
1177 3993 1233 4045 B
1378 3999 1408 4046 9
1457 4010 1756 4063 prosperae
1801 3994 1856 4049 V
1993 4013 2058 4050 ac
2102 3997 2426 4066 progeniem
2472 4015 2504 4052 v

251 4089 302 4126 ac
332 4079 710 4148 progeniemue
740 4081 796 4134 P
828 4098 892 4135 ac
929 4082 1330 4150 progentemue
1367 4082 1488 4136 AB
1637 4090 1701 4137 13
1740 4085 2063 4139 euolaturae
2093 4088 2221 4141 sunt
2254 4103 2287 4140 v
2316 4088 2503 4141 euola-

253 4163 381 4220 tura'e
424 4169 529 4223 sint
567 4167 751 4222 PAB
933 4173 999 4222 15
1046 4168 1284 4241 faciunt]
1332 4170 1528 4226 facunt
1563 4172 1618 4227 A
1796 4177 2026 4241 fortasse
2073 4193 2213 4244 quae
2261 4175 2503 4245 primum

253 4250 468 4309 exierunt
617 4264 683 4314 16
735 4259 1110 4329 congregatae
1158 4261 1287 4313 sunt
1334 4260 1387 4313 V
1429 4263 1804 4332 congregatae
1848 4262 1961 4318 sint
1998 4265 2117 4319 AB
2265 4270 2327 4318 17
2378 4283 2504 4319 cum

255 4354 282 4391 a
310 4342 524 4401 miliario
561 4347 805 4417 (milario
843 4350 919 4417 B)
960 4365 1088 4401 cum
1125 4348 1183 4402 id
1219 4348 1416 4405 fecisse
1448 4352 1566 4405 AB
1607 4370 1731 4407 cum
1769 4370 1804 4407 a.
1840 4354 2094 4409 mellario
2132 4354 2192 4407 id
2219 4354 2420 4409 fecisse
2458 4356 2511 4409 V

285 4515 294 4525 .
402 4440 460 4488 18
507 4438 735 4505 puluere
796 4438 915 4492 PB
968 4440 1257 4508 puluerem
1313 4440 1474 4496 Amv
1658 4442 2115 4498 circumtiniendo
2162 4445 2218 4499 A
2272 4445 2500 4500 circum·

261 4522 452 4577 emendo
486 4542 535 4579 m
1181 4571 1191 4581 „
1318 4544 1321 4546 ’
