3178 5185
548 374 678 439 308
1454 390 1455 393 ’
1533 378 1907 434 VARRONIS

549 547 822 605 sestertia
862 565 931 606 ex
972 547 1143 607 melle
1184 549 1453 625 recipere
1493 564 1625 605 esse
1665 545 1887 627 solitoS,
1927 565 2063 607 cum
2102 549 2188 607 eis
2227 556 2287 608 et
2327 546 2471 607 velle
2512 556 2857 628 expectare,

550 659 616 710 ut
683 670 790 712 suo
848 656 1048 732 potius
1107 662 1374 732 tempore
1431 662 1826 713 mercatorem
1882 653 2290 736 admitterent,
2357 673 2534 733 quam
2592 655 2857 716 celerius

549 758 756 819 alien0.
848 760 953 820 Dic
1001 763 1200 841 igitur,
1249 762 1462 841 inquit,
1510 759 1615 820 ubi
1663 768 1723 819 et
1770 762 1943 820 cuius
1990 761 2150 821 modi
2198 780 2290 820 me
2340 762 2533 821 facere
2575 771 2858 840 oporteat

457 866 865 949 1⁶2alvarium,
922 876 989 928 ut
1044 886 1288 945 magnos
1344 869 1568 946 capiam
1613 869 1858 928 fructus,
1951 867 2084 947 Ille,
2137 867 2471 929 Melittonas
2519 870 2601 929 ita
2650 870 2855 929 facere

548 982 807 1054 oportet,
883 993 1032 1054 quos
1099 975 1195 1035 alii
1261 973 1636 1053 melitrophia
1702 946 2024 1055 appellant,
2098 975 2343 1034 eandem
2410 994 2536 1035 rem
2604 976 2852 1054 quidam
2910 995 2933 1034 5

548 1080 828 1142 mellaria.
922 1085 1179 1161 primum
1223 1082 1549 1142 secundum
1594 1080 1783 1140 villam
1832 1083 2226 1161 potissimum,
2265 1080 2365 1141 ubi
2403 1100 2522 1142 non
2562 1092 2857 1143 resonent

507 1192 833 1268 .imagines
892 1185 1019 1270 (hic
1078 1191 1235 1249 enim
1293 1207 1473 1249 sonus
1532 1188 1744 1248 harum
1802 1188 1972 1267 fugae
2029 1190 2401 1249 existimatur
2457 1208 2588 1250 esse
2639 1209 2853 1269 proce-

549 1290 741 1380 rum),
808 1316 938 1357 esse
997 1305 1230 1376 oportet
1287 1315 1422 1356 aere
1483 1294 1597 1372 [et]
1667 1305 2020 1376 temperatO,
2086 1314 2281 1374 neque
2338 1304 2558 1357 aestate
2617 1298 2854 1358 fervido

549 1423 740 1483 neque
781 1405 973 1464 hieme
1014 1423 1129 1463 nou
1171 1405 1390 1482 apric0,
1443 1411 1506 1462 ut
1545 1410 1775 1480 spectet
1814 1405 2188 1481 potissimum
2227 1403 2297 1463 ad
2337 1403 2622 1464 hibernos
2658 1414 2854 1485 ortus,

548 1509 753 1589 [quae]
820 1529 1006 1589 prope
1082 1530 1145 1570 se
1202 1509 1328 1570 loca
1384 1509 1598 1569 habeat
1654 1528 1747 1589 ea,
1814 1509 1917 1570 ubi
1972 1509 2250 1588 pabulum
2309 1513 2388 1571 sit
2442 1512 2732 1591 frequens
2793 1520 2854 1572 et
2884 1532 2931 1568 ιο

454 1617 530 1674 13
555 1636 703 1696 aqua
759 1636 925 1695 pura.
1018 1619 1068 1677 si
1123 1617 1405 1696 pabulum
1462 1617 1728 1677 naturale
1786 1636 1904 1676 non
1962 1626 2077 1698 est,
2134 1636 2199 1677 ea
2256 1626 2492 1697 oportet
2539 1618 2853 1680 dominum

547 1743 773 1804 serere,
837 1743 989 1803 quae
1058 1727 1308 1785 maxime
1376 1732 1664 1784 secuntur
1720 1743 1876 1803 apes,
1980 1743 2046 1784 ea
2103 1735 2244 1808 sunt
2301 1743 2460 1806 rosa,
2528 1726 2853 1808 serpyllon,

481 1872 485 1876 -
546 1833 895 1913 apiastrum,
942 1851 1225 1912 papaver,
1275 1831 1423 1912 faba,
1470 1831 1618 1912 lenS,
1666 1834 1877 1910 pisum,
1926 1835 2200 1914 ocimum,
2248 1852 2549 1914 cyperum,
2596 1837 2850 1915 medice,

543 1941 795 1999 maxime
861 1943 1140 2019 cytisum,
1209 1939 1364 2018 quod
1433 1938 1763 1999 valentibus
1827 1939 2209 1999 utilissimum
2274 1949 2380 2001 est.
2483 1943 2707 2001 etenim
2775 1943 2848 2002 ab

544 2048 919 2125 aequinoctio
977 2066 1157 2108 verno
1215 2046 1428 2106 florere
1487 2047 1697 2124 incipit
1755 2054 1813 2106 et
1869 2055 2176 2124 permanet
2222 2047 2292 2106 ad
2342 2047 2594 2108 alterum
2643 2052 2847 2128 aequi·
2880 2064 2926 2104 15

452 2152 531 2208 14
553 2155 816 2214 noctium
857 2153 1282 2231 [autumnum].
1358 2152 1459 2212 sed
1502 2161 1568 2213 ut
1605 2152 1717 2212 hoc
1758 2155 2127 2231 aptissimum
2166 2155 2236 2214 ad
2277 2157 2588 2216 sanitatem
2627 2159 2849 2237 apium,

545 2263 631 2320 sic
691 2260 760 2321 ad
823 2262 1181 2322 mellificium
1242 2261 1526 2339 thymum.
1619 2269 1865 2339 propter
1921 2261 2033 2321 hoc
2083 2261 2346 2322 Siculum
2396 2262 2511 2322 mel
2561 2263 2676 2322 fert
2728 2263 2847 2341 pal-

544 2386 724 2449 mam,
791 2370 946 2447 quod
1013 2368 1098 2428 ibi
1163 2368 1431 2447 thymum
1493 2367 1718 2427 bonum
1783 2368 2065 2447 frequens
2131 2379 2236 2429 est.
2340 2371 2541 2448 itaque
2602 2371 2846 2448 quidam

543 2475 810 2554 thymum
867 2475 1241 2536 contundunt
1297 2477 1357 2534 in
1417 2473 1531 2553 pila
1592 2483 1651 2534 et
1707 2474 1942 2535 diluunt
1997 2477 2057 2534 in
2107 2495 2256 2555 aqua
2306 2475 2527 2554 tepida:
2584 2496 2655 2536 eo
2706 2496 2845 2537 con·

449 2581 528 2640 15
552 2591 841 2661 spergunt
893 2583 1088 2642 omnia
1121 2583 1460 2642 seminaria
1508 2583 1736 2642 consita
1784 2583 1982 2660 apium
2031 2601 2224 2643 causa.
2319 2584 2475 2662 quod
2524 2583 2596 2644 ad
2645 2583 2843 2646 locum
2872 2610 2921 2648 20

543 2691 828 2768 pertinet,
874 2690 987 2750 hoc
1036 2708 1224 2768 genus
1269 2691 1649 2769 potissimum
1698 2689 2036 2767 eligendum
2083 2691 2246 2750 iuxta
2295 2690 2505 2770 villam,
2554 2710 2675 2752 non
2725 2712 2841 2771 quo

682 3001 715 3049 4
752 2994 1076 3051 melittonas
1122 2993 1205 3050 ita.
1247 2996 1434 3050 facere
1472 2997 1695 3065 oportet
1740 2996 1874 3050 Gen.
1925 2996 2008 3049 II
2036 3000 2141 3062 20,
2187 3002 2223 3049 9
2368 3001 2433 3051 11
2482 2997 2531 3051 si
2568 2999 2838 3068 pabulum

539 3086 792 3141 naturale
832 3102 941 3140 non
978 3089 1065 3141 est
1100 3087 1249 3141 Ptin.
1289 3089 1393 3153 21,
1431 3089 1504 3141 70

650 3385 677 3433 1
715 3379 946 3445 fortasse
983 3396 1108 3433 cum
1136 3378 1349 3432 vellent
1377 3383 1671 3448 expectare
1782 3397 1906 3434 cum
1939 3379 2017 3434 eis
2048 3381 2226 3434 PAB
2256 3383 2375 3434 tum
2405 3398 2498 3436 eos
2525 3400 2557 3436 v
2670 3390 2702 3437 2
2741 3384 2834 3437 ad-

538 3468 828 3522 mitterent
872 3468 981 3522 VA
1034 3466 1416 3521 ammitterent
1452 3470 1508 3522 Β
1654 3485 1764 3537 qua
1810 3469 2045 3523 celerius
2086 3471 2137 3523 A
2283 3477 2315 3524 3
2360 3471 2545 3537 inquit
2593 3472 2709 3527 VB
2753 3473 2836 3526 in-

539 3557 675 3624 quid
713 3558 769 3612 A
876 3563 909 3610 4
945 3558 1269 3612 melittonas
1307 3575 1338 3611 v
1376 3557 1700 3613 mellitonas
1741 3559 1923 3613 PAB
2034 3565 2065 3613 5
2104 3559 2463 3629 melitrophia
2507 3560 2619 3616 VA
2656 3561 2835 3616 melli·

537 3646 765 3715 trophia
802 3647 858 3700 Β
1038 3648 1271 3701 eandem
1311 3664 1342 3701 v
1390 3647 1585 3702 eodem
1629 3648 1813 3701 PAB
1848 3664 1987 3702 corr.
2026 3650 2223 3703 eadem
2260 3649 2341 3703 A²
2522 3657 2551 3704 7
2602 3652 2835 3706 exisisti·

536 3737 724 3790 matur
778 3737 833 3789 A
1010 3753 1305 3804 procerum
1370 3753 1488 3790 esse
1551 3738 1616 3790 in
1673 3739 1922 3806 maryine
1974 3740 2238 3808 scriptum
2261 3768 2265 3772 Α
2292 3742 2356 3793 in
2410 3741 2465 3795 Β
2502 3783 2513 3795 .
2554 3742 2834 3810 protelum

537 3825 781 3895 Scaliyer
907 3830 939 3879 8
979 3841 1104 3879 aere
1144 3827 1201 3879 et
1234 3827 1549 3894 temperato
1588 3826 1705 3879 PA'
1742 3842 1868 3880 aere
1905 3828 2221 3897 temperato
2251 3831 2347 3883 Βυ
2475 3835 2507 3883 9
2545 3831 2748 3899 hyeme
2790 3830 2841 3882 V

700 3915 979 3984 hybernos
1029 3915 1080 3967 V
1242 3921 1305 3968 12
1361 3924 1624 3970 secuntur
1661 3917 1782 3971 AB
1829 3919 2135 3985 sequuntur
2183 3918 2236 3970 V
2392 3918 2680 3988 serpyllon
2716 3920 2833 3973 AB

538 4003 805 4072 serpillon
838 4005 892 4056 P
928 4004 1215 4073 serpillum
1244 4021 1275 4058 v
1388 4011 1454 4058 13
1494 4004 1731 4059 ocimum
1765 4006 1981 4074 ciprum
2019 4006 2269 4061 medicae
2298 4009 2355 4062 Β
2388 4014 2437 4062 et
2465 4009 2743 4077 adscripto
2771 4011 2834 4062 in

536 4147 782 4215 maryine
795 4148 839 4201 c'
862 4147 1117 4217 cypicum
1131 4147 1186 4199 P
1200 4106 1412 4217 0⁰1}ssss
1434 4148 1649 4203 medice
1661 4151 1715 4203 A
1735 4166 1993 4218 ocymum
2013 4149 2263 4205 medicae
2275 4168 2305 4204 v
2375 4156 2440 4204 14
2461 4149 2702 4220 cytisum
2714 4155 2766 4206 A
2777 4154 2833 4206 Β

537 4235 815 4305 cythisum
864 4236 917 4289 V
1039 4236 1190 4305 quod
1228 4237 1410 4292 minus
1449 4237 1769 4293 ualentibus
1818 4239 2052 4295 Ursinus
2172 4246 2237 4294 16
2276 4227 2605 4295 autumnum
2643 4244 2699 4296 Β
2737 4259 2830 4296 au-

537 4328 773 4379 tunnum
806 4326 861 4378 P
895 4328 1225 4380 autumnum
1264 4343 1401 4381 corr.
1434 4358 1500 4367 -
1535 4328 1595 4381 ni
1623 4328 1677 4380 A
1706 4330 2000 4398 autumpni
2026 4347 2080 4383 m
2108 4330 2374 4385 auctunni
2401 4348 2432 4385 v
2545 4339 2609 4386 17
2649 4334 2830 4387 melli-

536 4413 717 4468 fitium
754 4415 808 4467 A
935 4415 1204 4470 sicculum
1233 4417 1287 4468 A
1420 4422 1483 4470 18
1522 4416 1626 4487 ibi]
1667 4416 1789 4489 hibi
1817 4418 1873 4472 A
2001 4425 2065 4473 19
2106 4436 2171 4473 eo
2200 4422 2575 4490 conspergunt
2614 4422 2727 4477 VB
2763 4439 2829 4477 co

539 4505 914 4572 conspergunt
948 4506 1003 4557 A
1043 4521 1111 4558 ea.
1149 4507 1704 4574 consperguntA²m

408 4827 645 5040 ‘x
