3178 5185
553 372 685 436 302
1245 380 1626 437 COMMENT.
1665 380 1746 434 IN
1782 380 2159 435 VARRONIS

735 537 1169 597 Reconciliare
1215 537 1301 595 ad
1342 553 1515 595 usum
1562 554 1806 610 quaque
1851 554 1998 613 opus
2053 535 2192 596 libri
2247 554 2424 596 manu
2474 537 2710 616 scripti,
2757 553 2849 595 re·

560 647 928 704 conciliatae
986 646 1074 704 ad
1113 660 1287 703 suum
1333 641 1611 718 quaeque
1666 661 1814 720 opus
1861 641 2111 724 Merula,
2159 662 2309 722 quae
2361 643 2685 704 politianus
2734 661 2850 703 non

559 752 837 811 correxit.

731 862 892 918 XVII
931 853 965 918 1
1035 856 1229 917 Latis
1286 856 1554 917 tabulis
1613 859 1906 919 sortitio
1965 857 2052 918 sit
2111 857 2426 919 tribuum
2473 875 2550 918 ac
2613 858 2853 936 coepti

557 972 722 1026 sunt
778 983 809 1024 a
866 983 1223 1044 praecone
1280 966 1542 1024 recinii
1600 983 1804 1042 quem
1861 982 2187 1044 quaeque
2249 964 2481 1026 tribus
2530 965 2854 1045 fecerint

556 1069 883 1150 aedilem]
933 1072 1219 1133 Fecerint
1272 1070 1410 1131 libri
1467 1089 1644 1130 manu
1704 1073 1940 1152 scripti,
1990 1071 2281 1148 fecerunt
2334 1071 2510 1132 editio
2571 1072 2853 1150 princeps

556 1196 588 1238 a
635 1178 924 1239 Politiano
973 1197 1089 1241 non
1152 1187 1436 1238 correcta.
1530 1195 1569 1238 a
1623 1196 1936 1255 praecone
1991 1182 2345 1240 renuntiari
2397 1178 2551 1238 edita
2617 1177 2755 1238 inde
2822 1196 2855 1236 a

554 1287 829 1364 principe
878 1286 1139 1347 editione
1178 1284 1551 1365 exemplaria,
1600 1303 1639 1344 a
1677 1303 1991 1361 praecone
2037 1289 2239 1347 recini
2284 1285 2561 1362 Scaliger.
2639 1287 2857 1345 relatis

560 1393 782 1453 tabulis
829 1400 887 1452 et
935 1391 1146 1453 deinde
1209 1410 1252 1453 a
1298 1409 1611 1471 praecone
1666 1394 1928 1452 recitari
1969 1391 2372 1452 Mommsenus
2419 1391 2582 1452 Rom.
2635 1391 2858 1452 Staats-

537 1498 726 1559 *recht
772 1517 821 1558 v.
871 1497 949 1557 111
995 1518 1051 1577 p.
1089 1495 1216 1559 411
1272 1507 1392 1560 not.
1431 1494 1498 1578 6,
1557 1497 1636 1558 ib.
1685 1517 1735 1561 v.
1782 1497 1807 1555 1
1854 1516 1907 1576 p.
1949 1495 2107 1580 364,
2174 1505 2240 1559 ut
2305 1497 2608 1559 sollemnia
2673 1500 2858 1558 comi·

555 1609 773 1667 tiorum
822 1605 998 1667 verba
1048 1609 1529 1667 restituerentur.
1621 1609 1822 1667 recini
1866 1608 1916 1666 si
1973 1625 2178 1667 verum
2237 1612 2364 1687 est,
2410 1624 2543 1666 cum
2591 1603 2856 1665 ludibrio

552 1715 861 1792 praeconis
911 1715 1146 1773 nomina
1196 1712 1459 1773 tribuum
1508 1720 1568 1773 et
1615 1713 2062 1775 candidatorum
2110 1716 2416 1775 recitantis
2463 1713 2688 1772 dictum
2737 1720 2851 1773 est.

553 1820 655 1880 sed
706 1819 949 1899 pluralis
997 1838 1283 1880 numerus
1329 1838 1608 1895 quaeque
1652 1823 1849 1883 tribus
1889 1820 2158 1895 fecerint
2201 1820 2407 1881 dubito
2455 1838 2600 1880 num
2650 1819 2855 1897 negle-

552 1929 714 2006 genti
762 1928 1046 1987 orationis
1116 1927 1582 1988 conformatione
1644 1927 2011 1991 defendatur.
2106 1946 2298 2006 neque
2353 1925 2662 2006 pluraliter
2717 1944 2859 2005 pro·

555 2053 769 2094 nomen
818 2038 1071 2110 quisque
1117 2053 1148 2094 a
1196 2033 1456 2093 Varrone
1515 2033 1740 2093 dictum
1797 2041 1890 2094 est
1944 2036 2063 2097 nisi
2119 2042 2330 2095 neutro
2379 2028 2599 2114 genere
2647 2030 2774 2112 15,
2810 2030 2861 2093 4

554 2143 662 2201 ubi
730 2159 1009 2216 quaeque
1076 2140 1374 2233 facienda
1456 2148 1516 2200 et
1581 2139 1632 2199 11
1678 2138 1730 2222 1,
1774 2137 1854 2202 18
1921 2159 2038 2216 quo
2104 2159 2381 2217 quaeque
2454 2147 2722 2217 tempore
2787 2146 2863 2201 ut

558 2252 769 2309 ineant
806 2247 1027 2323 facere
1080 2254 1374 2324 oporteat.
1467 2248 1666 2326 itaque
1715 2249 1931 2326 scripsi
1992 2251 2191 2325 coepti
2245 2255 2388 2312 sunt
2445 2266 2484 2308 a
2537 2265 2861 2324 praecone

555 2358 770 2429 recini,
818 2373 993 2430 quem
1039 2373 1316 2430 quaeque
1362 2355 1563 2414 tribus
1605 2353 1832 2428 fecerit
1876 2358 2147 2416 aedilem.

733 2462 927 2533 Quod
977 2470 1044 2523 et
1092 2460 1554 2522 candidatum
1601 2469 1931 2521 nostrum
1978 2469 2367 2522 uenturum
2398 2459 2859 2538 sciebamus]

555 2570 637 2629 Et
686 2571 747 2629 in
806 2569 1233 2648 antiquissimis
1291 2567 1653 2629 editionibus
1714 2569 2000 2629 omissum
2063 2570 2328 2630 restituit
2389 2567 2719 2651 iucundus,
2779 2587 2860 2630 ea

561 2678 819 2736 coniecit
864 2675 1145 2758 UrsinuS‚
1202 2692 1270 2735 eo
1319 2674 1622 2735 Mercerus
1668 2677 1731 2735 in
1778 2674 1912 2737 Tac.
1961 2676 2149 2736 annal.
2197 2674 2277 2735 ΙΙΙ
2316 2673 2418 2737 42.
2511 2683 2863 2756 respectant

553 2784 596 2842 ii
636 2784 740 2862 qui
777 2789 1086 2842 remanent
1122 2783 1339 2842 ceteris
1379 2781 1823 2843 discedentibus
1860 2785 2074 2861 partim
2114 2791 2363 2862 propter
2403 2791 2864 2865 consurgente3‚

554 2891 769 2968 partim
815 2898 1133 2969 propterea
1174 2889 1330 2969 quod
1380 2907 1553 2949 suum
1603 2888 1976 2950 candidatum
2025 2897 2342 2949 venturum
2387 2907 2518 2950 esse
2561 2889 2862 2951 sciebant.

735 2995 776 3057 2
824 2996 1142 3057 Alterum
1191 2994 1374 3075 apud
1422 2994 1702 3073 plebem
1751 3002 1821 3055 et
1868 2997 2023 3056 sine
2072 2995 2314 3056 fructu
2363 2995 2484 3055 ubi
2529 2995 2860 3073 lymphae

556 3119 801 3181 aquam
848 3102 1254 3181 piscinibus
1302 3103 1582 3162 nostris
1633 3100 1985 3162 uillaticis
2024 3100 2472 3177 ministrant]
2506 3103 2862 3162 Piscinibus

558 3207 661 3267 AB
712 3217 773 3268 et
819 3208 1005 3269 codex
1046 3207 1443 3289 FlorentinuS,
1476 3211 1732 3284 piscinis
1780 3207 1963 3269 editio
2012 3210 2292 3288 princeps
2330 3226 2361 3268 a
2399 3208 2690 3269 Politiano
2733 3227 2861 3270 non

555 3322 823 3375 correcta
873 3324 932 3375 et
984 3334 1014 3375 e
1064 3314 1367 3376 codicibus
1415 3333 1472 3373 m
1521 3322 1579 3375 et
1628 3314 1936 3375 CaesenaS.
2028 3316 2089 3375 in
2139 3315 2458 3394 archetypo
2507 3318 2863 3391 piscinibus

556 3420 791 3481 videtur
838 3423 1127 3499 scriptum
1176 3420 1381 3500 fuisse,
1421 3420 1634 3480 deinde
1677 3428 2012 3482 correctum
2055 3424 2327 3497 piscinis.
2403 3438 2607 3480 verum
2648 3429 2861 3482 autem

564 3534 655 3587 est
694 3529 984 3603 piscibus,
1024 3545 1138 3586 non
1182 3530 1455 3607 piscinis,
1494 3525 1650 3605 quod
1700 3526 1890 3587 adhuc
1938 3528 1995 3586 in
2039 3526 2213 3587 editis
2252 3526 2689 3605 exemplaribus
2730 3529 2852 3590 suit

559 3651 693 3693 nam
742 3631 984 3694 villatici
1031 3634 1227 3712 pisces
1274 3633 1556 3694 dicuntur
1604 3634 1707 3721 qpi
1769 3635 1827 3692 in
1883 3634 2129 3712 piscinis
2185 3652 2369 3712 prope
2429 3632 2620 3693 villam
2680 3635 2863 3696 factis

554 3738 865 3800 habentur.
957 3747 1266 3819 praeterea
1331 3757 1450 3800 non
1515 3744 1648 3800 sine
1715 3738 1933 3814 fructu
2010 3741 2225 3819 scripsi
2300 3759 2371 3800 ex
2437 3740 2862 3802 emendatione

557 3846 824 3927 Gesneri‚
870 3851 1129 3908 alterum
1177 3849 1347 3923 apud
1380 3849 1616 3922 plebem
1663 3854 1724 3907 et
1766 3864 1887 3907 non
1924 3850 2063 3907 'sine
2103 3845 2339 3922 fructu,
2386 3849 2494 3907 ubi
2538 3846 2865 3924 Lymphae

555 3973 776 4030 aquam
816 3957 1087 4032 piscibus
1133 3957 1355 4014 nostris
1401 3957 1686 4014 villaticis
1732 3956 2094 4014 ministrant.

737 4060 1130 4122 Maritimae
1197 4062 1521 4138 piscinae
1594 4059 1944 4120 nobilium
2016 4059 2278 4139 quibus
2339 4067 2706 4138 neptunus
2783 4072 2865 4123 ut

556 4186 801 4247 aquam
849 4177 918 4227 et
965 4166 1289 4247 piscibus
1340 4166 1732 4245 ministrat]
1791 4170 1863 4229 Ut
1918 4185 2141 4242 aquam
2193 4170 2285 4228 sic
2331 4174 2391 4227 et
2427 4170 2633 4244 pisces
2692 4168 2864 4230 edita

555 4274 692 4335 inde
740 4274 811 4334 ab
860 4273 1067 4334 Aldina
1116 4274 1373 4334 editione
1424 4274 1795 4352 exemplaria.
1889 4282 1948 4336 et
1983 4292 2206 4349 aquam
2262 4281 2324 4334 et
2369 4263 2559 4350 piscis
2617 4276 2867 4354 scripsi.

556 4399 689 4440 nam
746 4391 812 4440 ut
874 4382 937 4440 in
1003 4380 1187 4440 altero
1253 4398 1472 4458 genere
1538 4382 1931 4461 piscinarum,
1997 4380 2152 4460 quod
2219 4379 2376 4460 apud
2438 4378 2677 4458 plebem
2748 4391 2869 4465 est,

556 4485 855 4565 Lymphae
904 4505 1113 4566 aquam
1161 4485 1450 4566 praebent
1497 4486 1838 4566 vulgaribus
1884 4486 2170 4568 piscibuS,
2209 4489 2288 4548 ita
2335 4487 2397 4546 in
2445 4484 2654 4568 altero,
2693 4489 2868 4566 quod
