3178 5185
748 418 1011 473 RERVM
1046 395 1533 473 RVSTICARVM
1568 418 1704 473 LIB.
1744 419 1769 471 1
1810 414 2052 473 23—24
2464 406 2547 471 73.

456 572 791 643 Quaedam
858 572 1011 633 loca
1073 573 1312 634 eadem
1379 571 1513 633 alia
1578 572 1656 633 ad
1732 572 2111 632 serendum
2181 569 2546 648 idoneam]

318 683 504 742 Idonea
555 679 795 740 Merula.
887 682 1190 755 quaedam
1255 685 1391 742 loca
1456 683 1694 755 eadem,
1759 686 1818 741 et
1881 682 2006 741 alia
2072 682 2158 739 ad
2216 680 2548 739 serundum

316 790 493 848 idonea
535 786 851 848 IucunduS.
935 790 1148 848 eadem
1203 790 1329 848 alia
1376 805 1495 846 non
1552 796 1715 847 recte
1764 786 2066 847 Gesnerus
2121 787 2201 846 ita
2256 788 2547 863 interpre-

316 904 438 954 tatus
472 903 570 975 est,
609 902 675 954 ut
711 896 925 955 eadem
964 904 1125 955 esset
1161 896 1575 977 nominativuS,
1615 897 1741 956 alia
1783 896 2153 954 accusativus
2192 911 2328 953 cum
2369 890 2549 951 verbo

312 1004 587 1062 serendum
641 1002 1024 1082 coniunctus,
1091 996 1410 1080 ‘quaedam
1466 1000 1594 1061 loca
1653 1000 1829 1061 simul
1885 1001 1953 1061 ad
2012 1000 2241 1062 diversa
2299 999 2549 1059 serenda

311 1118 421 1168 sunt
469 1102 721 1187 idonea'‚
779 1117 838 1167 et
884 1108 1091 1168 eodem
1140 1109 1265 1169 fere
1324 1108 1495 1168 modo
1551 1107 1882 1169 Pontedera
1941 1128 1994 1188 p.
2036 1104 2182 1190 120,
2230 1102 2547 1185 ‘quaedam

309 1213 433 1294 loca,
476 1217 529 1275 in
581 1213 800 1292 quibus
846 1217 959 1274 iam
1018 1215 1159 1293 quid
1211 1223 1402 1275 satum
1451 1224 1566 1297 est,
1625 1215 1827 1275 eadem
1885 1217 1953 1276 ad
2012 1213 2331 1275 serendum
2391 1212 2546 1272 aliud

310 1339 416 1380 esse
466 1316 717 1382 idonea'‚
812 1321 1022 1382 melius
1078 1322 1404 1401 Madvigius
1459 1323 1685 1383 advers,
1726 1342 1775 1382 v.
1816 1321 1868 1381 ΙΙ
1914 1341 1970 1401 p.
2012 1318 2141 1383 180
2196 1322 2548 1382 sententiam

309 1427 585 1489 verborum
641 1431 962 1510 expressit,
1022 1425 1438 1489 ‘scribendum
1494 1433 1652 1490 alias
1708 1422 1851 1513 (hoc
1908 1437 2000 1490 est
2062 1427 2368 1489 interdum
2430 1428 2551 1487 seri

309 1546 546 1616 possunt,
600 1535 901 1596 interdum
958 1554 1075 1595 non
1132 1530 1439 1618 possunt),
1496 1538 1610 1596 nisi
1676 1537 1788 1597 fuit
1854 1540 2011 1597 alias
2076 1539 2163 1596 ad
2217 1538 2549 1596 serundum

307 1646 509 1718 idonea,
555 1647 710 1704 alias
755 1661 876 1703 non
925 1639 1196 1704 idonea'.
1262 1662 1616 1722 quamquam
1656 1652 1901 1723 apparet
1948 1645 2009 1703 in
2058 1642 2149 1702 his
2189 1640 2372 1703 semel
2419 1644 2559 1721 poni

305 1750 836 1827 adverbiumsalias·
893 1768 1009 1809 non
1067 1753 1351 1829 potuisse.
1429 1769 1561 1811 nam
1618 1751 1732 1811 hoc
1795 1750 1939 1811 dicit
1994 1748 2206 1832 Varro,
2274 1749 2559 1828 quaedam

304 1856 406 1917 loca
458 1877 568 1918 non
625 1860 787 1917 omni
843 1866 1114 1937 tempore
1172 1858 1241 1918 ad
1301 1858 1622 1918 serendum
1677 1858 1889 1918 idonea
1948 1876 2105 1938 esse,
2172 1856 2275 1917 sed
2339 1856 2564 1938 eadem,

303 1982 429 2041 quae
473 1965 579 2025 alio
630 1974 896 2043 tempore
945 1965 1154 2025 idonea
1203 1967 1348 2047 sint,
1408 1963 1520 2025 alio
1568 1974 1838 2045 tempore
1896 1983 2015 2024 non
2064 1982 2213 2025 esse.
2289 1963 2562 2024 similiter

301 2069 426 2153 111,
458 2070 534 2133 16
581 2090 777 2147 neque
832 2075 1044 2133 eadem
1099 2076 1235 2133 loca
1292 2076 1523 2133 aestiva
1581 2079 1640 2132 et
1692 2074 1953 2133 hiberna
2010 2074 2231 2132 idonea
2288 2073 2561 2131 omnibus

301 2180 373 2237 ad
403 2181 787 2254 pascendum.
862 2181 1044 2257 igitur
1101 2178 1304 2239 eadem
1362 2178 1470 2246 alia
1525 2177 1655 2238 loca
1702 2186 1870 2258 sunt,
1928 2196 2098 2259 quae,
2154 2195 2291 2237 cum
2350 2186 2559 2237 natura

232 2279 235 2283 ’
299 2284 480 2346 eadem
525 2288 661 2368 sint,
710 2294 907 2346 tamen
946 2285 1017 2345 ad
1056 2286 1346 2346 sationem
1385 2286 1616 2346 diversa
1654 2285 1744 2346 vel
1785 2284 1896 2345 alio
1928 2284 2101 2345 modo
2137 2284 2209 2344 ad
2240 2283 2559 2345 serendum

297 2390 480 2452 idonea
526 2400 682 2454 sunt.

454 2499 761 2560 Dessitis
810 2498 1242 2578 seminibus]
1293 2502 1517 2562 Desitis
1562 2501 1699 2561 inde
1749 2518 1779 2560 a
1827 2502 2097 2579 principe
2158 2499 2418 2559 editione
2467 2518 2557 2559 re-

299 2615 513 2684 ceptum
572 2614 718 2668 erat.
793 2611 1020 2669 dissitis
1074 2607 1329 2669 Ursinus
1395 2617 1587 2689 reete,
1654 2626 2011 2688 quamquam
2075 2610 2202 2687 ipse
2267 2606 2561 2685 vulgatam

297 2711 586 2774 lectionem
627 2715 995 2775 retinendam
1035 2714 1295 2794 putabat.
1363 2734 1495 2776 nam
1528 2719 1757 2777 desitus
1786 2715 1859 2775 de
1898 2715 2152 2775 serendo
2191 2732 2363 2774 nemo
2397 2713 2563 2795 dixit,

297 2821 388 2880 sed
433 2826 728 2883 disserere
775 2822 846 2881 de
894 2824 968 2881 iis
1024 2840 1174 2901 quae
1232 2831 1398 2883 certo
1446 2818 1655 2883 ordine
1713 2823 1997 2901 disposita
2047 2830 2331 2882 seruntur
2376 2820 2560 2880 Varro

296 2925 358 2985 de
396 2926 526 3006 ling.
563 2928 659 2989 lat.
690 2927 763 2986 VI
795 2925 881 2988 64
917 2931 1082 3004 quod
1118 2932 1375 2989 dicimus
1413 2924 1725 2990 ‘disserit'
1766 2933 1906 2990 'item
1945 2931 2328 2990 translaticio
2367 2945 2561 3002 aeque

294 3052 366 3093 ex
415 3039 580 3110 ayris
633 3038 846 3097 verbo:
904 3054 1046 3097 nam
1100 3043 1169 3096 ut
1222 3040 1402 3096 olitor
1458 3040 1705 3098 disserit
1760 3041 1822 3097 in
1879 3055 2062 3098 areas
2116 3039 2217 3097 sui
2269 3039 2561 3110 cuiusque

292 3146 518 3214 yeneris
554 3163 670 3217 res,
715 3147 805 3203 sie
854 3146 915 3202 in
962 3147 1239 3204 oratione
1284 3147 1393 3218 qui
1429 3142 1607 3219 facit,
1657 3147 1934 3206 disertus.

296 3246 300 3252 ⁴
460 3248 493 3311 7
568 3249 765 3319 Quod
834 3248 1094 3310 scribit
1158 3249 1239 3309 de
1307 3248 1751 3328 sationibus]
1820 3253 1912 3312 De
1973 3254 2310 3312 sationibus
2375 3249 2563 3310 deleri

296 3354 463 3415 voluit
509 3355 777 3417 Ursinus·
1907 3423 1911 3428 ,

455 3469 631 3524 XXIV
677 3462 707 3523 1
779 3462 852 3523 ln
900 3450 1064 3542 agro
1113 3482 1355 3524 crasso
1404 3464 1576 3544 sqq.]
1617 3465 1766 3526 Non.
1804 3484 1860 3544 p.
1899 3461 2005 3546 94,
2036 3462 2072 3525 7
2121 3466 2557 3526 Conditdneum

297 3573 444 3641 quod
492 3573 674 3630 condi
727 3574 822 3630 vel
873 3573 1119 3631 condiri
1163 3578 1361 3647 potest
1415 3579 1583 3633 reete
1641 3575 1768 3633 diei
1827 3573 2022 3633 Varro
2078 3575 2154 3633 de
2208 3591 2279 3632 re
2326 3575 2561 3632 rustica

298 3676 383 3735 lib.
423 3678 458 3736 I
496 3681 554 3737 in
603 3694 759 3751 affro
806 3694 1016 3738 crasso
1063 3685 1124 3739 et
1158 3681 1360 3739 calido
1398 3683 1591 3739 oleam
1629 3682 2053 3740 eonditaneam
2091 3682 2335 3739 radium
2375 3681 2558 3738 maio-
2591 3730 2602 3739 ,

299 3798 411 3842 rem
444 3786 823 3844 sallentinam
861 3786 1155 3845 horeitem
1185 3803 1438 3860 puseam
1479 3789 1789 3861 seminam
1829 3788 2163 3847 albicarem
2203 3789 2561 3846 calminiam.

458 3887 498 3950 2
563 3889 646 3949 Et
694 3891 756 3948 ei
811 3888 1108 3950 ferendo
1166 3890 1492 3952 arborem
1549 3892 1830 3970 perire]
1890 3894 1970 3952 Et
2008 3892 2270 3967 ferendo
2317 3891 2560 3951 Merula.

458 3994 497 4056 3
563 3996 759 4066 Quod
827 4015 905 4056 ex
974 4015 1108 4057 uno
1174 3998 1360 4058 facto
1429 3997 1570 4058 olei
1627 3998 2007 4076 refieitur]
2082 4001 2414 4074 Conficitur
2469 3997 2561 4057 vel

300 4098 549 4172 efficitur
595 4104 850 4163 coniecit
898 4103 1215 4165 Gesnerus.
1290 4109 1549 4180 reficere
1606 4105 1679 4166 de
1734 4106 1930 4166 reditu
1987 4105 2288 4166 fruetuum
2337 4105 2559 4164 dictum

301 4213 381 4264 est
422 4207 444 4266 l
480 4207 538 4290 2,
569 4207 608 4271 8
657 4228 776 4270 non
815 4229 993 4286 posse
1038 4214 1229 4284 refici.

461 4315 654 4386 Quod
695 4324 850 4376 cato
890 4319 983 4376 ait
1025 4319 1294 4377 circum
1335 4317 1629 4378 fundum
1669 4318 1894 4379 ulmos
1934 4327 2001 4378 et
2030 4317 2337 4397 populos
2375 4317 2561 4378 unde

306 4414 482 4481 frons
529 4421 789 4482 ouibus
836 4430 906 4482 et
951 4423 1187 4484 bubus
1237 4426 1330 4484 sit
1377 4434 1444 4485 et
1491 4426 1831 4485 materies
1870 4427 2016 4485 seri
2053 4432 2391 4504 oportere
2441 4425 2560 4513 sed

305 4518 421 4586 hoc
457 4547 690 4607 neque
740 4530 810 4601 in
858 4529 1187 4601 omnibus
1235 4532 1481 4592 fundis
1530 4550 1707 4610 opus
1755 4541 1872 4599 est
1909 4550 2138 4611 neque
2185 4533 2254 4591 in
2303 4530 2563 4612 quibus
