3178 5185
563 396 648 460 34
1244 404 1629 474 ΟΟΜΜΕΝΤ.
1665 405 1746 458 IN
1782 403 2157 459 VARRONIS

562 559 675 619 hoc
730 567 972 639 recepto
1029 558 1240 620 deinde
1307 559 1545 637 biferae
1607 566 1701 636 ut,
1766 578 1916 639 quae
1978 578 2051 621 ex
2117 557 2527 639 superioribus
2593 558 2863 638 repetita

564 675 749 748 erant,
795 666 1003 728 delevi.

743 772 778 834 7
847 773 1414 835 Discriminatim
1461 782 1539 835 ut
1593 774 1727 836 alia
1775 778 1844 836 in
1901 773 2237 853 lacubus]
2297 775 2378 835 Et
2431 778 2558 835 alia
2607 770 2863 852 Merula,

562 889 631 942 ut
667 885 793 942 alia
830 880 1132 943 Iucundus
1171 884 1530 943 restituerat.
1606 882 1796 944 delevi
1831 890 1917 965 ut,
1954 882 2111 962 quod
2152 900 2223 942 ex
2254 879 2654 960 sequentibus
2696 878 2862 939 addi-

563 996 690 1049 tum
736 996 878 1049 erat.

742 1095 893 1156 Alia
931 1098 1001 1157 in
1041 1098 1215 1156 mari
1253 1104 1331 1157 ut
1357 1096 1621 1158 scribit
1659 1096 2179 1176 theophrastus
2216 1095 2482 1177 palmas
2520 1104 2590 1155 et
2630 1092 2868 1173 squil-

566 1201 736 1281 lam]
786 1205 1062 1278 Squillas„
1097 1222 1169 1263 ex
1207 1206 1472 1283 principe
1512 1203 1770 1265 editione
1808 1212 2115 1283 receptum
2155 1211 2264 1284 est,
2310 1210 2371 1264 et
2409 1205 2494 1263 sic
2533 1202 2865 1280 scripsisse

567 1310 800 1371 videtur
847 1309 1057 1393 Varro,
1113 1313 1216 1389 qui
1263 1310 1550 1390 pluralem
1599 1330 1913 1372 numerum
1959 1313 2159 1391 posuit
2204 1330 2314 1390 pro
2362 1309 2684 1392 singulari,
2744 1327 2866 1388 quo

566 1417 1011 1498 Theophrastus
1066 1418 1204 1480 hist.
1242 1418 1421 1498 plant.
1460 1416 1566 1479 14
1603 1412 1733 1502 (7),
1779 1417 1820 1481 3
1880 1438 2030 1480 usus
2086 1426 2245 1500 erat,
2298 1411 2379 1480 τὰ
2439 1411 2513 1480 δὲ
2556 1411 2676 1479 καὶ
2724 1414 2866 1478 τῶν

567 1514 1126 1605 ὁμολογουμένων
1160 1524 1489 1607 χερσαίων
1516 1519 1858 1607 πεφυκότα
1886 1519 2044 1588 ποτὲ
2072 1521 2145 1587 ἐν
2173 1523 2252 1609 τῇ
2288 1522 2584 1607 θαλάττῃ
2627 1523 2862 1605 βιοῦν,

566 1630 841 1713 φοίνικα
888 1631 1164 1694 σκίλλαν
1210 1624 1594 1714 ἀνθέρικον.

746 1738 784 1801 8
851 1740 925 1799 In
974 1739 1196 1800 Gallia
1255 1739 1739 1819 transalpina]
1797 1741 1925 1812 Quo
1984 1751 2250 1820 tempore
2300 1739 2504 1804 Scrofa
2559 1742 2622 1799 in
2676 1738 2866 1800 Gallia

496 1896 501 1900 .
569 1866 705 1908 cum
754 1849 1004 1927 imperio
1054 1848 1250 1928 suerit,
1311 1850 1631 1908 memoriae
1686 1849 1986 1927 proditum
2043 1866 2162 1908 non
2220 1857 2328 1909 est.
2400 1840 2533 1908 ante
2582 1846 2866 1908 Caesaris

570 1953 940 2015 consulatum
989 1972 1124 2015 eum
1170 1973 1280 2033 pro
1327 1965 1601 2036 praetore
1658 1949 1837 2037 (114,
1876 1949 1947 2038 2)
1997 1957 2358 2034 provinciam
2405 1953 2864 2016 Narbonensem

569 2062 1015 2122 administrasse
1063 2064 1316 2123 coniecit
1344 2061 1636 2123 Ricardus
1664 2061 2061 2124 Reitzenstein
2102 2063 2174 2123 de
2215 2064 2417 2141 script.
2457 2064 2544 2122 rei
2592 2066 2864 2123 rusticae

568 2168 738 2230 libris
785 2169 1110 2248 deperditis
1157 2169 1418 2230 Berolini
1465 2189 1514 2231 a.
1558 2167 1730 2232 1884
1774 2189 1831 2249 p.
1874 2168 1974 2232 13.

748 2274 788 2337 9
855 2276 1216 2337 Gradatim
1273 2270 1730 2357 praeponens
1796 2276 2009 2337 alium
2065 2276 2203 2337 alio
2260 2294 2426 2356 agro
2482 2276 2864 2338 meliorem

573 2385 753 2445 dicit
799 2381 994 2461 esse]
1039 2386 1388 2461 Proponens
1426 2384 1678 2446 Ursinus
1719 2384 1847 2445 coll.
1885 2382 1910 2442 I
1943 2381 2045 2467 18,
2071 2381 2116 2445 4
2152 2387 2391 2446 modum
2429 2403 2622 2459 neque
2669 2402 2865 2445 unum

571 2510 766 2567 neque
801 2494 1100 2553 modicum
1124 2496 1458 2569 proposuit.
1523 2494 1703 2553 immo
1729 2494 2045 2568 ,qradatim
2073 2510 2461 2568 praeponens
2498 2511 2615 2553 non
2657 2492 2865 2552 addito

572 2601 837 2680 nomine,
893 2601 1049 2660 sicut
1103 2600 1286 2661 multa
1343 2599 1521 2661 verba
1578 2599 1761 2661 Varro
1823 2601 2162 2681 usurpavit,
2217 2599 2441 2660 dictum
2489 2609 2607 2683 est,
2665 2608 2736 2662 ut
2790 2601 2868 2660 sit

572 2703 823 2786 ‘gradus
869 2699 1273 2786 praeponendi
1321 2704 1594 2769 saciens'.

755 2812 838 2876 10
904 2814 1065 2875 Scio
1112 2817 1350 2894 inquit
1397 2813 1724 2876 scribere
1772 2812 2003 2892 illum]
2064 2816 2163 2876 Ita
2215 2816 2491 2877 seribere
2537 2817 2708 2876 illum
2755 2812 2864 2874 Ur-

574 2924 758 3004 sinuS,
805 2922 961 3001 quod
1010 2921 1281 3002 probavit
1329 2922 1747 2984 SchneideruS.

753 3027 838 3091 Ut
886 3048 1012 3109 ego
1072 3048 1104 3089 a
1151 3048 1432 3109 quoque
1480 3031 1765 3108 antiqui
1819 3036 2022 3107 prata
2075 3036 2323 3108 parata
2369 3024 2859 3108 appellarunt]

585 3139 657 3199 Ut
711 3156 821 3213 eqo
877 3140 1120 3212 antiqui
1170 3156 1407 3213 quoque
1463 3136 1648 3198 codex
1706 3135 2024 3218 CaesenaS,
2076 3142 2145 3197 ut
2199 3154 2309 3212 eqo
2365 3155 2404 3197 a
2451 3154 2566 3211 quo
2623 3137 2869 3211 antiqui

574 3245 827 3325 Merula,
881 3245 1039 3324 quod
1098 3247 1352 3307 restitui.
1416 3251 1487 3306 ut
1531 3262 1642 3321 eqo
1688 3262 1940 3321 quoque,
1989 3263 2028 3305 a
2075 3261 2191 3319 quo
2239 3246 2478 3317 antiqui
2530 3262 2598 3303 ex
2649 3242 2860 3304 Aldina

576 3352 833 3413 editione
891 3352 1190 3432 vulgatum
1238 3360 1380 3413 erat.
1468 3350 1630 3412 Varr.
1677 3352 1750 3412 de
1796 3351 1935 3430 ling.
1973 3350 2069 3411 lat.
2109 3349 2156 3408 V
2192 3346 2279 3411 40
2316 3356 2508 3427 prata
2563 3353 2732 3411 dicta
2783 3352 2861 3410 ab

576 3477 663 3540 ea,
702 3463 867 3535 quod
897 3463 1030 3521 sine
1066 3478 1248 3537 opere
1277 3467 1527 3537 parata.
1601 3458 1825 3520 Colum.
1854 3457 1907 3518 ΙΙ
1939 3456 2039 3540 16,
2072 3455 2105 3518 1
2148 3460 2531 3519 necessarius
2567 3460 2628 3518 ei
2662 3461 2864 3519 cultus

576 3573 668 3626 est
722 3570 903 3627 etiam
950 3571 1153 3648 prati,
1221 3571 1327 3628 cui
1382 3572 1614 3628 veteres
1671 3567 1938 3627 Romani
1991 3569 2226 3642 primas
2291 3567 2353 3626 in
2419 3566 2864 3640 aqrieolatione

576 3674 942 3735 tribuerunt.
1016 3693 1231 3736 nomen
1278 3692 1515 3750 quoque
1560 3676 1919 3735 indiderunt
1953 3675 2030 3733 ab
2070 3691 2157 3755 e0,
2195 3675 2360 3748 quod
2385 3675 2668 3748 protinus
2706 3678 2865 3733 esset

568 3790 863 3859 paratum
909 3800 1022 3844 nee
1067 3799 1353 3857 maqnum
1399 3782 1668 3843 laborem
1716 3784 2112 3843 desideraret.

756 3888 1014 3950 Caesar
1060 3890 1403 3968 uopiscus
1451 3887 1834 3949 aedilicius
1884 3906 2163 3948 causam
2203 3905 2355 3947 cum
2394 3893 2641 3966 ageret
2677 3885 2857 3965 apud

579 3995 964 4075 censores]
1016 3995 1077 4057 C.
1125 3995 1339 4057 Iulium
1387 3994 1697 4056 Caesarem
1749 3994 2120 4075 Strabonem,
2175 3988 2279 4073 qui
2327 3992 2615 4072 Vopiscus
2662 3991 2856 4073 appel-

579 4105 734 4165 latus
792 4110 909 4185 est,
966 4101 1213 4163 aedilem
1262 4102 1530 4163 curulem
1589 4103 1772 4162 fuisse
1828 4121 1876 4163 a.
1927 4099 2082 4182 664,
2143 4104 2406 4163 occisum
2463 4118 2592 4160 esse
2641 4118 2689 4162 a.
2728 4096 2854 4160 667

581 4215 829 4286 scimuS,
885 4210 1003 4271 Cic.
1043 4209 1208 4271 Brut.
1250 4206 1360 4290 89,
1397 4205 1526 4270 305
1575 4219 1636 4269 et
1682 4206 1830 4271 307.
1896 4227 2048 4269 anno
2098 4204 2227 4270 665
2282 4225 2562 4269 censores
2618 4207 2860 4267 suerunt

580 4318 642 4381 P.
694 4318 956 4379 Licinius
1014 4316 1263 4378 Crassus
1319 4325 1379 4377 et
1434 4316 1496 4377 L.
1544 4315 1729 4377 Iulius
1778 4315 2019 4398 Caesar,
2073 4315 2219 4377 Plin.
2267 4314 2401 4375 XIII
2438 4305 2561 4376 241
2592 4312 2719 4373 XIV
2755 4308 2858 4374 95.

579 4425 694 4485 hoc
741 4443 894 4484 anno
943 4422 1483 4503 igitur-Caesarem
1531 4421 1875 4504 Vopiscum,
1920 4433 2049 4484 tum
2096 4441 2232 4483 cum
2278 4421 2572 4483 aedilitate
2622 4422 2858 4482 functus

582 4540 727 4613 erat,
774 4548 1010 4591 causam
1059 4530 1213 4610 apud
1262 4547 1544 4590 censores
1594 4532 1784 4609 egisse
1833 4527 2016 4589 Varro
2064 4528 2302 4591 indicat.
