3178 5185
823 449 1076 505 RERVM
1114 448 1587 506 RVSTICARVM
1629 450 1761 507 LIB.
1798 450 1850 502 II
1889 446 1928 503 4
2393 449 2520 514 231

263 616 546 700 matribus3
629 617 894 677 secundo
969 617 1113 698 [ea],
1192 637 1329 678 cum
1401 620 1514 677 iam
1591 620 1756 698 pasci
1829 625 2107 696 possunt,
2147 626 2523 702 'secernunt

264 727 425 805 porci,
472 728 567 804 qui
612 726 739 785 nati
786 724 995 806 hieme,
1043 726 1190 785 fiunt
1237 724 1421 786 exiles
1467 732 1715 803 propter
1754 726 1970 804 frigora
2011 733 2069 785 et
2106 724 2264 803 quod
2304 733 2523 785 matres

264 840 620 909 aspernantur
673 839 920 910 propter
967 834 1346 910 exiguitatem
1395 832 1591 912 lactiS,
1649 832 1806 911 quod
1855 831 2132 891 dentibus
2180 833 2523 892 sauciantur

265 946 547 1016 propterea
591 958 895 1000 mammae.
957 939 1148 1000 scrofa
1196 941 1256 999 in
1307 958 1408 999 sua
1460 957 1729 1018 quaeque
1778 938 1918 998 hara
1959 957 2097 998 suos
2140 937 2255 998 alat
2293 947 2526 1017 oportet

225 1063 481 1126 spurcos,
532 1066 644 1125 quo
701 1047 925 1107 alienos
981 1054 1399 1127 aspernantur3
1456 1053 1514 1106 et
1572 1046 1704 1106 ideo
1764 1048 1814 1106 si
1871 1045 2212 1106 conturbati
2267 1053 2407 1106 sunt
2463 1047 2525 1106 in

267 1137 463 1232 fetura,
508 1155 569 1213 fit
614 1154 897 1215 deterius
991 1162 1198 1214 natura
1246 1154 1470 1213 divisus
1518 1171 1724 1213 eorum
1772 1170 1962 1213 annus
2009 1152 2304 1233 bifariam,
2361 1153 2516 1232 quod
2543 1157 2623 1213 14

266 1257 345 1317 bis
388 1262 528 1337 parit
571 1263 628 1321 in
679 1280 862 1323 anno:
917 1263 1222 1341 quaternis
1276 1259 1580 1320 mensibus
1630 1261 1745 1320 fert
1793 1267 2084 1340 ventrem,
2131 1259 2287 1320 binis
2334 1261 2526 1320 nutri-

269 1375 363 1426 cat.
449 1367 632 1428 haram
692 1370 887 1429 facere
944 1375 1180 1447 oportet
1236 1369 1478 1427 circiter
1525 1369 1708 1427 trium
1758 1367 1973 1445 pedum
2022 1365 2196 1426 altam
2245 1374 2306 1426 et
2350 1367 2525 1426 latam

270 1473 490 1552 amplius
531 1476 722 1558 paulo,
772 1495 839 1536 ea
888 1475 1196 1536 altitudine
1245 1473 1350 1534 abs
1390 1482 1565 1554 terra,
1615 1493 1707 1554 ne,
1755 1474 1895 1534 dum
1936 1473 2141 1534 exilire
2182 1473 2321 1533 velit
2358 1492 2524 1552 prae-

212 1598 250 1634 10
272 1598 423 1661 guas,
472 1582 707 1645 abortet.
803 1582 1131 1643 altitudinis
1191 1582 1400 1642 modus
1450 1583 1552 1661 sit,
1611 1588 1677 1640 ut
1724 1581 2010 1641 subulcus
2060 1580 2226 1640 facile
2275 1582 2527 1640 circum-

272 1688 471 1764 spicere
521 1693 707 1768 possit
763 1693 941 1769 nequi
997 1688 1295 1768 porcellus
1350 1707 1381 1747 a
1438 1696 1625 1748 matre
1674 1692 2070 1767 opprimatur,
2128 1697 2186 1748 et
2245 1698 2308 1747 ut
2357 1687 2526 1747 facile

272 1796 510 1873 purigare
573 1799 763 1876 possit
828 1796 1040 1857 cubile.
1143 1798 1203 1856 in
1260 1796 1421 1855 haris
1477 1798 1696 1857 ostium
1755 1813 1885 1855 esse
1942 1803 2176 1874 oportet
2231 1803 2290 1855 et
2347 1794 2546 1854 limen·

272 1900 488 1962 inferius
530 1903 709 1965 altum
758 1903 1170 1984 palmipedale,
1219 1922 1291 1963 ne
1340 1906 1532 1983 porci,
1581 1903 1841 1963 ex·hara
1891 1921 2026 1962 cum
2073 1910 2262 1962 mater
2309 1901 2527 1983 prodit,

274 2008 530 2070 transilire
572 2014 822 2090 possint.
914 2013 1447 2090 quotienscumque
1487 2009 1660 2069 haras
1700 2009 1985 2070 subulcus
2023 2018 2254 2090 purgat,
2302 2007 2518 2069 totiens
2543 2011 2620 2067 15

217 2128 253 2165 1⁵
276 2112 516 2176 harenam
575 2120 800 2178 inicere
867 2125 1128 2198 oportet,
1193 2125 1291 2177 aut
1351 2117 1492 2196 quid
1541 2119 1684 2176 item
1742 2117 1899 2195 quod
1956 2124 2201 2194 exsugat
2258 2133 2522 2175 umorem

279 2222 329 2279 in
378 2224 608 2302 singulas
667 2224 841 2284 haras
890 2227 1110 2284 inicere
1159 2224 1361 2304 debet3
1419 2231 1478 2284 et
1524 2242 1659 2283 cum
1709 2226 1968 2304 peperit,
2026 2223 2277 2301 largiore
2326 2221 2525 2281 cibatu

280 2337 584 2413 sustentare,
633 2351 752 2412 quo
802 2331 1031 2392 facilius
1080 2332 1166 2392 lac
1207 2331 1584 2411 suppeditare
1625 2332 1828 2409 possit.
1906 2328 2020 2407 [in]
2062 2329 2278 2409 quibus
2316 2328 2524 2388 hordei

280 2436 483 2496 circiter
531 2438 696 2499 binas
753 2438 933 2498 libras
989 2457 1140 2518 aqua
1191 2438 1547 2499 madefactas
1595 2438 1734 2498 dare
1792 2437 2009 2516 solent,
2068 2438 2224 2516 quod
2285 2436 2522 2516 quidam

281 2540 564 2627 duplicant,
628 2554 696 2607 ut
763 2548 840 2607 sit
904 2564 1074 2607 mane
1141 2555 1199 2607 et
1264 2546 1522 2626 vesperi,
1588 2547 1640 2605 si
1706 2545 1814 2606 alia
1883 2564 2032 2625 quae
2091 2544 2351 2605 obiciant
2407 2562 2524 2604 non

221 2645 565 2713 20habuerint.
658 2673 795 2714 cum
842 2656 1007 2732 porci
1047 2654 1278 2732 depulsi
1316 2662 1456 2714 sunt
1494 2673 1524 2713 a
1563 2672 1833 2734 mamma,
1880 2672 1909 2712 a
1951 2652 2303 2732 quibusdam
2342 2650 2518 2711 delici
2542 2653 2620 2710 16

284 2756 602 2834 appellantur
668 2779 863 2840 neque
931 2763 1042 2821 iam
1102 2760 1386 2822 lactantes
1443 2760 1752 2839 dicuntur,
1816 2763 1921 2839 qui
1976 2780 2007 2819 a
2063 2768 2239 2838 partu
2294 2758 2524 2818 decimo

400 2944 458 2990 21
493 2940 580 3008 qui
619 2958 655 2995 a
690 2942 858 3010 partu
896 2940 1115 2996 decimo
1153 2940 1244 2995 die
1283 2942 1367 2994 ΙΙ
1401 2947 1455 3009 1,
1490 2945 1568 2998 20

376 3103 397 3150 1
432 3101 656 3156 secundo
696 3117 765 3154 ea
802 3118 927 3154 cum
963 3100 1076 3155 iam
1111 3101 1228 3155 PA
1263 3078 1676 3157 secundomcum
1706 3102 1819 3156 iam
1847 3103 1904 3155 Β
1931 3102 2028 3155 sed
2058 3118 2151 3156 eos
2180 3118 2304 3154 cum
2335 3099 2449 3152 iam
2475 3117 2523 3156 v.

285 3182 512 3243 ‘Diuersa
544 3197 619 3245 est
655 3195 814 3244 uetus
850 3191 1022 3257 lec-tic,
1061 3207 1200 3259 quae
1228 3196 1407 3245 tamen
1444 3193 1637 3247 mendo
1677 3208 1790 3245 non
1827 3196 1984 3246 uacet
2012 3211 2028 3242 .·
2056 3207 2172 3244 eam
2208 3194 2392 3244 notam
2420 3206 2527 3243 esse

286 3275 428 3343 uolui,
459 3296 575 3333 ozam
612 3284 881 3347 receptam
918 3280 1081 3333 etiam
1118 3296 1231 3333 non
1265 3280 1429 3334 ualde
1447 3280 1643 3348 probO,
1679 3278 1934 3348 quamuis
1963 3279 2077 3333 loco
2105 3294 2218 3332 non
2245 3279 2525 3345 mouerim,

289 3358 496 3421 Secundo
530 3385 594 3423 ea
631 3385 758 3422 cum
794 3369 909 3423 iam
948 3369 1080 3423 etc’.
1168 3369 1442 3425 Victorius
1584 3376 1616 3423 2
1658 3368 1829 3422 exiles
1865 3368 2026 3422 ABv
2063 3366 2261 3421 exsiles
2298 3369 2355 3422 P
2494 3374 2526 3421 3

272 3450 598 3525 ,exiguitatem
621 3457 782 3512 ABv
813 3457 1208 3528 exsiguitatem
1231 3458 1287 3510 P
1391 3464 1424 3511 4
1452 3459 1592 3513 hara.
1610 3475 1641 3511 v
1670 3459 1811 3512 hora
1832 3457 2013 3511 PAB
2123 3463 2154 3510 5
2184 3474 2293 3526 quo
2315 3456 2527 3511 alienos

287 3548 605 3609 aspernantur
643 3547 823 3602 PAB
873 3564 1015 3617 quae
1062 3547 1276 3602 alienos
1324 3549 1654 3618 aspernatur
1699 3565 1731 3601 v
1775 3546 1908 3615 quia
1944 3546 2156 3601 alienos
2194 3565 2304 3601 non
2342 3563 2528 3615 asper·

286 3633 419 3685 natur
448 3634 801 3691 Schneiderus
943 3637 1001 3690 in
1039 3635 1260 3691 foetura
1303 3636 1357 3690 V
1494 3643 1526 3691 6
1564 3653 1755 3691 eorum
1805 3635 1980 3689 VAB
2020 3653 2209 3690 earum
2256 3635 2528 3689 Victorius

370 3774 603 3832 bifariam
631 3796 664 3833 v
694 3777 897 3832 bifaria
930 3778 1109 3833 PAB
1220 3785 1250 3833 7
1281 3737 1497 3833 nutriat
1522 3779 1577 3832 A
1688 3786 1719 3833 8
1757 3779 1932 3833 latam
1971 3778 2147 3833 altam
2185 3795 2322 3832 corr.
2352 3777 2526 3832 altam

285 3862 330 3914 et
357 3861 508 3918 latam
533 3868 590 3922 A
699 3874 731 3921 9
770 3868 870 3921 abs
907 3870 1115 3922 terram
1142 3867 1263 3921 AB
1297 3867 1367 3920 ab
1396 3869 1603 3922 terram
1638 3868 1692 3920 P
1718 3866 1788 3920 ab
1817 3869 1967 3921 terra
1993 3885 2025 3921 v
2132 3883 2382 3936 pregnax
2407 3866 2528 3920 AB

284 3965 549 4021 praegnans
588 3956 640 4010 V
750 3962 812 4009 11
843 3956 1013 4024 nequi
1044 3956 1163 4010 AB
1188 3956 1384 4024 nequis
1424 3957 1475 4009 V
1583 3962 1648 4010 12
1679 3956 1938 4025 purigare
1967 3957 2081 4010 PB
2109 3972 2348 4025 purgare
2369 3955 2527 4009 Amv

396 4041 446 4095 in
480 4044 624 4099 haris
664 4043 872 4099 ostium
912 4045 960 4098 V
996 4045 1052 4098 in
1091 4044 1240 4111 haris
1279 4044 1484 4099 ostium
1513 4044 1585 4112 A,
1622 4047 1715 4099 sed
1751 4045 1788 4098 h
1818 4050 2148 4113 expunctum
2175 4044 2256 4099 A2
2291 4044 2349 4097 in
2376 4043 2528 4098 baris

283 4125 489 4187 hostium
522 4136 575 4188 B
690 4126 755 4187 1’3
792 4133 1021 4188 inferius
1057 4135 1486 4204 superscnffium
1522 4136 1586 4187 in
1618 4135 1677 4188 -A
1800 4150 1867 4188 ex
1903 4135 2041 4187 hara
2088 4134 2198 4187 VB
2236 4149 2303 4186 ex
2340 4147 2437 4186 ara
2473 4133 2526 4186 A

370 4207 456 4275 ‘15
506 4224 770 4279 harenam
817 4224 935 4278 AB
994 4240 1219 4278 arenam
1276 4223 1329 4277 V
1467 4225 1701 4293 exsugat
1755 4240 2004 4277 umorem
2047 4223 2101 4276 A
2149 4225 2384 4290 exsugat
2428 4221 2527 4276 hu-

285 4321 456 4364 morem
489 4313 539 4365 P
573 4314 896 4382 exfugatum
926 4314 1217 4368 humorem
1245 4315 1299 4367 B
1338 4312 1618 4368 exsiccato
1657 4314 1887 4367 humore
1915 4330 1946 4366 v
2060 4318 2123 4365 16
2161 4312 2381 4381 peperit
2407 4311 2528 4365 AB

287 4401 523 4464 pepererit
547 4402 601 4456 V
669 4408 734 4457 17
766 4404 1074 4457 sustentare
1107 4403 1214 4456 VA
1246 4403 1594 4457 substentare
1613 4402 1669 4455 Β
1745 4407 1810 4456 18
1838 4400 2099 4469 quodque
2129 4415 2252 4453 cum
2274 4400 2528 4469 depubli-

291 4486 393 4537 eant
426 4486 592 4543 PAB
630 4490 889 4558 quodque
930 4489 1326 4558 conduplicant
1361 4507 1393 4543 v
1517 4496 1582 4544 19
1624 4491 1687 4543 ut
1723 4490 1797 4544 sit
1832 4491 1894 4542 in
1929 4491 2177 4559 maryine
2212 4490 2268 4543 Β
2386 4490 2526 4544 obii-

294 4569 411 4627 ciant
452 4575 497 4627 V
630 4586 700 4633 20
737 4596 1076 4633 ammamma-
1114 4579 1170 4634 A
1313 4578 1482 4634 delici
1516 4596 1548 4633 v
1587 4576 1750 4632 deliti
1788 4579 1969 4634 PAB
