3178 5185
906 444 1168 498 RERVM
1206 443 1685 498 RVSTIGARVM
1732 445 1868 500 LIB.
1907 446 1957 498 II
1999 444 2034 501 5
2494 437 2612 500 171

337 616 464 658 esse
518 597 768 658 Ursinus
815 598 1137 679 adnotavit,
1185 598 1341 679 quod
1392 597 1792 660 Schneiderus
1854 602 2107 680 recepit:
2162 599 2243 659 III
2281 597 2341 680 2,
2378 597 2422 660 4
2467 618 2619 661 nun-

334 707 475 766 cubi
520 708 623 767 hic
671 709 838 767 vides
884 709 1124 768 citrum.

510 810 552 873 3
619 812 704 873 Ut
761 813 1026 874 scribit
1081 812 1436 891 Timaeus]
1487 813 1630 874 Gell.
1670 813 1747 873 XI
1792 813 1823 874 1
1883 815 2156 875 Timaeus
2213 817 2275 875 in
2334 817 2623 894 historiis,

330 938 480 994 quas
529 923 807 981 oratione
846 939 1084 996 qraeca
1133 924 1208 982 de
1253 923 1437 982 rebus
1475 925 1690 998 populi
1734 923 1999 982 Romani
2042 925 2388 1001 composuit,
2437 929 2496 982 et
2537 923 2619 984 M.

344 1026 543 1086 Varro
599 1029 662 1087 in
720 1030 1185 1102 antiquitatibus
1239 1047 1448 1089 rerum
1502 1031 1911 1089 humanarum
1968 1036 2199 1089 terram
2247 1029 2491 1089 Italiam
2549 1031 2624 1089 de

328 1151 563 1209 qraeco
611 1136 903 1195 vocabulo
950 1139 1314 1212 appellatam
1359 1139 1768 1217 scripserunt,
1825 1138 2108 1211 quoniam
2169 1137 2341 1197 boves
2383 1154 2621 1211 qraeca

331 1248 534 1302 vetere
580 1243 792 1316 linqua
840 1239 1059 1302 ἰταλοί
1090 1245 1343 1303 vocitati
1375 1245 1513 1322 sint,
1549 1260 1807 1317 quorum
1856 1245 1918 1303 in
1959 1242 2142 1303 Italia
2180 1261 2407 1318 maqna
2445 1248 2621 1320 copia

326 1347 548 1422 fuerit,
598 1350 935 1423 bucetaque
992 1352 1055 1409 in
1119 1368 1192 1410 ea
1254 1356 1426 1411 terra
1484 1352 1664 1424 qiqni
1707 1353 2004 1427 pascique
2057 1353 2235 1411 solita
2290 1353 2413 1410 sint
2465 1367 2619 1411 com-

326 1459 616 1531 plurima.

521 1561 609 1623 Ut
656 1550 1026 1624 diceretur
1072 1562 1320 1641 italus]
1377 1566 1496 1637 Qui
1529 1567 1845 1626 diceretur
1893 1564 2087 1625 Italus
2133 1582 2204 1623 ex
2251 1562 2457 1624 Aldina
2505 1563 2621 1623 edi-

334 1673 498 1731 tione
548 1670 949 1732 Schneiderus
995 1673 1278 1733 restituit.

506 1775 550 1838 4
597 1777 806 1857 Agris
852 1776 1306 1858 homogyros]
1339 1781 1523 1854 Arqis
1562 1769 1898 1858 ὀνόγυρος
1936 1776 2092 1837 edita
2132 1774 2268 1836 inde
2307 1776 2382 1836 ab
2420 1776 2625 1837 Aldina

335 1885 591 1946 editione
649 1884 1022 1963 exemplaria.
1115 1884 1433 1964 Homogyri
1489 1885 1687 1964 Argivi
1747 1886 2106 1944 mentionem
2164 1882 2387 1944 fecerat
2442 1883 2625 1944 Varro

335 1995 392 2053 in
440 1991 609 2052 libris
656 1991 728 2052 de
778 1999 953 2070 gente
1000 1991 1204 2072 populi
1252 1991 1518 2071 Romani,
1555 2010 1587 2052 e
1630 1991 1847 2071 quibus
1886 1990 2069 2069 petita
2109 1999 2248 2050 sunt
2285 1990 2430 2051 haec
2469 1990 2623 2069 apud

339 2102 728 2180 Augustinum
788 2098 860 2159 de
918 2101 1027 2160 civ.
1083 2099 1180 2160 dei
1226 2098 1410 2159 XVIII
1449 2095 1517 2179 6,
1584 2117 1734 2179 quae
1789 2096 2114 2157 Kettnerus
2182 2096 2334 2157 stud.
2381 2095 2626 2156 Varron.

337 2227 384 2267 a.
436 2203 609 2269 1865
656 2226 712 2286 p.
752 2204 835 2269 67
885 2206 1146 2267 secundo
1177 2205 1345 2267 libro
1394 2205 1629 2288 tribuit,
1675 2208 1880 2281 Arqus
1926 2221 2161 2279 quoque
2219 2211 2357 2279 post
2401 2205 2625 2264 obitum
2719 2205 2727 2213 '

338 2318 483 2376 deus
529 2317 751 2376 haberi
802 2318 1001 2391 coepit
1062 2318 1275 2392 templo
1332 2322 1391 2375 et
1446 2316 1776 2387 sacrificiis
1848 2314 2210 2389 honoratus,
2265 2311 2372 2385 qui
2431 2311 2626 2371 honor

341 2441 407 2484 eo
453 2431 755 2498 reqnante
801 2430 944 2483 ante
990 2425 1155 2483 illum
1203 2423 1440 2482 delatus
1496 2429 1584 2481 est
1638 2423 1868 2482 homini
1912 2421 2159 2495 privato
2207 2424 2266 2477 et
2302 2416 2625 2491 fulminato

338 2533 581 2591 cuidam
628 2530 1000 2608 Homoqer,
1049 2546 1118 2590 eo
1164 2531 1329 2605 quod
1361 2532 1604 2606 primus
1650 2531 1736 2589 ad
1779 2534 2059 2588 aratrum
2108 2527 2282 2585 hoves
2331 2527 2624 2585 iunxerit.

340 2638 546 2698 eodem
594 2640 897 2719 pertinere
955 2655 1104 2717 quae
1164 2637 1277 2697 hoc
1325 2636 1455 2697 loco
1515 2638 1734 2716 scripta
1792 2644 1932 2696 sunt
1986 2644 2047 2694 et
2101 2650 2251 2712 quae
2309 2632 2626 2693 Pausanias

338 2744 434 2804 VII
472 2741 579 2824 24,
617 2742 658 2806 2
706 2744 779 2803 de
826 2742 960 2804 Iove
1007 2743 1348 2823 homagyrio
1397 2753 1600 2804 narrat
1637 2741 1885 2804 Carolus
1923 2740 2195 2801 Frickius
2243 2739 2313 2799 de
2362 2738 2627 2800 fontibus

336 2852 648 2930 Augustini
699 2843 990 2934 (Hoexter
1037 2869 1085 2910 a.
1130 2844 1330 2934 1886)
1378 2870 1431 2929 p.
1479 2848 1554 2911 17
1606 2849 1922 2910 adnotavit.

511 2957 689 3018 Noui
738 2959 942 3037 inqui
1002 2958 1165 3018 diue
1215 2957 1692 3036 maiestatem]
1743 2959 1896 3018 Novi
1940 2959 2136 3031 inquit
2180 2957 2399 3017 Menas
2443 2961 2626 3018 maie-
2743 3021 2749 3027 ,

333 3073 543 3126 statem
590 3064 909 3126 Iucundus
1004 3068 1200 3140 inquit
1246 3068 1344 3127 ille
1390 3064 1706 3126 Victorius

511 3171 831 3253 Bysycon
892 3170 1214 3251 bupaeda
1279 3170 1623 3249 holimon]
1685 3170 1847 3232 Paul.
1904 3188 2026 3230 exc.
2084 3168 2240 3230 Fest.
2301 3189 2355 3249 p.
2396 3167 2499 3251 32,
2541 3167 2625 3231 10

334 3281 632 3341 Bulimum
675 3279 902 3339 Graeci
935 3296 1218 3353 maqnam
1250 3278 1478 3355 famem
1518 3283 1732 3341 dicunt
1768 3281 1996 3339 assueti
2030 3281 2267 3352 maqnis
2306 3285 2364 3338 et
2410 3281 2625 3355 amplis

334 3388 513 3447 rebus
567 3403 951 3461 praeponere
1014 3387 1120 3465 bu,
1185 3404 1224 3446 a
1287 3389 1706 3461 maqnitudine
1768 3388 2005 3447 scilicet
2064 3387 2242 3444 bovis.
2334 3388 2478 3446 hinc
2541 3395 2628 3446 est

334 3496 496 3567 quod
526 3495 803 3568 qrandes
834 3496 1024 3569 pueri
1058 3494 1370 3569 bupaedas
1408 3498 1716 3570 appellant
1758 3500 1818 3554 et
1853 3494 2182 3553 mariscum
2223 3495 2411 3564 ficum
2449 3494 2623 3569 busy·

334 3619 462 3662 con.
539 3618 689 3679 quae
738 3618 769 3659 a
818 3597 1079 3659 Varrone
1127 3601 1310 3679 petita
1360 3618 1491 3660 esse
1538 3599 1837 3661 Victorius
1885 3599 2202 3660 adnotavit.

510 3703 553 3769 5
617 3706 844 3767 Filius
891 3708 1202 3785 neptuni
1249 3725 1280 3766 a
1326 3706 1759 3788 menalippa]
1809 3708 1869 3766 E
1910 3707 2264 3782 Menalippa
2311 3703 2624 3766 Victorius,

335 3816 510 3877 simili
550 3814 836 3875 brevitate
876 3812 1029 3874 dicta
1069 3822 1209 3874 sunt
1247 3814 1412 3894 haec,
1449 3816 1511 3874 in
1554 3812 1770 3893 quibus
1809 3815 1886 3873 ab
1926 3814 2285 3891 praepositio
2332 3811 2401 3872 ad
2451 3814 2625 3892 orIgi-

336 3941 467 3983 nem
516 3939 718 3983 rerum
768 3921 858 3982 vel
896 3921 1201 3982 hominum
1241 3920 1613 3981 indicandam
1654 3919 1989 3980 nominibus
2027 3919 2223 3979 addita
2263 3928 2371 4001 est,
2410 3919 2463 3978 ΙΙ
2494 3918 2551 4000 2,
2586 3918 2618 3981 1

329 4036 606 4106 pastores
645 4047 683 4089 a
723 4029 1087 4103 Perqamide
1126 4027 1458 4102 Maledove,
1496 4025 1550 4087 II
1592 4025 1692 4108 11,
1730 4025 1771 4088 2
1819 4031 1917 4088 lac
1954 4030 2163 4088 melius
2209 4034 2299 4087 est
2344 4045 2383 4087 a
2423 4031 2621 4088 valen-

337 4138 509 4211 tibus,
557 4135 629 4195 de
670 4134 806 4214 ling.
846 4134 941 4195 lat.
980 4133 1026 4192 V
1065 4132 1142 4195 31
1197 4136 1343 4195 Asia
1391 4138 1558 4196 dicta
1606 4137 1684 4195 ab
1732 4137 2012 4212 nympha,
2060 4152 2099 4193 a
2144 4151 2268 4208 qua
2316 4140 2373 4194 et
2414 4134 2624 4212 Iapeto

338 4246 609 4304 traditur
656 4244 1068 4304 Prometheus.

515 4347 728 4409 Nasci
800 4347 1257 4409 dulcissimas
1332 4367 1498 4429 apes
1575 4349 1810 4409 mellis
1886 4356 2145 4408 matres
2213 4365 2244 4407 a
2310 4365 2444 4426 quo
2510 4367 2627 4408 eas

343 4459 579 4535 graeci
615 4455 939 4534 hugones
978 4455 1371 4535 appellant]
1404 4458 1595 4518 Nasci
1630 4474 1774 4533 apes
1813 4457 2144 4516 dulcissimi
2177 4457 2365 4515 mellis
2401 4463 2628 4517 matres
2657 4449 2690 4471 ⁶

342 4561 648 4642 legendum
698 4561 789 4622 vel
837 4581 980 4639 apes
1028 4561 1342 4623 delendum
1392 4580 1522 4623 esse
1572 4562 1822 4623 Ursinus
1871 4562 2139 4622 coniecit.
2178 4595 2252 4603 —
2287 4554 2627 4642 βουγόνας
