3178 5185
912 427 1173 481 RERVM
1211 421 1694 481 RVSTICARVM
1731 426 1866 481 LIB.
1906 428 1959 481 II
2000 426 2033 481 7
2487 419 2608 483 191

329 589 553 657 tempus
600 585 757 642 anni
799 585 1051 657 venerit,
1097 583 1188 641 bis
1235 582 1352 658 die,
1408 599 1585 641 mane
1631 587 1691 642 et
1736 599 1999 657 vespere,
2040 601 2157 658 per
2202 585 2469 656 oriyam:
2523 585 2614 644 sic

328 691 668 764 appellatur
716 691 825 763 qui
868 690 1147 749 admittit.

497 792 593 853 Eo
644 795 829 854 enim
869 794 1242 855 adiutante
1292 812 1468 872 equa
1516 794 1811 873 alligata
1859 795 2184 855 celerius
2224 795 2611 856 admittun-

327 897 474 976 tur]
525 901 743 975 Equae
789 904 1083 976 alliqatae
1120 904 1382 961 celerius
1432 903 1838 962 admittuntur
1874 900 2115 982 Merula,
2162 920 2319 976 equa
2356 907 2613 977 alliqata

325 1009 584 1067 celerius
631 1009 975 1068 admittitur
1022 1006 1339 1068 iucundus.
1425 1006 1685 1068 Merulae
1733 1009 2134 1069 coniecturam
2178 1007 2475 1069 Victorius
2522 1029 2611 1069 re-

323 1120 575 1191 ceperat.
649 1116 885 1174 restitui
933 1113 1247 1175 lectionem
1295 1113 1618 1194 archetypi.
1695 1132 1828 1174 nam
1867 1115 2169 1176 adiutante
2208 1117 2428 1196 auriga,
2474 1134 2608 1177 cum

323 1237 469 1297 equa
518 1218 751 1299 alligata
799 1229 906 1301 est,
958 1220 1214 1281 celerius
1262 1222 1404 1300 equi
1449 1220 1864 1283 admittuntur.

495 1323 537 1387 9
609 1326 774 1388 Cum
822 1346 1051 1406 equus
1090 1336 1392 1388 matrem
1432 1327 1653 1389 salire
1693 1348 1846 1390 cum
1886 1328 2146 1390 adduci
2184 1322 2324 1391 non
2362 1339 2611 1409 posset

321 1450 471 1493 eum
541 1435 780 1512 capite
855 1434 1203 1496 obuoluto
1283 1436 1537 1514 auriga
1611 1435 2039 1497 adduxisset
2114 1446 2182 1497 et
2247 1439 2608 1516 coegisset

320 1547 614 1600 matrem
670 1540 1071 1603 inire'cum
1129 1542 1610 1604 descendenti
1669 1542 2056 1605 demsisset
2110 1543 2193 1603 ab
2250 1544 2485 1606 oculis
2541 1555 2611 1606 et

317 1645 438 1706 ille
492 1648 839 1726 impetum
888 1649 1099 1726 fecit]
1149 1651 1474 1712 Demsisset
1517 1650 1563 1709 A
1578 1696 1596 1729 ‚
1645 1652 1926 1712 de'ssisset
1978 1650 2164 1711 codex
2212 1650 2611 1732 Florentium,

318 1756 651 1816 demisisset
685 1754 731 1814 B
772 1764 833 1816 et
870 1756 1179 1818 CaesenaS.
1257 1758 1548 1836 principis
1586 1757 1868 1817 editionis
1905 1756 2223 1818 lectionem
2255 1777 2391 1819 cum
2421 1777 2610 1834 equus

317 1869 570 1923 matrem
618 1869 687 1922 ut
730 1866 946 1925 saliret
981 1867 1215 1925 adduci
1248 1881 1366 1925 non
1395 1871 1616 1941 posset,
1656 1882 1793 1925 cum
1831 1868 2034 1941 capite
2070 1867 2345 1927 obvoluto
2382 1870 2610 1941 auriqa

319 1971 678 2030 adduxisset
722 1976 781 2030 et
818 1973 1114 2045 coepisset
1148 1977 1404 2031 matrem
1443 1973 1619 2044 inire,
1659 1988 1794 2030 cum
1835 1971 2228 2032 descendenti
2264 1974 2613 2049 dempsisset

319 2079 392 2136 ab
456 2079 678 2150 oculis,
744 2079 843 2138 ille
899 2080 1180 2154 impetum
1239 2075 1398 2151 fecit
1463 2075 1873 2154 neglegentius
1940 2080 2202 2138 correxit
2261 2077 2609 2161 PolitianuS,

318 2201 450 2243 cum
505 2186 698 2245 salire
754 2201 891 2244 cum
946 2202 1055 2262 pro
1113 2187 1329 2246 saliret
1383 2191 1444 2244 et
1501 2201 1636 2244 eum
1693 2201 1802 2262 pro
1861 2201 1999 2244 cum
2055 2172 2189 2245 ante
2248 2188 2451 2261 capite
2509 2185 2606 2246 ad-

317 2299 565 2371 notaret,
603 2288 832 2369 reliqua
873 2289 1258 2370 relinqueret.
1334 2309 1472 2352 cum
1510 2308 1701 2365 equus
1739 2297 1993 2351 matrem
2032 2298 2100 2352 ut
2133 2294 2352 2352 saliret
2377 2295 2614 2353 adduci

317 2414 431 2457 non
481 2405 685 2473 posset
740 2404 800 2457 et
844 2416 979 2459 eum
1036 2401 1240 2474 capite
1294 2400 1567 2459 obvoluto
1608 2400 1907 2473 peroriqa
1963 2401 2325 2459 adduxisset
2368 2407 2428 2460 et
2472 2418 2604 2461 coe-

313 2506 498 2576 yisset
534 2511 792 2564 matrem
830 2508 1005 2586 inire,
1053 2523 1190 2565 cum
1230 2507 1626 2565 descendenti
1661 2509 1853 2565 velum
1900 2507 2249 2581 dempsisset
2285 2508 2361 2566 ab
2400 2510 2607 2581 oculis,

319 2614 413 2671 ille
459 2615 744 2689 impetum
785 2610 940 2686 fecit
987 2611 1308 2673 IucunduS.
1381 2610 1791 2690 perturbatam
1838 2614 1899 2670 in
1946 2611 2264 2691 archetypo
2317 2616 2607 2693 composi·

316 2719 537 2778 tionem
585 2718 905 2779 verborum
955 2720 1313 2797 transposito
1373 2717 1445 2777 ab
1512 2720 1683 2778 initio
1715 2720 2060 2778 ‘sententiae
2119 2737 2257 2780 cum
2305 2732 2365 2780 et
2411 2721 2604 2782 deleto

311 2832 367 2885 et
421 2834 560 2886 ante
620 2829 719 2886 ille
775 2825 1108 2906 emendavi,
1173 2844 1362 2900 equus
1429 2832 1683 2885 matrem
1739 2828 1929 2885 salire
1999 2843 2135 2886 cum
2190 2829 2425 2888 adduci
2484 2847 2604 2890 non

306 2939 523 3008 posset,
570 2911 710 2993 cum
756 2951 892 2994 eum
940 2936 1141 3010 capite
1186 2934 1460 2994 obvoluto
1519 2935 1745 3007 auriqa
1802 2934 2163 2993 adduxisset
2209 2940 2269 2993 et
2313 2917 2608 3010 coepisset

311 3048 566 3101 matrem
605 3044 780 3115 inire,
820 3058 957 3101 cum
996 3041 1388 3100 descendenti
1422 3041 1774 3115 dempsisset
1810 3040 1887 3098 ab
1926 3042 2136 3112 oculis,
2185 3042 2285 3101 ille
2323 3044 2604 3117 impetum

307 3144 471 3220 fecit.
550 3165 685 3207 nam
734 3149 968 3208 adduci
1011 3159 1147 3206 cum
1204 3146 1493 3206 infinitivo
1550 3148 1936 3206 coniunctum
1996 3144 2254 3206 editores
2302 3148 2602 3209 offendere

312 3271 428 3313 non
476 3253 747 3314 debebat.
825 3256 1068 3315 demere
1113 3260 1313 3313 autem
1352 3270 1469 3311 non
1519 3251 1716 3313 addita
1757 3270 1840 3331 re,
1880 3269 1994 3330 qua
2043 3261 2221 3331 caput
2258 3252 2602 3315 obvolutum

314 3369 453 3441 erat,
502 3360 725 3421 dictum
776 3370 885 3442 est,
932 3368 1000 3421 ut
1048 3359 1229 3420 multa
1276 3361 1336 3420 in
1385 3359 1498 3418 hoc
1545 3377 1764 3437 genere
1826 3357 2160 3420 verborum.
2236 3379 2363 3420 rem
2416 3350 2636 3449 ipsam*

311 3466 420 3527 alio
469 3475 717 3528 auctore
766 3470 1026 3529 narravit
1070 3466 1299 3528 Plinius
1350 3466 1383 3527 l.
1424 3484 1493 3547 c.,
1541 3465 1794 3527 similem
1842 3464 2193 3526 Aristoteles
2243 3466 2380 3528 bist.
2428 3470 2601 3527 anim.

311 3572 384 3634 IX
430 3572 537 3635 47.

487 3680 737 3760 Itaque
767 3684 837 3742 in
867 3681 1178 3742 stabulis
1208 3690 1277 3742 et
1305 3700 1547 3742 umore
1578 3679 1973 3761 prohibere
2005 3687 2294 3760 oportet
2337 3680 2597 3758 umum]

313 3789 530 3864 Itaque
585 3792 650 3849 in
704 3791 958 3850 stabulis
1016 3791 1094 3849 ab
1150 3792 1402 3850 humore
1462 3789 1794 3864 prohibere
1847 3793 2082 3863 oportet
2135 3788 2379 3847 humum
2444 3786 2599 3846 edita

311 3895 446 3955 inde
504 3894 577 3955 ab
634 3894 842 3955 Aldina
898 3896 1157 3956 editione
1217 3895 1591 3973 exemplaria.
1688 3902 1747 3955 et
1800 3912 2009 3954 umore
2067 3895 2330 3972 restitui,
2388 3891 2491 3952 ubi
2544 3900 2605 3953 et

311 4020 415 4079 pro
474 4004 658 4062 etiam
706 4000 957 4082 dictum,
1015 4001 1332 4080 prohibere
1389 4008 1588 4061 autem
1648 4019 1783 4061 cum
1831 4000 2082 4060 ablativo
2129 4017 2271 4060 casu
2318 4001 2598 4060 coniunc-

312 4115 435 4168 tum
484 4117 595 4169 est.

491 4213 569 4276 11
640 4214 962 4275 Alternis
1009 4217 1130 4294 qui
1178 4216 1569 4276 admittant
1616 4215 2124 4276 diuturniores
2181 4231 2406 4291 equos
2462 4231 2598 4273 me-

313 4320 533 4383 liores
589 4322 826 4402 pullos
887 4323 1057 4382 sieri
1117 4322 1367 4383 dicunt
1422 4324 1666 4402 itaque
1725 4330 1799 4382 ut
1867 4320 2243 4381 restibiles
2313 4330 2598 4398 segetes

314 4438 505 4491 esset
564 4437 952 4490 exuctores
1009 4431 1115 4489 sic
1172 4430 1354 4508 quod
1414 4432 1620 4489 annis
1677 4447 1852 4508 quae
1909 4428 2325 4507 praegnatis
2384 4426 2596 4504 fiant]

315 4535 485 4596 Esset
527 4538 590 4595 in
638 4534 956 4615 archetypo
1007 4535 1187 4596 fuisse
1237 4553 1533 4595 consensu
1580 4534 2053 4614 apographorum
2102 4541 2350 4614 constat,
2405 4541 2600 4594 essent
