3178 5185
586 425 712 489 172
1266 431 1648 488 COMMENT.
1685 432 1765 487 IN
1801 431 2176 488 VARRONIS

582 591 889 665 appellant
932 587 1263 670 IucunduS,
1319 587 1476 668 quod
1533 597 1759 649 temere
1818 587 2223 667 probaverunt
2281 587 2568 669 editoreS,
2616 591 2785 668 quasi
2837 607 2868 648 a

582 697 941 758 nominativo
1004 686 1303 776 βουγόνη
1370 695 1598 756 dictum
1662 704 1836 756 esset.
1928 693 2274 775 βουγενεῖς
2339 694 2620 774 Scaliger.
2711 693 2866 754 idem

581 804 789 864 vitium
836 812 1177 865 correctum
1223 811 1315 865 est
1359 806 1422 864 in
1478 805 1822 883 geoponicis
1869 802 1971 863 XV
2007 801 2068 885 2,
2111 800 2194 864 14
2240 799 2315 863 αἱ
2353 801 2703 884 βουγενεῖς
2748 805 2864 883 μιᾷ

580 901 690 971 καὶ
736 906 999 994 εἰκοστῇ
1046 901 1260 995 ἡμέρᾳ
1308 907 1820 996 ζῳογονοῦνται,
1868 910 1972 972 ubi
2018 909 2368 991 βουγονεῖς
2414 917 2541 970 erat
2586 912 2649 970 in
2687 908 2868 969 libris

755 1017 841 1079 Et
886 1017 1073 1080 hunc
1110 1017 1464 1097 plautium
1501 1017 1821 1079 locutum
1861 1036 2017 1078 esse
2056 1017 2283 1078 latine
2323 1035 2526 1097 quam
2562 1016 2869 1076 hirrium

578 1133 987 1206 praetorem
1062 1127 1554 1186 renuntiatum
1629 1143 1890 1187 romam
1964 1128 2034 1185 in
2108 1133 2435 1185 senatum
2520 1127 2870 1205 scriptum

578 1231 947 1311 habemus]
989 1233 1270 1293 Hirrium
1314 1233 1569 1312 plurima
1617 1232 1951 1313 apographa
1998 1242 2062 1306 et
2105 1252 2175 1293 ex
2224 1231 2560 1313 archetypo,
2599 1240 2670 1292 ut
2716 1231 2868 1292 vide-

580 1348 696 1421 tur,
742 1339 1067 1424 Victorius3
1115 1341 1383 1403 Hirtium
1439 1343 1501 1401 in
1557 1343 1829 1421 principe
1886 1340 2147 1401 editione
2192 1338 2520 1399 Politianus
2578 1357 2699 1399 non
2748 1358 2871 1400 cor-

580 1449 762 1529 rexit,
826 1450 1096 1526 hyrtium
1162 1448 1349 1509 codex
1414 1448 1825 1531 FlorentinuS,
1887 1450 2153 1510 hircium
2209 1445 2516 1507 CaesenaS.
2611 1453 2674 1507 et
2732 1449 2873 1507 hinc

582 1555 889 1615 Plautium
937 1559 1199 1617 locutum
1257 1574 1386 1617 esse
1443 1558 1648 1617 latine.
1740 1572 1878 1618 cum
1924 1555 2192 1616 Hirtium
2241 1560 2594 1631 praetorem
2647 1572 2872 1616 renun-

578 1664 793 1723 tiatum
830 1663 1085 1725 Romam
1133 1667 1196 1725 in
1242 1670 1519 1725 senatum
1555 1666 1850 1740 scriptum
1896 1664 2126 1724 habere
2159 1660 2402 1742 Merula,
2443 1679 2621 1740 quem
2659 1660 2870 1722 deinde

577 1768 794 1848 reliqui
840 1770 1100 1832 editores
1148 1773 1339 1832 secuti
1386 1779 1543 1832 sunt.
1619 1769 1691 1831 de
1736 1769 1967 1831 Plautio
2019 1777 2080 1830 et
2115 1768 2313 1840 Hirrio
2352 1768 2518 1851 nihil,
2556 1769 2717 1848 quod
2756 1768 2871 1830 huc

578 1874 846 1937 videatur
892 1877 1109 1939 referri
1157 1896 1349 1959 posse,
1397 1878 1715 1966 memoriae
1754 1877 2057 1958 proditum
2106 1862 2213 1937 est.
2287 1878 2487 1954 itaque
2526 1885 2871 1957 corruptam

577 1982 884 2065 archetypi
930 1988 1290 2065 scripturam
1337 1987 1797 2067 repraesentavi.

754 2090 968 2162 Quam
1017 2095 1138 2173 qui
1184 2092 1566 2172 hugoniam
1616 2092 1946 2174 scripsit]
1987 2091 2307 2172 Bugoniam
2346 2089 2580 2152 Eumeli
2629 2110 2868 2152 carmen

578 2215 708 2258 esse
750 2198 930 2259 tradit
959 2197 1356 2279 Hieronymus
1394 2201 1456 2260 in
1484 2197 1705 2260 Euseb.
1735 2198 1943 2261 chron.
1975 2217 2022 2260 a.
2057 2194 2230 2260 1250
2265 2218 2322 2279 p.
2352 2194 2431 2260 81
2475 2198 2565 2259 ed.
2599 2197 2871 2280 Schoen.,

578 2293 882 2381 EumeluS,
929 2311 1037 2382 qui
1080 2309 1405 2383 buqoniam
1453 2312 1512 2367 et
1546 2307 1904 2384 Europiam,
1950 2313 2012 2368 et
2053 2307 2374 2384 Ανοτίηαε,
2419 2310 2529 2380 qui
2562 2308 2868 2385 Aethiopi·

578 2414 733 2472 dam·
765 2415 1099 2490 composuit
1150 2420 1211 2474 et
1256 2414 1612 2494 Iliupersin,
1660 2415 2033 2488 agnoscitur.
2126 2413 2272 2473 nihil
2318 2421 2693 2493 compertum
2743 2432 2869 2475 esse

579 2518 653 2579 de
700 2519 990 2600 scriptore
1030 2521 1312 2607 carminis
1348 2518 1535 2580 Varro
1581 2519 1820 2581 indicat.
1898 2519 1970 2579 de
2017 2521 2399 2601 generatione
2447 2527 2645 2580 autem
2693 2538 2868 2600 apum
2948 2518 2965 2539 '

577 2644 648 2686 ex
687 2625 882 2688 bubus
921 2630 1208 2708 scriptum
1246 2629 1431 2690 fuisse
1470 2645 1711 2689 carmen
1748 2626 2136 2706 probabiliter
2181 2630 2567 2688 coniecerunt
2606 2626 2869 2708 Scaliger

576 2734 639 2793 in
695 2732 911 2795 Euseb.
969 2735 1171 2796 chron.
1219 2735 1256 2797 l.
1305 2754 1354 2796 c.
1411 2744 1471 2796 et
1519 2733 1842 2795 Salmasius
1898 2736 1960 2795 in
2010 2733 2192 2795 Solin.
2238 2755 2294 2815 p.
2335 2730 2484 2796 859.
2576 2753 2711 2795 nam
2765 2737 2868 2814 qui

578 2839 649 2899 ad
696 2841 965 2918 ipsorum
1010 2841 1190 2903 boum
1236 2823 1681 2923 generationem
1729 2841 2090 2903 rettulerunt
2134 2841 2314 2921 idque
2352 2840 2633 2902 Varronis
2671 2841 2866 2902 verbis

578 2946 731 3006 effici
770 2946 1102 3030 voluerunt,
1131 2935 1674 3011 Marckscheffelius
1703 2947 1941 3011 Hesiod.
1979 2949 2182 3028 fragm.
2222 2970 2278 3030 p.
2307 2945 2437 3011 239
2478 2958 2539 3010 et
2575 2948 2866 3029 Bergkius

580 3070 728 3114 muS.
766 3052 1028 3116 Rhenan.
1069 3074 1117 3117 a.
1162 3054 1333 3119 1842
1380 3078 1438 3138 p.
1475 3052 1624 3138 365,
1662 3057 1905 3118 facetias
1944 3058 2236 3117 sermonis
2272 3055 2622 3116 varroniani
2657 3075 2863 3135 parum

576 3170 1031 3240 perspexerunt.
1121 3162 1235 3224 hoc
1300 3166 1458 3225 enim
1523 3163 1668 3224 dicit
1714 3161 1990 3245 VacciuS,
2046 3181 2109 3222 se
2173 3180 2276 3223 sua
2338 3161 2736 3242 disputatione
2794 3161 2864 3223 de

577 3267 858 3348 dignitate
916 3275 977 3329 et
1029 3272 1389 3348 praestantia
1453 3269 1634 3331 boum
1690 3268 1941 3330 Varroni
1996 3287 2115 3329 non
2172 3271 2368 3331 minus
2424 3269 2863 3332 satisfacturum

577 3393 727 3455 esse,
768 3393 946 3454 quam
991 3394 1128 3436 eum
1177 3380 1280 3457 qui
1325 3377 1642 3458 hugoniam
1690 3378 2015 3457 scripserit.

754 3479 795 3543 6
853 3482 1121 3544 Bouum
1167 3483 1483 3563 nouello]
1525 3486 1772 3546 Nouello
1808 3483 2063 3564 plurima
2101 3484 2451 3566 apographa,
2491 3490 2862 3547 nouellorum

575 3592 636 3650 in
683 3590 953 3669 principe
1001 3590 1258 3653 editione
1296 3591 1622 3654 Politianus
1660 3610 1778 3652 non
1818 3593 2095 3652 correxit.
2168 3596 2407 3654 nouello
2444 3594 2507 3652 in
2546 3593 2862 3674 archetypo

576 3697 806 3757 videtur
868 3699 1155 3777 scriptum
1191 3699 1424 3782 fuisse,
1481 3698 1695 3760 deinde
1762 3707 2097 3759 correctum
2160 3703 2552 3760 nouellorum.
2645 3703 2862 3763 bouum

572 3804 686 3865 hoc
734 3823 853 3865 uno
900 3803 1031 3865 loco
1077 3808 1139 3867 in
1187 3806 1508 3887 archetypo
1557 3808 1848 3886 scriptum
1895 3805 2042 3885 fuit,
2086 3814 2394 3885 praeterea
2450 3807 2627 3867 boum
2688 3825 2860 3888 supra

572 3910 616 3973 4
655 3921 713 3974 et
751 3908 792 3974 5
840 3921 901 3973 et
946 3907 1158 3974 deinde
1209 3910 1265 3989 7,
1305 3910 1372 3996 63
1430 3916 1636 3975 bovom
1683 3915 1744 3974 in
1793 3912 1995 3973 codice
2055 3912 2396 3973 Florentino
2452 3912 2738 3975 Varronis
2793 3914 2860 3975 de

572 4019 711 4099 ling.
749 4018 847 4080 lat.
895 4017 975 4078 IX
1011 4017 1114 4082 33.

754 4126 940 4198 Quae
993 4128 1272 4189 sterilis
1320 4137 1428 4190 est
1483 4147 1700 4190 uacca
1757 4137 1960 4189 taura
2014 4127 2369 4207 appellata
2424 4146 2606 4207 quae
2663 4147 2857 4210 prae-

573 4252 744 4314 gnas
818 4233 1040 4294 horda
1105 4234 1187 4295 ab
1253 4254 1332 4296 eo
1397 4238 1467 4296 in
1533 4235 1870 4298 fastidies
1934 4234 2335 4296 hordicalia
2402 4236 2859 4296 nominantur

575 4339 761 4420 quod
818 4348 962 4401 tum
1018 4341 1282 4403 hordae
1340 4342 1563 4404 boues
1618 4341 2100 4421 immolantur]
2160 4342 2517 4419 Appellatur
2572 4341 2856 4403 editiones

573 4455 708 4509 ante
756 4445 1097 4528 Victorium,
1133 4450 1247 4528 ·qui
1294 4455 1601 4528 appellata
1647 4468 1719 4510 ex
1765 4450 1967 4511 codice
2014 4451 2258 4529 recepit.
2333 4448 2677 4525 infastidies
2715 4468 2847 4530 apo.-

574 4553 820 4634 grapha,
877 4557 938 4614 in
988 4553 1170 4630 fastis
1226 4559 1353 4617 dies
1409 4558 1469 4617 in
1525 4559 1796 4637 principe
1852 4555 2110 4618 editione
2169 4555 2494 4626 Politianus
2553 4574 2673 4617 non
2730 4574 2851 4618 cor·
