3178 5185
911 424 1171 479 RERVM
1208 423 1688 480 RVSTICARVM
1723 424 1859 480 LIB.
1906 426 1984 478 ΙΙΙ
2028 422 2062 478 9
2367 489 2388 515 x
2494 415 2619 481 267

518 576 599 642 15
666 579 831 641 Cum
879 587 1268 659 tempestas
1316 583 1412 641 sit
1457 580 1692 641 mollis
1749 578 1975 659 adque
2034 577 2382 659 apricum]
2431 579 2625 656 Atque

340 692 399 750 in
446 692 726 765 apricum
773 707 845 748 ex
893 689 1164 767 principe
1212 688 1470 750 editione
1520 687 1921 749 Schneiderus
1983 686 2190 748 lacuna
2246 695 2381 768 post
2434 692 2626 750 mollis

337 793 616 876 indicata,
666 814 801 856 cum
858 795 1054 857 locum
1113 798 1406 877 apricum,
1453 795 1811 857 vestibulum
1869 813 2050 875 supra
2105 795 2355 877 dictum,
2403 798 2625 875 signifi-

338 906 458 966 cari
514 911 770 984 putaret.
862 903 935 964 de
1000 911 1157 965 statu
1214 902 1360 964 caeli
1417 903 1636 964 dicitur
1701 906 1980 981 apricum
2037 909 2148 984 est,
2215 911 2280 964 ut
2325 902 2405 963 lII
2446 901 2546 985 10,
2582 900 2627 965 4

335 1029 615 1073 serenum
662 1030 798 1073 cum
846 1019 950 1087 est,
996 1011 1022 1071 I
1061 1007 1165 1093 59,
1203 1008 1243 1073 2
1290 1030 1407 1086 quo
1448 1010 1745 1087 friqidius
1791 1014 1884 1072 sit.

513 1117 925 1180 Euitantem
984 1117 1340 1179 caldorem
1397 1126 1464 1179 et
1520 1116 1780 1198 frigus]
1831 1120 2085 1179 Evitare
2131 1122 2271 1180 item
2317 1122 2625 1181 caldorem

339 1245 404 1287 ex
455 1227 726 1305 principe
775 1225 1033 1287 editione
1082 1224 1483 1301 Schneiderus
1540 1226 1729 1309 dedit,
1777 1227 2054 1304 quoniam
2108 1224 2182 1287 dc
2229 1225 2407 1306 pullis
2466 1227 2625 1308 soliS,

337 1353 456 1394 non
521 1334 593 1394 de
659 1332 906 1415 gallIniS,
970 1332 1115 1395 haec
1165 1336 1537 1413 praeciperet
1601 1332 1919 1394 Columella
1974 1331 2103 1393 VIII
2140 1329 2199 1417 5,
2243 1331 2322 1396 19
2395 1338 2506 1397 sed
2571 1341 2629 1396 et

338 1443 682 1532 curandum
719 1444 842 1504 erit
875 1449 943 1504 ut
980 1445 1179 1520 tepide
1214 1444 1587 1504 habeantur:
1634 1460 1776 1503 nam
1812 1461 1925 1504 nec
1963 1447 2229 1504 calorem
2274 1461 2386 1503 nec
2423 1445 2625 1518 friyus

336 1554 649 1611 sustinent.
741 1548 1043 1630 archetypi
1116 1549 1431 1610 lectionem
1481 1547 1775 1610 Victorius
1824 1551 2186 1611 restituerat.
2279 1552 2624 1612 evitandum

339 1657 588 1718 Ursinus
636 1658 908 1718 coniecit.

517 1761 600 1826 16
666 1763 983 1826 Gallinae
1049 1765 1368 1826 rusticae
1435 1771 1604 1825 sunt
1668 1765 1739 1824 in
1794 1763 1972 1824 urbe
2029 1781 2236 1825 rarae
2293 1783 2421 1826 nec
2479 1764 2628 1825 fere

337 1879 751 1933 mansuetae
798 1875 945 1934 sint
991 1890 1207 1933 cauea
1253 1870 1602 1932 uidentur
1639 1870 1894 1932 Romae
1943 1871 2221 1932 similes
2268 1872 2451 1933 facie
2491 1891 2627 1932 non

336 1980 450 2040 hic
509 1978 799 2058 gallinis
855 1978 1210 2041 uillaticis
1268 1980 1545 2040 nostris
1607 1978 1729 2039 sed
1791 1979 2136 2039 africanis
2198 1988 2494 2059 aspectu
2552 1998 2629 2040 ac

337 2089 522 2148 facie
569 2068 1181 2149 incontaminatae
1237 2088 1307 2147 in
1355 2086 1737 2148 ornatibus
1783 2085 2099 2166 publicis
2146 2085 2386 2147 solent
2430 2086 2624 2166 poni]

338 2192 475 2256 Sint
520 2213 720 2256 cauea
766 2194 1127 2276 apographa,
1172 2198 1305 2258 sine
1352 2213 1550 2256 cauea
1587 2193 1915 2256 Politianus
1961 2196 2024 2254 in
2061 2196 2330 2274 principe
2368 2193 2628 2254 editione

339 2321 454 2363 non
501 2304 769 2364 mutavit.
841 2306 972 2364 sine
1018 2320 1209 2364 cavea
1256 2309 1315 2363 et
1362 2303 1575 2364 deinde
1623 2321 1743 2364 non
1788 2305 1883 2363 his
1928 2304 2211 2363 villaticis
2251 2304 2504 2377 qallinis
2541 2334 2628 2343 —-

332 2409 502 2486 facie
561 2413 1040 2472 incontaminata
1102 2410 1257 2471 edita
1317 2408 1454 2470 inde
1515 2428 1548 2470 a
1603 2411 1873 2490 principe
1939 2409 2198 2470 editione
2256 2406 2628 2487 exemplaria.

338 2516 765 2579 dubitationem
810 2516 1241 2597 interpretibus
1290 2525 1604 2579 moverunt
1642 2537 1709 2579 63
1756 2536 1907 2599 quae
1954 2516 2028 2578 dc
2071 2515 2261 2578 tribus
2307 2516 2629 2596 generibus

339 2628 688 2708 gallinarum
737 2627 890 2707 apud
931 2626 1313 2688 Columellam
1350 2626 1480 2686 VIII
1507 2625 1568 2708 2,
1603 2625 1637 2688 1
1679 2627 1900 2704 scripta
1948 2634 2105 2707 sunt,
2143 2643 2356 2687 earum
2389 2644 2627 2701 yenera

341 2744 484 2797 sunt
517 2740 614 2797 vel
647 2737 1048 2797 cohortalium
1086 2739 1182 2797 vel
1213 2737 1593 2796 rusticarum
1633 2739 1730 2796 vel
1765 2733 2223 2810 Africanarum.
2299 2736 2628 2795 cohortalis

347 2851 435 2906 est
481 2846 613 2905 avis
658 2861 817 2919 quae
860 2848 1037 2919 vulqo
1077 2862 1195 2920 per
1252 2860 1454 2904 omnes
1503 2842 1645 2919 fere
1698 2846 1872 2903 villas
1927 2844 2330 2919 conspicitur:
2372 2844 2631 2922 rustica,

339 2971 499 3028 quae
559 2966 681 3012 non
751 2953 1055 3011 dissimilis
1115 2952 1421 3012 villaticae
1484 2969 1603 3027 per
1674 2967 1970 3027 aucupem
2029 2951 2359 3026 decipitur,
2433 2966 2628 3023 eaque

331 3062 606 3138 plurima
644 3065 733 3119 est
778 3060 842 3120 in
889 3060 1089 3119 insula
1126 3075 1308 3132 quam
1354 3064 1584 3119 nautae
1631 3060 1694 3120 in
1731 3058 2042 3132 Liqustico
2079 3058 2244 3117 mari
2276 3058 2454 3116 sitam
2486 3073 2628 3132 pro-

342 3172 528 3230 ducto
565 3170 806 3228 nomine
843 3169 1005 3227 alitis
1048 3167 1453 3227 Gallinariam
1491 3168 1940 3227 vocitaverunt:
1977 3163 2284 3240 Africana
2320 3170 2413 3227 est
2447 3181 2629 3239 quam

333 3279 618 3354 plerique
662 3275 1048 3346 Numidicam
1097 3276 1339 3348 dicunt,
1385 3275 1750 3349 meleaqridi
1790 3275 2017 3335 similis.
2093 3289 2229 3332 nam
2275 3288 2409 3331 cum
2460 3269 2628 3331 Colu—

339 3381 513 3444 mella
559 3384 815 3443 rusticas
875 3381 1145 3464 gallinas,
1194 3399 1346 3461 quae
1403 3389 1545 3442 sunt
1600 3381 1873 3461 perdices
1920 3379 2181 3457 Italicae,
2229 3376 2452 3439 similes
2500 3397 2630 3439 csse

341 3491 498 3552 dicat
545 3489 848 3565 villaticis,
895 3490 1192 3551 contraria
1239 3489 1453 3550 docere
1493 3487 1804 3549 videbatur
1850 3486 2053 3548 Varro.
2144 3493 2388 3567 apparet
2433 3494 2629 3547 autem

340 3618 459 3660 non
508 3598 583 3659 de
623 3600 782 3659 omni
829 3617 1047 3677 genere
1094 3599 1455 3660 rusticarum
1501 3596 1869 3677 gallinarum,
1909 3614 2058 3675 quae
2105 3597 2167 3656 in
2206 3596 2363 3675 agris
2408 3596 2627 3677 vivunt,

343 3706 489 3767 haec
528 3707 752 3786 scripta
791 3723 940 3788 esse,
979 3704 1084 3767 sed
1132 3706 1203 3766 de
1250 3707 1323 3767 iis
1362 3724 1512 3786 quae
1552 3712 1798 3766 ornatus
1838 3722 2014 3765 causa
2052 3705 2111 3764 in
2149 3701 2298 3764 urbe
2337 3700 2630 3763 habentur

339 3816 401 3874 in
459 3832 661 3887 cavea,
720 3832 871 3892 quae
929 3822 1175 3893 propter
1229 3812 1738 3894 pulchritudinem
1797 3810 2368 3888 formae,Africanis
2433 3811 2631 3889 potius

343 3940 518 4000 quam
567 3918 834 3981 villaticis
881 3921 1104 3981 similes
1153 3928 1295 3981 sunt
1341 3928 1518 4000 atque
1557 3922 1738 3981 etiam
1784 3921 1846 3979 in
1896 3918 2271 3999 spectaculiS,
2309 3920 2466 3979 sicut
2502 3935 2630 3977 mos

345 4038 472 4090 erat
501 4027 921 4110 Romanorum,
951 4047 1068 4090 una
1106 4048 1244 4090 cum
1281 4029 1617 4108 peregrinis
1657 4026 1863 4088 avibus
1901 4025 2138 4107 publice
2178 4024 2628 4105 conspiciendae

344 4143 669 4216 ponuntur.
726 4137 926 4215 itaque
966 4144 1311 4217 corruptam
1348 4134 1669 4196 verborum
1698 4136 2055 4213 scripturam
2085 4134 2197 4194 hoc
2228 4132 2403 4194 modo
2433 4151 2628 4194 emen—

344 4243 503 4325 davi,
546 4246 821 4319 ⁸qallinae
865 4246 1138 4305 rusticae
1182 4251 1323 4305 sunt
1368 4247 1430 4304 in
1476 4245 1629 4304 urbe
1686 4260 1879 4303 rarae
1934 4260 2046 4303 nec
2095 4240 2234 4317 fere
2289 4244 2412 4301 nisi
2463 4258 2630 4301 man-

341 4357 551 4422 suetae
598 4354 661 4411 in
708 4367 899 4411 cavea
945 4354 1229 4412 videntur
1276 4352 1532 4425 Romae,
1579 4353 1802 4411 similes
1851 4347 2022 4424 facie
2079 4367 2199 4410 non
2244 4350 2338 4409 his
2379 4350 2630 4425 qallinis

344 4460 630 4520 villaticis
667 4461 911 4538 nostris,
948 4461 1059 4519 sed
1091 4456 1425 4534 Africanis.
1501 4462 1750 4534 aspectu
1790 4475 1867 4517 ao
1906 4455 2079 4533 facie
2116 4458 2632 4517 incontaminatae

346 4567 408 4627 in
452 4566 773 4627 ornatibus
809 4566 1073 4641 publicis
1118 4568 1310 4626 solent
1346 4567 1514 4642 poni.
1586 4582 1723 4625 nam
1761 4565 1962 4643 inepte
2004 4562 2143 4623 olim
2182 4560 2254 4623 ab
2295 4560 2626 4622 editoribus
