3178 5185
562 413 688 475 178
1543 368 1945 465 VARRoms‘

507 582 699 640 3rum
756 578 1096 640 brassicam.
1190 578 1445 639 secunda
1500 581 1723 639 semina
1776 578 1972 638 videre
2020 585 2254 657 oportet
2300 596 2401 658 ne,
2457 576 2613 641 unde
2660 578 2854 657 tollaS,

557 688 808 746 nimium
881 688 998 747 cito
1078 693 1178 746 aut
1243 686 1410 746 tarde
1475 686 1664 746 tollas.
1785 693 2019 765 tempus
2086 688 2242 746 enim
2307 686 2613 765 idoneum,
2690 686 2852 765 quod

557 793 765 853 scribit
802 793 1264 873 TheophrastuS,
1311 812 1448 853 vere
1497 802 1557 854 et
1605 800 1889 854 autumno
1938 800 1997 852 et
2035 792 2335 853 caniculae
2375 799 2603 871 exortu,
2652 811 2850 871 neque

556 899 834 960 omnibus
899 899 1046 960 locis
1113 919 1179 960 ac
1250 900 1571 978 generibus
1627 900 1800 961 idem.
1892 901 1953 959 in
2013 901 2171 960 sicco
2228 907 2288 959 et
2345 917 2544 959 macro
2601 899 2731 960 loco
2787 907 2853 959 et

558 1006 831 1085 argilloso
896 1026 1143 1068 vernum
1219 1015 1454 1086 tempus
1519 1008 1828 1088 idoneum,
1903 1025 2019 1085 quo
2086 1008 2285 1067 minus
2347 1006 2527 1066 habet
2590 1009 2846 1067 umoris:
2898 1020 2932 1063 ⁷5

553 1116 615 1174 in
662 1123 823 1176 terra
871 1115 1021 1175 bona
1069 1133 1136 1175 ac
1184 1116 1390 1194 pingui
1437 1112 1740 1194 autumno,
1788 1114 1945 1193 quod
1994 1132 2132 1174 vere
2171 1114 2394 1175 multus
2433 1132 2623 1193 umor,
2670 1133 2848 1193 quam

502 1224 851 1283 4sationem
917 1222 1157 1301 quidam
1221 1225 1549 1283 metiuntur
1616 1221 1740 1281 fere
1806 1220 2017 1282 diebus
2079 1237 2243 1282 xxx.
2353 1223 2595 1280 tertium
2659 1238 2850 1299 genus

554 1332 823 1410 seminiS,
882 1330 1038 1409 quod
1097 1350 1164 1391 ex
1224 1330 1434 1390 arbore
1490 1347 1599 1408 per
1655 1328 1884 1389 surclos
1940 1328 2208 1389 defertur
2263 1331 2323 1388 in
2382 1335 2629 1406 terram,
2686 1329 2737 1387 si
2783 1329 2848 1387 in

550 1436 798 1496 humum
864 1437 1219 1518 demittitur,
1287 1439 1350 1497 in
1417 1436 1772 1515 quibusdam
1842 1435 2030 1513 [cum]
2101 1443 2193 1495 est
2254 1435 2574 1496 videndum
2640 1442 2706 1495 ut
2773 1453 2845 1495 eo

549 1551 817 1623 ternpore
884 1546 961 1603 sit
1026 1543 1454 1624 deplantaturn,
1530 1563 1649 1622 quo
1715 1552 1950 1622 oportet
2012 1536 2102 1625 (id
2171 1543 2236 1602 sit
2302 1552 2454 1622 turn,
2527 1549 2845 1621 antequam
2875 1557 2929 1594 10

552 1669 851 1728 gemmare
899 1658 1002 1711 aut
1048 1651 1261 1711 florere
1312 1650 1453 1730 quid
1501 1644 1768 1732 incipit);
1828 1659 1887 1710 et
1935 1669 2083 1728 quae
2133 1650 2205 1709 de
2253 1649 2463 1710 arbore
2511 1650 2838 1711 transferas

548 1766 613 1817 ut
689 1776 758 1818 ea
833 1757 1139 1837 deplantes
1215 1759 1414 1836 potius
1484 1776 1659 1837 quam
1721 1758 2047 1838 defringaS,
2134 1756 2291 1836 quod
2349 1756 2580 1836 plantae
2649 1757 2843 1817 solum

547 1863 844 1946 stabiliuS,
921 1884 1038 1945 quo
1116 1865 1291 1925 latius
1359 1871 1460 1924 aut
1518 1865 1749 1925 radices
1814 1864 2045 1925 facilius
2105 1866 2303 1925 mittit.
2415 1853 2479 1923 ea
2547 1863 2843 1943 celeriter,

543 1981 858 2051 antequam
917 1991 1098 2033 sucus
1146 1979 1476 2052 exarescat,
1531 1975 1591 2031 in
1642 1980 1861 2032 terram
1910 1972 2246 2032 demittunt.
2344 1968 2538 2047 [dum]
2587 1971 2647 2028 in
2688 1969 2839 2028 olea-

541 2081 731 2157 gineis
790 2080 1117 2140 seminibus
1174 2078 1471 2156 [arbores]
1531 2075 1848 2140 videndum
1905 2088 1971 2140 ut
2027 2081 2105 2139 sit
2161 2078 2232 2138 de
2291 2085 2495 2137 tenero
2553 2094 2716 2137 ramo
2766 2094 2840 2135 ex
2873 2090 2921 2127 15

539 2194 792 2265 utraque
869 2196 1034 2266 parte
1109 2186 1496 2267 aequabiliter
1570 2189 1934 2267 praecisum,
2009 2205 2155 2265 quas
2226 2183 2324 2245 alii
2390 2184 2665 2263 clavolaS,
2740 2184 2843 2244 alii

479 2298 516 2353 5
542 2292 722 2353 taleas
769 2293 1064 2372 appellant
1111 2313 1197 2353 aci
1226 2294 1449 2354 faciunt
1492 2295 1734 2353 circiter
1771 2294 2029 2373 pedales,
2122 2299 2397 2371 quartum
2437 2310 2626 2370 genus
2666 2293 2838 2351 semi-

535 2402 656 2480 niS‚
716 2399 871 2479 quod
931 2403 1146 2461 transit
1203 2421 1270 2461 ex
1333 2400 1543 2461 arbore
1602 2403 1664 2461 in
1720 2401 1919 2482 aliam,
1975 2400 2295 2460 videndum
2352 2416 2466 2478 qua
2505 2417 2577 2458 ex
2623 2397 2837 2459 arbore

599 2654 603 2659 ι
676 2595 708 2641 2
759 2591 982 2660 tempus
1033 2589 1182 2645 enim
1227 2590 1495 2646 idoneum
1547 2590 1815 2661 Theophr.
1866 2607 2013 2646 caus.
2052 2591 2234 2659 plaut.
2273 2589 2317 2642 I
2347 2594 2402 2659 6,
2440 2594 2475 2643 3
2510 2605 2621 2659 sqq.
2770 2595 2837 2643 15

536 2695 608 2733 ex
647 2679 884 2749 utraque
921 2682 1082 2749 parte
1120 2680 1492 2749 aequabiliter
1528 2680 1675 2735 Non.
1710 2698 1767 2749 p.
1808 2684 1932 2748 414,
1965 2684 2042 2735 27

682 2863 708 2909 1
753 2857 973 2927 uideret
1010 2860 1235 2928 oportet
1270 2861 1326 2913 A
1472 2866 1504 2913 3
1541 2859 1916 2928 theophratus
1955 2859 2012 2912 A
2155 2860 2365 2912 autfino
2404 2859 2461 2912 P
2492 2858 2740 2912 autunno
2779 2857 2835 2910 Β

533 2947 726 3000 autum
748 2988 760 3001 .
781 2945 836 2998 A
866 2947 1145 3002 auctunno
1173 2966 1205 3003 v
1302 2954 1335 3001 4
1363 2948 1418 3001 in
1449 2946 1595 3003 sicco
1625 2948 1788 3003 ABv
1817 2949 1874 3001 in
1905 2947 2020 3002 sico
2050 2947 2107 3001 P
2193 2951 2225 3000 5
2255 2946 2464 3001 umoris
2493 2946 2609 3000 PA
2636 2947 2833 3000 humo·

532 3033 612 3087 ris
659 3036 758 3090 Bv
906 3041 937 3088 6
976 3037 1188 3091 antimo
1218 3038 1277 3108 *P
1310 3040 1578 3093 autumno
1606 3038 1663 3112 A
1693 3037 1940 3091 autunno
1968 3036 2024 3089 Β
2053 3036 2334 3091 auctunno
2363 3053 2394 3091 v
2539 3053 2698 3091 umor
2719 3036 2835 3090 PA

530 3122 731 3177 humor
758 3125 856 3178 Bv
966 3131 998 3179 8
1039 3126 1221 3190 ‘Quod
1252 3142 1319 3180 ex
1346 3127 1545 3180 arbore
1573 3142 1675 3195 per
1702 3125 1952 3181 surculos
1982 3126 2085 3179 etc.
2136 3124 2423 3180 Communi
2459 3126 2681 3180 lectione
2709 3142 2832 3180 eon·

530 3218 753 3266 seruata
779 3219 1009 3267 ueterem
1035 3216 1371 3283 scripturam
1400 3215 1660 3269 omnibus*
1679 3215 1955 3283 adponam
1976 3215 2389 3283 :perturbatam
2415 3216 2571 3268 illam
2599 3216 2833 3284 quietern,

530 3306 580 3355 et
616 3302 961 3370 maculosam,
1003 3320 1140 3371 quae
1176 3309 1359 3357 tamen
1387 3304 1620 3370 sortasse
1646 3320 1797 3373 opem
1828 3306 2044 3372 adferre
2071 3305 2243 3373 possit
2271 3304 2346 3358 ad
2372 3305 2639 3358 ueriorem
2666 3305 2828 3358 inda-

529 3391 811 3458 qaudam:
845 3390 1002 3456 Quod
1055 3410 1122 3447 ex
1161 3394 1358 3448 arbore
1395 3410 1497 3461 per
1535 3391 1747 3448 surclos
1788 3392 2037 3448 defertur
2072 3393 2130 3446 in
2167 3395 2380 3447 terram
2418 3392 2468 3446 si
2503 3393 2562 3446 in
2599 3394 2827 3447 humum

531 3477 847 3533 demittitur
874 3480 933 3533 in
962 3480 1298 3550 quibusdam
1329 3499 1456 3536 cum
1486 3484 1572 3536 est
1600 3481 1865 3536 uidedum
1889 3483 2018 3536 etc.’
2055 3482 2332 3538 Victorius
2476 3482 2685 3537 surclos
2713 3482 2844 3558 ΡΑ.

530 3570 737 3623 surdos
771 3570 827 3623 Β
884 3570 1134 3625 surculos
1183 3588 1215 3623 v
1362 3570 1442 3625 sic
1488 3572 1547 3625 in
1596 3572 1829 3625 humum
1877 3570 2220 3639 demittitur,
2279 3574 2344 3625 ut
2387 3572 2448 3624 in
2493 3570 2828 3641 quibusdam

529 3660 715 3712 tamen
756 3659 830 3712 sit
864 3659 1167 3714 uidendum
1206 3661 1502 3715 Iucundus
1646 3665 1677 3714 9
1718 3659 2025 3714 dimittitur
2073 3660 2251 3714 VAB
2394 3660 2453 3715 in
2491 3660 2828 3728 quibusdam

477 3777 485 3785 ι
530 3763 655 3800 cum
695 3749 783 3801 est
809 3748 923 3802 PB
960 3748 1018 3802 in
1048 3749 1384 3815 quibusdam
1415 3756 1574 3804 cume
1605 3749 1661 3804 A
1686 3750 1744 3802 in
1774 3749 2326 3822 quibusdamjtamen
2357 3752 2441 3804 est
2467 3767 2498 3803 v
2610 3755 2677 3804 10
2715 3765 2825 3819 quo

530 3836 754 3905 oportet
788 3854 820 3890 v
859 3837 1006 3905 quod
1047 3840 1269 3906 oportet
1309 3837 1496 3891 PAB
1609 3844 1673 3891 13
1722 3837 1878 3892 mitti
1911 3838 1968 3892 A
2005 3854 2141 3893 corr.
2180 3839 2359 3893 mittit
2395 3843 2457 3892 ut
2493 3840 2710 3893 videtur
2744 3837 2825 3893 A²

640 3931 705 3978 14
733 3924 791 3978 in
820 3926 1027 3979 terram
1060 3924 1486 3995 demittendum,
1513 3925 1573 3979 in
1603 3924 1910 3994 oleagineis
1932 3925 2238 3982 seminibus
2256 3927 2560 3981 uidendum
2581 3927 2826 3996 Scaliyer

670 4045 799 4104 dum
839 4050 895 4103 in
935 4051 1241 4120 oleagineis
1270 4052 1385 4105 ΡΑ
1422 4052 1556 4105 dum
1593 4051 1653 4104 in
1682 4029 1969 4120 oleagexiis
1998 4051 2054 4104 B
2082 4051 2307 4106 demum
2353 4053 2410 4106 in
2449 4051 2754 4122 oleagineis
2791 4069 2824 4106 v

530 4139 715 4193 ‘Nihil
758 4141 848 4194 hie
891 4142 1150 4207 uariaui,
1197 4142 1408 4195 diuersi
1443 4146 1624 4194 tamen
1658 4145 1789 4195 sunt
1827 4141 2048 4209 antiqui
2084 4142 2290 4195 codices
2325 4147 2375 4196 et
2412 4142 2561 4195 locus
2593 4141 2825 4207 fortasse

526 4229 659 4281 uitii
695 4228 908 4297 aliquid
944 4229 1100 4282 habet
1131 4250 1143 4281 :
1168 4244 1273 4296 pro
1300 4228 1551 4295 Demum,
1586 4229 1761 4297 iqitur
1797 4228 1860 4281 in
1895 4229 2010 4282 illis
2040 4227 2182 4281 Dum
2212 4250 2225 4281 ι
2258 4244 2323 4282 ac
2349 4245 2462 4284 uon
2492 4230 2661 4284 niulto
2680 4236 2824 4298 post,

525 4318 624 4371 ubi
659 4318 721 4370 iu
748 4318 1043 4400 impressis,
1081 4317 1205 4371 Alii
1233 4318 1480 4371 clauolas
1506 4339 1519 4370 ε
1551 4319 1617 4371 iu
1643 4307 1852 4384 iisdem,
1888 4317 2029 4372 Aliis
2059 4317 2309 4373 clauolas
2340 4363 2351 4373 .
2383 4318 2663 4386 Fortasse,
2701 4320 2825 4373 Alii

525 4442 823 4508 selauolas,
870 4443 1146 4511 leyendum
1195 4440 1292 4497 est’
1355 4441 1632 4497 Victorius
1804 4448 1868 4496 15
1918 4459 1986 4496 ex
2032 4419 2351 4512 utr‘ffaussarte
2398 4444 2454 4498 Β
2603 4450 2666 4497 16
2723 4443 2821 4498 alii

528 4529 777 4586 clauolas
825 4531 937 4584 Pm
983 4529 1110 4584 aliie
1157 4530 1408 4586 elauolas
1446 4533 1502 4586 A
1538 4532 1638 4586 alii
1684 4531 1961 4588 sclauolas
1998 4534 2094 4586 Bv
2243 4538 2307 4586 18
2344 4530 2669 4587 uidemdum
2696 4531 2752 4586 A
