<?xml version="1.0" encoding="UTF-8"?>
<!DOCTYPE html PUBLIC "-//W3C//DTD XHTML 1.0 Transitional//EN"
    "http://www.w3.org/TR/xhtml1/DTD/xhtml1-transitional.dtd">
<html xmlns="http://www.w3.org/1999/xhtml" xml:lang="en" lang="en">
 <head>
  <title>
</title>
<meta http-equiv="Content-Type" content="text/html;charset=utf-8" />
  <meta name='ocr-system' content='tesseract 3.04.00' />
  <meta name='ocr-capabilities' content='ocr_page ocr_carea ocr_par ocr_line ocrx_word'/>
</head>
<body>
  <div class='ocr_page' id='page_1' title='image "./mporcicatonisde01catogoog_0442.png"; bbox 0 0 3178 5185; ppageno 0'>
   <div class='ocr_carea' id='block_1_1' title="bbox 587 401 2177 497">
    <p class='ocr_par' dir='ltr' id='par_1_1' title="bbox 587 401 2177 497">
     <span class='ocr_line' id='line_1_1' title="bbox 587 401 2177 497; baseline 0 -32"><span class='ocrx_word' id='word_1_1' title='bbox 587 401 709 466; x_wconf 85' lang='grc'><strong>188</strong></span> <span class='ocrx_word' id='word_1_2' title='bbox 1265 410 1645 466; x_wconf 85' lang='grc' dir='ltr'><strong>ΟΟΜΜΕΝΤ.</strong></span> <span class='ocrx_word' id='word_1_3' title='bbox 1684 412 1764 466; x_wconf 88' lang='lat' dir='ltr'><strong>IN</strong></span> <span class='ocrx_word' id='word_1_4' title='bbox 1803 411 2177 497; x_wconf 82' lang='lat' dir='ltr'><strong>VARRONIS</strong></span> 
     </span>
    </p>
   </div>
   <div class='ocr_carea' id='block_1_2' title="bbox 570 568 2873 4599">
    <p class='ocr_par' dir='ltr' id='par_1_2' title="bbox 577 568 2873 1715">
     <span class='ocr_line' id='line_1_2' title="bbox 580 568 2871 646; baseline 0.002 -21"><span class='ocrx_word' id='word_1_5' title='bbox 580 568 757 626; x_wconf 82' lang='lat' dir='ltr'><strong>nibus</strong></span> <span class='ocrx_word' id='word_1_6' title='bbox 814 569 1031 626; x_wconf 88' lang='lat' dir='ltr'><strong>torosis</strong></span> <span class='ocrx_word' id='word_1_7' title='bbox 1087 584 1164 627; x_wconf 83' lang='lat' dir='ltr'><strong>ae</strong></span> <span class='ocrx_word' id='word_1_8' title='bbox 1221 570 1583 646; x_wconf 86' lang='lat' dir='ltr'><strong>numerosis,</strong></span> <span class='ocrx_word' id='word_1_9' title='bbox 1643 570 1816 628; x_wconf 86' lang='lat' dir='ltr'><strong>duris</strong></span> <span class='ocrx_word' id='word_1_10' title='bbox 1875 569 2117 642; x_wconf 72' lang='lat' dir='ltr'><strong>unqulis</strong></span> <span class='ocrx_word' id='word_1_11' title='bbox 2173 576 2230 628; x_wconf 84' lang='lat' dir='ltr'><strong>et</strong></span> <span class='ocrx_word' id='word_1_12' title='bbox 2284 571 2423 628; x_wconf 86' lang='lat' dir='ltr'><strong>altis</strong></span> <span class='ocrx_word' id='word_1_13' title='bbox 2480 575 2537 628; x_wconf 89' lang='lat' dir='ltr'><strong>et</strong></span> <span class='ocrx_word' id='word_1_14' title='bbox 2589 572 2871 629; x_wconf 79' lang='lat' dir='ltr'><strong>concavis</strong></span> 
     </span>
     <span class='ocr_line' id='line_1_3' title="bbox 583 674 2870 753; baseline 0.002 -22"><span class='ocrx_word' id='word_1_15' title='bbox 583 674 1003 746; x_wconf 83' lang='lat' dir='ltr'><strong>rutundisque,</strong></span> <span class='ocrx_word' id='word_1_16' title='bbox 1050 675 1268 747; x_wconf 82' lang='lat' dir='ltr'><strong>quibus</strong></span> <span class='ocrx_word' id='word_1_17' title='bbox 1307 691 1575 735; x_wconf 81' lang='lat' dir='ltr'><strong>coronae</strong></span> <span class='ocrx_word' id='word_1_18' title='bbox 1612 677 1913 736; x_wconf 84' lang='lat' dir='ltr'><strong>medioers</strong></span> <span class='ocrx_word' id='word_1_19' title='bbox 1949 677 2365 751; x_wconf 77' lang='lat' dir='ltr'><em>superpositae</em></span> <span class='ocrx_word' id='word_1_20' title='bbox 2401 681 2557 735; x_wconf 91' lang='lat' dir='ltr'><strong>sunt.</strong></span> <span class='ocrx_word' id='word_1_21' title='bbox 2627 692 2870 753; x_wconf 84' lang='lat' dir='ltr'><strong>geopon.</strong></span> 
     </span>
     <span class='ocr_line' id='line_1_4' title="bbox 581 770 2869 862; baseline 0.002 -25"><span class='ocrx_word' id='word_1_22' title='bbox 581 777 709 837; x_wconf 87' lang='lat' dir='ltr'><strong>XVI</strong></span> <span class='ocrx_word' id='word_1_23' title='bbox 750 775 813 852; x_wconf 90' lang='lat' dir='ltr'><strong>l,</strong></span> <span class='ocrx_word' id='word_1_24' title='bbox 852 774 892 838; x_wconf 84' lang='lat'>9</span> <span class='ocrx_word' id='word_1_25' title='bbox 949 770 1072 858; x_wconf 82' lang='grc' dir='ltr'><strong>τὴν</strong></span> <span class='ocrx_word' id='word_1_26' title='bbox 1127 770 1425 859; x_wconf 82' lang='grc' dir='ltr'><strong><em>κεφαλὴν</em></strong></span> <span class='ocrx_word' id='word_1_27' title='bbox 1474 778 1605 860; x_wconf 83' lang='grc' dir='ltr'><strong><em>ἔχει</em></strong></span> <span class='ocrx_word' id='word_1_28' title='bbox 1662 772 1936 861; x_wconf 87' lang='grc' dir='ltr'><strong><em>μικράν,</em></strong></span> <span class='ocrx_word' id='word_1_29' title='bbox 1997 771 2173 861; x_wconf 82' lang='grc' dir='ltr'><strong><em>ὄμμα</em></strong></span> <span class='ocrx_word' id='word_1_30' title='bbox 2231 775 2471 860; x_wconf 82' lang='grc' dir='ltr'><strong><em>μέλαν,</em></strong></span> <span class='ocrx_word' id='word_1_31' title='bbox 2530 777 2724 862; x_wconf 78' lang='grc' dir='ltr'><strong><em>ῥῖνας</em></strong></span> <span class='ocrx_word' id='word_1_32' title='bbox 2786 774 2869 862; x_wconf 86' lang='grc' dir='ltr'><strong>μὴ</strong></span> 
     </span>
     <span class='ocr_line' id='line_1_5' title="bbox 582 871 2871 970; baseline 0.002 -25"><span class='ocrx_word' id='word_1_33' title='bbox 582 884 1152 964; x_wconf 83' lang='grc' dir='ltr'><strong><em>συμπεπτωκυίας,</em></strong></span> <span class='ocrx_word' id='word_1_34' title='bbox 1193 871 1327 947; x_wconf 75' lang='grc' dir='ltr'><strong>ὦτα</strong></span> <span class='ocrx_word' id='word_1_35' title='bbox 1357 883 1921 967; x_wconf 78' lang='grc' dir='ltr'><strong><em>προσεσταλμένα,</em></strong></span> <span class='ocrx_word' id='word_1_36' title='bbox 1952 879 2285 968; x_wconf 78' lang='grc' dir='ltr'><em>τράχηλον</em></span> <span class='ocrx_word' id='word_1_37' title='bbox 2318 878 2602 967; x_wconf 81' lang='grc' dir='ltr'><strong><em>ἁπαλόν,</em></strong></span> <span class='ocrx_word' id='word_1_38' title='bbox 2641 887 2871 970; x_wconf 80' lang='grc' dir='ltr'><strong><em>χαίτην</em></strong></span> 
     </span>
     <span class='ocr_line' id='line_1_6' title="bbox 579 984 2870 1076; baseline 0.002 -25"><span class='ocrx_word' id='word_1_39' title='bbox 579 990 867 1070; x_wconf 80' lang='grc' dir='ltr'><em>βαθεῖαν</em></span> <span class='ocrx_word' id='word_1_40' title='bbox 917 984 1283 1071; x_wconf 83' lang='grc' dir='ltr'><strong><em>οὐλοτέραν</em></strong></span> <span class='ocrx_word' id='word_1_41' title='bbox 1320 990 1561 1074; x_wconf 87' lang='grc' dir='ltr'><strong><em>βραχύ,</em></strong></span> <span class='ocrx_word' id='word_1_42' title='bbox 1600 988 1994 1073; x_wconf 69' lang='grc' dir='ltr'><strong><em>κεκλιμένην</em></strong></span> <span class='ocrx_word' id='word_1_43' title='bbox 2034 988 2139 1056; x_wconf 82' lang='grc' dir='ltr'><strong>ἐπὶ</strong></span> <span class='ocrx_word' id='word_1_44' title='bbox 2175 987 2254 1056; x_wconf 83' lang='grc' dir='ltr'><strong>τὰ</strong></span> <span class='ocrx_word' id='word_1_45' title='bbox 2296 986 2478 1070; x_wconf 81' lang='grc' dir='ltr'><strong><em>δεξιὰ</em></strong></span> <span class='ocrx_word' id='word_1_46' title='bbox 2525 992 2650 1056; x_wconf 81' lang='grc' dir='ltr'><strong>τοῦ</strong></span> <span class='ocrx_word' id='word_1_47' title='bbox 2689 986 2870 1076; x_wconf 81' lang='grc' dir='ltr'><strong><em>αὐχέ-</em></strong></span> 
     </span>
     <span class='ocr_line' id='line_1_7' title="bbox 582 1083 2872 1182; baseline 0.001 -23"><span class='ocrx_word' id='word_1_48' title='bbox 582 1119 721 1177; x_wconf 94' lang='grc' dir='ltr'><strong><em>νος,</em></strong></span> <span class='ocrx_word' id='word_1_49' title='bbox 761 1096 1013 1179; x_wconf 79' lang='grc' dir='ltr'><strong><em>στῆθος</em></strong></span> <span class='ocrx_word' id='word_1_50' title='bbox 1041 1083 1205 1181; x_wconf 78' lang='grc' dir='ltr'><strong><em>εὐρὺ</em></strong></span> <span class='ocrx_word' id='word_1_51' title='bbox 1234 1095 1694 1181; x_wconf 83' lang='grc' dir='ltr'><strong><em>μεμυωμένον,</em></strong></span> <span class='ocrx_word' id='word_1_52' title='bbox 1737 1091 2132 1181; x_wconf 73' lang='grc' dir='ltr'><strong><em>ὠμοπλάτας</em></strong></span> <span class='ocrx_word' id='word_1_53' title='bbox 2170 1094 2474 1181; x_wconf 78' lang='grc' dir='ltr'><strong><em>μεγάλας,</em></strong></span> <span class='ocrx_word' id='word_1_54' title='bbox 2512 1101 2872 1182; x_wconf 82' lang='grc' dir='ltr'><strong><em>βραχίονας</em></strong></span> 
     </span>
     <span class='ocr_line' id='line_1_8' title="bbox 582 1197 2871 1290; baseline 0.001 -23"><span class='ocrx_word' id='word_1_55' title='bbox 582 1197 859 1286; x_wconf 80' lang='grc' dir='ltr'><strong><em>ὀρθούς,</em></strong></span> <span class='ocrx_word' id='word_1_56' title='bbox 907 1205 1171 1267; x_wconf 85' lang='grc' dir='ltr'><strong><em>κοιλίαν</em></strong></span> <span class='ocrx_word' id='word_1_57' title='bbox 1220 1198 1526 1287; x_wconf 77' lang='grc' dir='ltr'><strong><em>εὔογκον,</em></strong></span> <span class='ocrx_word' id='word_1_58' title='bbox 1584 1200 1912 1288; x_wconf 79' lang='grc' dir='ltr'><strong><em>διδύμους</em></strong></span> <span class='ocrx_word' id='word_1_59' title='bbox 1966 1201 2275 1290; x_wconf 86' lang='grc' dir='ltr'><strong><em>μικρούς,</em></strong></span> <span class='ocrx_word' id='word_1_60' title='bbox 2333 1200 2531 1288; x_wconf 81' lang='grc' dir='ltr'><strong><em>ῥάχιν</em></strong></span> <span class='ocrx_word' id='word_1_61' title='bbox 2589 1201 2871 1289; x_wconf 84' lang='grc' dir='ltr'><strong><em>μάλιστα</em></strong></span> 
     </span>
     <span class='ocr_line' id='line_1_9' title="bbox 580 1297 2873 1396; baseline 0.002 -23"><span class='ocrx_word' id='word_1_62' title='bbox 580 1306 703 1392; x_wconf 77' lang='grc' dir='ltr'><strong>μὲν</strong></span> <span class='ocrx_word' id='word_1_63' title='bbox 753 1297 1020 1393; x_wconf 75' lang='grc' dir='ltr'><strong><em>διπλῆν,</em></strong></span> <span class='ocrx_word' id='word_1_64' title='bbox 1069 1311 1130 1373; x_wconf 84' lang='grc' dir='ltr'><strong>εἰ</strong></span> <span class='ocrx_word' id='word_1_65' title='bbox 1175 1310 1249 1374; x_wconf 82' lang='grc' dir='ltr'><strong>δε</strong></span> <span class='ocrx_word' id='word_1_66' title='bbox 1296 1306 1384 1393; x_wconf 87' lang='grc' dir='ltr'><strong>μή</strong></span> <span class='ocrx_word' id='word_1_67' title='bbox 1432 1334 1537 1393; x_wconf 90' lang='grc' dir='ltr'><strong>γε,</strong></span> <span class='ocrx_word' id='word_1_68' title='bbox 1594 1307 1682 1395; x_wconf 86' lang='grc' dir='ltr'><strong>μὴ</strong></span> <span class='ocrx_word' id='word_1_69' title='bbox 1732 1308 2012 1395; x_wconf 85' lang='grc' dir='ltr'><strong><em>κυρτήν,</em></strong></span> <span class='ocrx_word' id='word_1_70' title='bbox 2071 1306 2286 1396; x_wconf 81' lang='grc' dir='ltr'><strong><em>οὐρὰν</em></strong></span> <span class='ocrx_word' id='word_1_71' title='bbox 2333 1308 2634 1395; x_wconf 79' lang='grc' dir='ltr'><strong><em>μεγάλην</em></strong></span> <span class='ocrx_word' id='word_1_72' title='bbox 2685 1305 2873 1377; x_wconf 81' lang='grc' dir='ltr'><strong><em>οὐλό-</em></strong></span> 
     </span>
     <span class='ocr_line' id='line_1_10' title="bbox 581 1411 2871 1504; baseline 0.002 -25"><span class='ocrx_word' id='word_1_73' title='bbox 581 1440 831 1501; x_wconf 83' lang='grc' dir='ltr'><strong><em>τριχον,</em></strong></span> <span class='ocrx_word' id='word_1_74' title='bbox 863 1415 1058 1500; x_wconf 81' lang='grc' dir='ltr'><strong><em>σκέλη</em></strong></span> <span class='ocrx_word' id='word_1_75' title='bbox 1091 1411 1292 1501; x_wconf 80' lang='grc' dir='ltr'><strong><em>ὀρθά,</em></strong></span> <span class='ocrx_word' id='word_1_76' title='bbox 1322 1413 1575 1501; x_wconf 83' lang='grc' dir='ltr'><strong><em>μηροὺς</em></strong></span> <span class='ocrx_word' id='word_1_77' title='bbox 1604 1415 2098 1502; x_wconf 78' lang='grc' dir='ltr'><strong><em>μεμυωμένους,</em></strong></span> <span class='ocrx_word' id='word_1_78' title='bbox 2131 1412 2346 1501; x_wconf 86' lang='grc' dir='ltr'><strong><em>ὁπλὴν</em></strong></span> <span class='ocrx_word' id='word_1_79' title='bbox 2373 1412 2871 1504; x_wconf 79' lang='grc' dir='ltr'><strong><em>εὐπερίγραφον</em></strong></span> 
     </span>
     <span class='ocr_line' id='line_1_11' title="bbox 577 1517 2872 1610; baseline 0.002 -23"><span class='ocrx_word' id='word_1_80' title='bbox 577 1519 1066 1588; x_wconf 80' lang='grc' dir='ltr'><strong><em>καὶ·πάντοθεν</em></strong></span> <span class='ocrx_word' id='word_1_81' title='bbox 1106 1517 1373 1607; x_wconf 77' lang='grc' dir='ltr'><strong><em>ὁμαλῶς</em></strong></span> <span class='ocrx_word' id='word_1_82' title='bbox 1411 1535 1940 1608; x_wconf 80' lang='grc' dir='ltr'><strong><em>συμπεπηγυῖαν,</em></strong></span> <span class='ocrx_word' id='word_1_83' title='bbox 1979 1522 2319 1610; x_wconf 84' lang='grc' dir='ltr'><strong><em>βάτραχον</em></strong></span> <span class='ocrx_word' id='word_1_84' title='bbox 2355 1521 2623 1610; x_wconf 88' lang='grc' dir='ltr'><strong><em>μικρόν,</em></strong></span> <span class='ocrx_word' id='word_1_85' title='bbox 2663 1521 2872 1610; x_wconf 77' lang='grc' dir='ltr'><strong><em>ὄνυχα</em></strong></span> 
     </span>
     <span class='ocr_line' id='line_1_12' title="bbox 582 1617 1072 1715; baseline -0.004 -20"><span class='ocrx_word' id='word_1_86' title='bbox 582 1627 870 1715; x_wconf 81' lang='grc' dir='ltr'><strong><em>στερεόν.</em></strong></span> <span class='ocrx_word' id='word_1_87' title='bbox 912 1617 919 1623; x_wconf 57' lang='grc'><strong>’</strong></span> <span class='ocrx_word' id='word_1_88' title='bbox 1067 1618 1072 1623; x_wconf 52' lang='grc'><strong>’</strong></span> 
     </span>
    </p>

    <p class='ocr_par' dir='ltr' id='par_1_3' title="bbox 570 1737 2868 3850">
     <span class='ocr_line' id='line_1_13' title="bbox 756 1737 2868 1822; baseline 0.001 -21"><span class='ocrx_word' id='word_1_89' title='bbox 756 1737 797 1801; x_wconf 83' lang='lat'>5</span> <span class='ocrx_word' id='word_1_90' title='bbox 861 1741 1168 1802; x_wconf 85' lang='lat' dir='ltr'>Naribus</span> <span class='ocrx_word' id='word_1_91' title='bbox 1215 1760 1354 1802; x_wconf 92' lang='lat' dir='ltr'><strong>non</strong></span> <span class='ocrx_word' id='word_1_92' title='bbox 1403 1744 1735 1820; x_wconf 86' lang='lat' dir='ltr'><strong>angustis</strong></span> <span class='ocrx_word' id='word_1_93' title='bbox 1784 1742 2082 1803; x_wconf 89' lang='lat' dir='ltr'><strong>auribus</strong></span> <span class='ocrx_word' id='word_1_94' title='bbox 2129 1743 2514 1821; x_wconf 87' lang='lat' dir='ltr'><strong>adplicatis</strong></span> <span class='ocrx_word' id='word_1_95' title='bbox 2567 1753 2868 1822; x_wconf 85' lang='lat' dir='ltr'><strong>angusta</strong></span> 
     </span>
     <span class='ocr_line' id='line_1_14' title="bbox 577 1847 2867 1932; baseline 0.001 -24"><span class='ocrx_word' id='word_1_96' title='bbox 577 1847 739 1908; x_wconf 83' lang='lat' dir='ltr'><strong>iuba</strong></span> <span class='ocrx_word' id='word_1_97' title='bbox 788 1847 1076 1927; x_wconf 85' lang='lat' dir='ltr'><strong>crebra]</strong></span> <span class='ocrx_word' id='word_1_98' title='bbox 1127 1851 1259 1910; x_wconf 89' lang='lat' dir='ltr'><strong>Non</strong></span> <span class='ocrx_word' id='word_1_99' title='bbox 1309 1856 1572 1923; x_wconf 69' lang='lat' dir='ltr'><strong>anqusta</strong></span> <span class='ocrx_word' id='word_1_100' title='bbox 1612 1851 1755 1910; x_wconf 84' lang='lat' dir='ltr'><strong>iuba</strong></span> <span class='ocrx_word' id='word_1_101' title='bbox 1795 1868 1904 1929; x_wconf 88' lang='lat' dir='ltr'><strong>pro</strong></span> <span class='ocrx_word' id='word_1_102' title='bbox 1944 1857 2205 1925; x_wconf 70' lang='lat' dir='ltr'><strong>anqusta</strong></span> <span class='ocrx_word' id='word_1_103' title='bbox 2247 1853 2391 1911; x_wconf 83' lang='lat' dir='ltr'><strong>iuba</strong></span> <span class='ocrx_word' id='word_1_104' title='bbox 2428 1849 2674 1932; x_wconf 78' lang='lat' dir='ltr'><strong>Merula,</strong></span> <span class='ocrx_word' id='word_1_105' title='bbox 2713 1851 2867 1930; x_wconf 88' lang='lat' dir='ltr'><strong>quod</strong></span> 
     </span>
     <span class='ocr_line' id='line_1_15' title="bbox 578 1954 2866 2037; baseline 0.001 -22"><span class='ocrx_word' id='word_1_106' title='bbox 578 1955 791 2015; x_wconf 91' lang='lat' dir='ltr'><strong>deinde</strong></span> <span class='ocrx_word' id='word_1_107' title='bbox 840 1975 873 2016; x_wconf 90' lang='lat' dir='ltr'><strong>a</strong></span> <span class='ocrx_word' id='word_1_108' title='bbox 918 1955 1165 2034; x_wconf 88' lang='lat' dir='ltr'><strong>reliquis</strong></span> <span class='ocrx_word' id='word_1_109' title='bbox 1214 1954 1543 2015; x_wconf 78' lang='lat' dir='ltr'><strong>editoribus</strong></span> <span class='ocrx_word' id='word_1_110' title='bbox 1594 1963 1902 2034; x_wconf 90' lang='lat' dir='ltr'><strong>receptum</strong></span> <span class='ocrx_word' id='word_1_111' title='bbox 1949 1964 2056 2016; x_wconf 89' lang='lat' dir='ltr'><strong>est.</strong></span> <span class='ocrx_word' id='word_1_112' title='bbox 2132 1954 2386 2018; x_wconf 85' lang='lat' dir='ltr'><strong>Ursinus</strong></span> <span class='ocrx_word' id='word_1_113' title='bbox 2434 1957 2579 2018; x_wconf 89' lang='lat' dir='ltr'><strong>haec</strong></span> <span class='ocrx_word' id='word_1_114' title='bbox 2620 1965 2681 2018; x_wconf 87' lang='lat' dir='ltr'><strong>et</strong></span> <span class='ocrx_word' id='word_1_115' title='bbox 2720 1976 2866 2037; x_wconf 89' lang='lat' dir='ltr'><strong>quae</strong></span> 
     </span>
     <span class='ocr_line' id='line_1_16' title="bbox 579 2061 2866 2142; baseline 0.001 -19"><span class='ocrx_word' id='word_1_116' title='bbox 579 2070 914 2142; x_wconf 89' lang='lat' dir='ltr'><strong>sequuntur</strong></span> <span class='ocrx_word' id='word_1_117' title='bbox 963 2081 1034 2122; x_wconf 86' lang='lat' dir='ltr'><strong>ex</strong></span> <span class='ocrx_word' id='word_1_118' title='bbox 1083 2061 1404 2123; x_wconf 84' lang='lat' dir='ltr'><strong>Columella</strong></span> <span class='ocrx_word' id='word_1_119' title='bbox 1450 2071 1510 2122; x_wconf 87' lang='lat' dir='ltr'><strong>et</strong></span> <span class='ocrx_word' id='word_1_120' title='bbox 1546 2064 1892 2140; x_wconf 84' lang='lat' dir='ltr'><strong>geoponicis</strong></span> <span class='ocrx_word' id='word_1_121' title='bbox 1940 2062 1974 2123; x_wconf 96' lang='lat' dir='ltr'><strong>l.</strong></span> <span class='ocrx_word' id='word_1_122' title='bbox 2015 2082 2065 2123; x_wconf 98' lang='lat' dir='ltr'><strong>c.</strong></span> <span class='ocrx_word' id='word_1_123' title='bbox 2104 2065 2165 2123; x_wconf 92' lang='lat' dir='ltr'><strong>in</strong></span> <span class='ocrx_word' id='word_1_124' title='bbox 2203 2063 2362 2124; x_wconf 89' lang='lat' dir='ltr'><strong>bunc</strong></span> <span class='ocrx_word' id='word_1_125' title='bbox 2402 2064 2866 2126; x_wconf 86' lang='lat' dir='ltr'><strong>modum&#39;trans-</strong></span> 
     </span>
     <span class='ocr_line' id='line_1_17' title="bbox 578 2169 2866 2248; baseline 0.002 -20"><span class='ocrx_word' id='word_1_126' title='bbox 578 2169 881 2229; x_wconf 82' lang='lat' dir='ltr'><strong>formanda</strong></span> <span class='ocrx_word' id='word_1_127' title='bbox 929 2171 1202 2248; x_wconf 88' lang='lat' dir='ltr'><strong>coniecit,</strong></span> <span class='ocrx_word' id='word_1_128' title='bbox 1249 2171 1507 2230; x_wconf 84' lang='lat' dir='ltr'><strong>naribus</strong></span> <span class='ocrx_word' id='word_1_129' title='bbox 1553 2188 1675 2231; x_wconf 89' lang='lat' dir='ltr'><strong>non</strong></span> <span class='ocrx_word' id='word_1_130' title='bbox 1714 2173 2006 2245; x_wconf 72' lang='lat' dir='ltr'><strong>anqustis,</strong></span> <span class='ocrx_word' id='word_1_131' title='bbox 2054 2173 2312 2232; x_wconf 82' lang='lat' dir='ltr'><strong>auribus</strong></span> <span class='ocrx_word' id='word_1_132' title='bbox 2349 2175 2694 2248; x_wconf 82' lang='lat' dir='ltr'><strong>applicatis,</strong></span> <span class='ocrx_word' id='word_1_133' title='bbox 2740 2191 2866 2234; x_wconf 87' lang='lat' dir='ltr'><strong>cer-</strong></span> 
     </span>
     <span class='ocr_line' id='line_1_18' title="bbox 578 2278 2864 2354; baseline 0.001 -16"><span class='ocrx_word' id='word_1_134' title='bbox 578 2280 708 2338; x_wconf 82' lang='lat' dir='ltr'><strong>vice</strong></span> <span class='ocrx_word' id='word_1_135' title='bbox 761 2281 946 2351; x_wconf 83' lang='lat' dir='ltr'><strong>molli,</strong></span> <span class='ocrx_word' id='word_1_136' title='bbox 1004 2295 1124 2337; x_wconf 90' lang='lat' dir='ltr'><strong>non</strong></span> <span class='ocrx_word' id='word_1_137' title='bbox 1185 2285 1474 2351; x_wconf 69' lang='lat' dir='ltr'><strong>anqusta,</strong></span> <span class='ocrx_word' id='word_1_138' title='bbox 1531 2278 1678 2338; x_wconf 82' lang='lat' dir='ltr'><strong>iuba</strong></span> <span class='ocrx_word' id='word_1_139' title='bbox 1737 2279 1990 2352; x_wconf 82' lang='lat' dir='ltr'><strong>crebra,</strong></span> <span class='ocrx_word' id='word_1_140' title='bbox 2044 2280 2393 2354; x_wconf 82' lang='lat' dir='ltr'><strong>subcripsa,</strong></span> <span class='ocrx_word' id='word_1_141' title='bbox 2450 2281 2751 2340; x_wconf 81' lang='lat' dir='ltr'><strong>inclinata</strong></span> <span class='ocrx_word' id='word_1_142' title='bbox 2805 2283 2864 2340; x_wconf 87' lang='lat' dir='ltr'><strong>in</strong></span> 
     </span>
     <span class='ocr_line' id='line_1_19' title="bbox 578 2383 2862 2463; baseline 0.003 -20"><span class='ocrx_word' id='word_1_143' title='bbox 578 2386 989 2444; x_wconf 79' lang='lat' dir='ltr'><strong>dexteriorem</strong></span> <span class='ocrx_word' id='word_1_144' title='bbox 1039 2389 1280 2459; x_wconf 82' lang='lat' dir='ltr'><strong>partem</strong></span> <span class='ocrx_word' id='word_1_145' title='bbox 1348 2386 1625 2444; x_wconf 83' lang='lat' dir='ltr'><strong>cervicis.</strong></span> <span class='ocrx_word' id='word_1_146' title='bbox 1711 2383 1869 2444; x_wconf 89' lang='lat' dir='ltr'><strong>unde</strong></span> <span class='ocrx_word' id='word_1_147' title='bbox 1929 2384 2331 2445; x_wconf 90' lang='lat' dir='ltr'><strong>Schneiderus</strong></span> <span class='ocrx_word' id='word_1_148' title='bbox 2389 2389 2635 2448; x_wconf 84' lang='lat' dir='ltr'><strong>cervice</strong></span> <span class='ocrx_word' id='word_1_149' title='bbox 2690 2391 2862 2463; x_wconf 84' lang='lat' dir='ltr'><strong>molli,</strong></span> 
     </span>
     <span class='ocr_line' id='line_1_20' title="bbox 577 2488 2862 2572; baseline 0.003 -24"><span class='ocrx_word' id='word_1_150' title='bbox 577 2489 734 2569; x_wconf 90' lang='lat' dir='ltr'><strong>quod</strong></span> <span class='ocrx_word' id='word_1_151' title='bbox 798 2488 952 2568; x_wconf 90' lang='lat' dir='ltr'><strong>apud</strong></span> <span class='ocrx_word' id='word_1_152' title='bbox 1010 2488 1393 2549; x_wconf 81' lang='lat' dir='ltr'><strong>Columellam</strong></span> <span class='ocrx_word' id='word_1_153' title='bbox 1449 2490 1695 2570; x_wconf 85' lang='lat' dir='ltr'><strong>legitur,</strong></span> <span class='ocrx_word' id='word_1_154' title='bbox 1760 2494 2016 2572; x_wconf 88' lang='lat' dir='ltr'><strong>recepit,</strong></span> <span class='ocrx_word' id='word_1_155' title='bbox 2080 2494 2335 2553; x_wconf 82' lang='lat' dir='ltr'><strong>naribus</strong></span> <span class='ocrx_word' id='word_1_156' title='bbox 2390 2510 2509 2553; x_wconf 90' lang='lat' dir='ltr'><strong>non</strong></span> <span class='ocrx_word' id='word_1_157' title='bbox 2575 2497 2862 2569; x_wconf 71' lang='lat' dir='ltr'><strong>anqustis‚</strong></span> 
     </span>
     <span class='ocr_line' id='line_1_21' title="bbox 577 2599 2861 2675; baseline 0.002 -18"><span class='ocrx_word' id='word_1_158' title='bbox 577 2599 836 2658; x_wconf 83' lang='lat' dir='ltr'><strong>auribus</strong></span> <span class='ocrx_word' id='word_1_159' title='bbox 902 2600 1249 2673; x_wconf 84' lang='lat' dir='ltr'><strong>applicatis,</strong></span> <span class='ocrx_word' id='word_1_160' title='bbox 1317 2601 1559 2659; x_wconf 84' lang='lat' dir='ltr'><strong>cervice</strong></span> <span class='ocrx_word' id='word_1_161' title='bbox 1624 2602 1814 2673; x_wconf 83' lang='lat' dir='ltr'><strong>molti,</strong></span> <span class='ocrx_word' id='word_1_162' title='bbox 1878 2617 1999 2660; x_wconf 88' lang='lat' dir='ltr'><strong>non</strong></span> <span class='ocrx_word' id='word_1_163' title='bbox 2057 2607 2353 2675; x_wconf 72' lang='lat' dir='ltr'><strong>anqusta,</strong></span> <span class='ocrx_word' id='word_1_164' title='bbox 2419 2602 2565 2660; x_wconf 83' lang='lat' dir='ltr'><strong>iuba</strong></span> <span class='ocrx_word' id='word_1_165' title='bbox 2626 2604 2861 2662; x_wconf 83' lang='lat' dir='ltr'><strong>crebra.</strong></span> 
     </span>
     <span class='ocr_line' id='line_1_22' title="bbox 577 2705 2861 2787; baseline 0.002 -24"><span class='ocrx_word' id='word_1_166' title='bbox 577 2712 824 2783; x_wconf 86' lang='lat' dir='ltr'><strong>apparet</strong></span> <span class='ocrx_word' id='word_1_167' title='bbox 877 2712 1076 2765; x_wconf 89' lang='lat' dir='ltr'><strong>tamen</strong></span> <span class='ocrx_word' id='word_1_168' title='bbox 1133 2712 1441 2783; x_wconf 85' lang='lat' dir='ltr'><strong>angustam</strong></span> <span class='ocrx_word' id='word_1_169' title='bbox 1508 2705 1600 2766; x_wconf 90' lang='lat' dir='ltr'><strong>vel</strong></span> <span class='ocrx_word' id='word_1_170' title='bbox 1665 2724 1784 2765; x_wconf 89' lang='lat' dir='ltr'><strong>non</strong></span> <span class='ocrx_word' id='word_1_171' title='bbox 1842 2715 2150 2785; x_wconf 82' lang='lat' dir='ltr'><strong>angustam</strong></span> <span class='ocrx_word' id='word_1_172' title='bbox 2208 2726 2402 2785; x_wconf 91' lang='lat' dir='ltr'><strong>neque</strong></span> <span class='ocrx_word' id='word_1_173' title='bbox 2467 2706 2668 2768; x_wconf 84' lang='lat' dir='ltr'><strong>iubam</strong></span> <span class='ocrx_word' id='word_1_174' title='bbox 2735 2716 2861 2787; x_wconf 84' lang='lat' dir='ltr'><strong>apte</strong></span> 
     </span>
     <span class='ocr_line' id='line_1_23' title="bbox 578 2812 2862 2894; baseline 0.001 -23"><span class='ocrx_word' id='word_1_175' title='bbox 578 2812 694 2872; x_wconf 90' lang='lat' dir='ltr'><strong>dici</strong></span> <span class='ocrx_word' id='word_1_176' title='bbox 734 2830 927 2890; x_wconf 91' lang='lat' dir='ltr'><strong>neque</strong></span> <span class='ocrx_word' id='word_1_177' title='bbox 967 2814 1277 2873; x_wconf 84' lang='lat' dir='ltr'><strong>cervicem.</strong></span> <span class='ocrx_word' id='word_1_178' title='bbox 1354 2830 1538 2891; x_wconf 89' lang='lat' dir='ltr'><strong>quare</strong></span> <span class='ocrx_word' id='word_1_179' title='bbox 1578 2812 1773 2874; x_wconf 90' lang='lat' dir='ltr'><strong>deleto</strong></span> <span class='ocrx_word' id='word_1_180' title='bbox 1815 2821 2096 2893; x_wconf 70' lang='lat' dir='ltr'><strong>anqustii,</strong></span> <span class='ocrx_word' id='word_1_181' title='bbox 2145 2814 2300 2891; x_wconf 91' lang='lat' dir='ltr'><strong>quod</strong></span> <span class='ocrx_word' id='word_1_182' title='bbox 2344 2832 2415 2874; x_wconf 87' lang='lat' dir='ltr'><strong>ex</strong></span> <span class='ocrx_word' id='word_1_183' title='bbox 2455 2814 2862 2894; x_wconf 84' lang='lat' dir='ltr'><strong>superioribus</strong></span> 
     </span>
     <span class='ocr_line' id='line_1_24' title="bbox 579 2920 2860 3004; baseline 0.002 -27"><span class='ocrx_word' id='word_1_184' title='bbox 579 2920 786 2979; x_wconf 90' lang='lat' dir='ltr'><strong>vitiose</strong></span> <span class='ocrx_word' id='word_1_185' title='bbox 833 2920 1153 2999; x_wconf 87' lang='lat' dir='ltr'><strong>repetitum</strong></span> <span class='ocrx_word' id='word_1_186' title='bbox 1203 2928 1347 3000; x_wconf 90' lang='lat' dir='ltr'><strong>erat,</strong></span> <span class='ocrx_word' id='word_1_187' title='bbox 1395 2920 1610 2999; x_wconf 87' lang='lat' dir='ltr'><strong>scripsi</strong></span> <span class='ocrx_word' id='word_1_188' title='bbox 1657 2922 1915 2981; x_wconf 82' lang='lat' dir='ltr'><strong>naribus</strong></span> <span class='ocrx_word' id='word_1_189' title='bbox 1961 2938 2081 2982; x_wconf 88' lang='lat' dir='ltr'><strong>non</strong></span> <span class='ocrx_word' id='word_1_190' title='bbox 2120 2924 2411 3004; x_wconf 70' lang='lat' dir='ltr'><strong>anqustis,</strong></span> <span class='ocrx_word' id='word_1_191' title='bbox 2460 2923 2719 2982; x_wconf 83' lang='lat' dir='ltr'><strong>auribus</strong></span> <span class='ocrx_word' id='word_1_192' title='bbox 2759 2924 2860 2982; x_wconf 85' lang='lat' dir='ltr'><strong>ad-</strong></span> 
     </span>
     <span class='ocr_line' id='line_1_25' title="bbox 570 3025 2861 3107; baseline 0 -21"><span class='ocrx_word' id='word_1_193' title='bbox 570 3028 837 3106; x_wconf 83' lang='lat' dir='ltr'><strong>plicatis‚</strong></span> <span class='ocrx_word' id='word_1_194' title='bbox 887 3028 1031 3087; x_wconf 81' lang='lat' dir='ltr'><strong>iuba</strong></span> <span class='ocrx_word' id='word_1_195' title='bbox 1080 3028 1323 3086; x_wconf 80' lang='lat' dir='ltr'><strong>crebra.</strong></span> <span class='ocrx_word' id='word_1_196' title='bbox 1417 3025 1572 3105; x_wconf 91' lang='lat' dir='ltr'><strong>apud</strong></span> <span class='ocrx_word' id='word_1_197' title='bbox 1623 3025 2003 3087; x_wconf 88' lang='lat' dir='ltr'><strong>Columellam</strong></span> <span class='ocrx_word' id='word_1_198' title='bbox 2052 3035 2252 3087; x_wconf 90' lang='lat' dir='ltr'><strong>autem</strong></span> <span class='ocrx_word' id='word_1_199' title='bbox 2301 3036 2360 3087; x_wconf 88' lang='lat' dir='ltr'><strong>et</strong></span> <span class='ocrx_word' id='word_1_200' title='bbox 2415 3030 2478 3088; x_wconf 92' lang='lat' dir='ltr'><strong>in</strong></span> <span class='ocrx_word' id='word_1_201' title='bbox 2522 3029 2861 3107; x_wconf 87' lang='lat' dir='ltr'><strong>geoponicis</strong></span> 
     </span>
     <span class='ocr_line' id='line_1_26' title="bbox 580 3120 2860 3214; baseline 0.002 -23"><span class='ocrx_word' id='word_1_202' title='bbox 580 3132 760 3193; x_wconf 92' lang='lat' dir='ltr'><strong>multa</strong></span> <span class='ocrx_word' id='word_1_203' title='bbox 817 3134 878 3192; x_wconf 93' lang='lat' dir='ltr'><strong>in</strong></span> <span class='ocrx_word' id='word_1_204' title='bbox 934 3132 1027 3192; x_wconf 89' lang='lat' dir='ltr'><strong>his</strong></span> <span class='ocrx_word' id='word_1_205' title='bbox 1086 3131 1592 3211; x_wconf 80' lang='lat' dir='ltr'><strong>descriptionibus</strong></span> <span class='ocrx_word' id='word_1_206' title='bbox 1650 3120 1844 3194; x_wconf 89' lang='lat' dir='ltr'><strong>addita</strong></span> <span class='ocrx_word' id='word_1_207' title='bbox 1908 3152 2066 3213; x_wconf 88' lang='lat' dir='ltr'><strong>esse,</strong></span> <span class='ocrx_word' id='word_1_208' title='bbox 2124 3152 2272 3214; x_wconf 91' lang='lat' dir='ltr'><strong>quae</strong></span> <span class='ocrx_word' id='word_1_209' title='bbox 2331 3134 2486 3214; x_wconf 90' lang='lat' dir='ltr'><strong>apud</strong></span> <span class='ocrx_word' id='word_1_210' title='bbox 2544 3133 2860 3196; x_wconf 89' lang='lat' dir='ltr'><strong>Varronem</strong></span> 
     </span>
     <span class='ocr_line' id='line_1_27' title="bbox 587 3238 2861 3320; baseline 0.002 -21"><span class='ocrx_word' id='word_1_211' title='bbox 587 3258 705 3299; x_wconf 91' lang='lat' dir='ltr'><strong>non</strong></span> <span class='ocrx_word' id='word_1_212' title='bbox 751 3239 1129 3320; x_wconf 87' lang='lat' dir='ltr'><strong>legebantur,</strong></span> <span class='ocrx_word' id='word_1_213' title='bbox 1188 3238 1354 3299; x_wconf 78' lang='lat' dir='ltr'><strong>facile</strong></span> <span class='ocrx_word' id='word_1_214' title='bbox 1412 3239 1716 3319; x_wconf 80' lang='lat' dir='ltr'><strong>intelleget</strong></span> <span class='ocrx_word' id='word_1_215' title='bbox 1763 3243 2124 3320; x_wconf 89' lang='lat' dir='ltr'><strong>quicumque</strong></span> <span class='ocrx_word' id='word_1_216' title='bbox 2183 3242 2327 3302; x_wconf 90' lang='lat' dir='ltr'><strong>baec</strong></span> <span class='ocrx_word' id='word_1_217' title='bbox 2383 3244 2541 3302; x_wconf 89' lang='lat' dir='ltr'><strong>inter</strong></span> <span class='ocrx_word' id='word_1_218' title='bbox 2599 3262 2663 3304; x_wconf 90' lang='lat' dir='ltr'><strong>se</strong></span> <span class='ocrx_word' id='word_1_219' title='bbox 2713 3262 2861 3304; x_wconf 91' lang='lat' dir='ltr'><strong>com-</strong></span> 
     </span>
     <span class='ocr_line' id='line_1_28' title="bbox 576 3345 2863 3429; baseline 0.002 -25"><span class='ocrx_word' id='word_1_220' title='bbox 576 3347 889 3424; x_wconf 79' lang='lat' dir='ltr'><strong>paraverit.</strong></span> <span class='ocrx_word' id='word_1_221' title='bbox 982 3364 1102 3406; x_wconf 90' lang='lat' dir='ltr'><strong>non</strong></span> <span class='ocrx_word' id='word_1_222' title='bbox 1159 3348 1341 3425; x_wconf 85' lang='lat' dir='ltr'><strong>magis</strong></span> <span class='ocrx_word' id='word_1_223' title='bbox 1390 3345 1761 3425; x_wconf 88' lang='lat' dir='ltr'><strong>probandum</strong></span> <span class='ocrx_word' id='word_1_224' title='bbox 1811 3356 1931 3428; x_wconf 90' lang='lat' dir='ltr'><strong>est,</strong></span> <span class='ocrx_word' id='word_1_225' title='bbox 1989 3348 2148 3428; x_wconf 87' lang='lat' dir='ltr'><strong>quod</strong></span> <span class='ocrx_word' id='word_1_226' title='bbox 2204 3358 2409 3429; x_wconf 88' lang='lat' dir='ltr'><strong>postea</strong></span> <span class='ocrx_word' id='word_1_227' title='bbox 2466 3349 2863 3411; x_wconf 89' lang='lat' dir='ltr'><strong>Schneiderus</strong></span> 
     </span>
     <span class='ocr_line' id='line_1_29' title="bbox 576 3452 2861 3531; baseline 0.003 -20"><span class='ocrx_word' id='word_1_228' title='bbox 576 3454 1039 3530; x_wconf 88' lang='lat' dir='ltr'><strong>geoponicorum</strong></span> <span class='ocrx_word' id='word_1_229' title='bbox 1080 3452 1543 3531; x_wconf 84' lang='lat' dir='ltr'><strong>descriptionem</strong></span> <span class='ocrx_word' id='word_1_230' title='bbox 1591 3465 1835 3515; x_wconf 81' lang='lat' dir='ltr'><strong>secutus</strong></span> <span class='ocrx_word' id='word_1_231' title='bbox 1873 3454 2051 3515; x_wconf 84' lang='lat' dir='ltr'><strong>verba</strong></span> <span class='ocrx_word' id='word_1_232' title='bbox 2098 3458 2157 3515; x_wconf 91' lang='lat' dir='ltr'><strong>in</strong></span> <span class='ocrx_word' id='word_1_233' title='bbox 2197 3456 2356 3517; x_wconf 91' lang='lat' dir='ltr'><strong>bunc</strong></span> <span class='ocrx_word' id='word_1_234' title='bbox 2396 3455 2638 3518; x_wconf 78' lang='lat' dir='ltr'><strong>mddum</strong></span> <span class='ocrx_word' id='word_1_235' title='bbox 2677 3466 2861 3519; x_wconf 90' lang='lat' dir='ltr'><strong>trans-</strong></span> 
     </span>
     <span class='ocr_line' id='line_1_30' title="bbox 577 3547 2864 3644; baseline 0.004 -27"><span class='ocrx_word' id='word_1_236' title='bbox 577 3558 849 3637; x_wconf 88' lang='lat' dir='ltr'><strong>ponenda</strong></span> <span class='ocrx_word' id='word_1_237' title='bbox 899 3567 959 3619; x_wconf 85' lang='lat' dir='ltr'><strong>et</strong></span> <span class='ocrx_word' id='word_1_238' title='bbox 1007 3547 1282 3620; x_wconf 85' lang='lat' dir='ltr'><strong>mutanda</strong></span> <span class='ocrx_word' id='word_1_239' title='bbox 1334 3578 1466 3620; x_wconf 88' lang='lat' dir='ltr'><strong>esse</strong></span> <span class='ocrx_word' id='word_1_240' title='bbox 1514 3562 1791 3642; x_wconf 79' lang='lat' dir='ltr'><strong>coniecit,</strong></span> <span class='ocrx_word' id='word_1_241' title='bbox 1836 3564 2104 3639; x_wconf 84' lang='lat' dir='ltr'><strong>scapulis</strong></span> <span class='ocrx_word' id='word_1_242' title='bbox 2143 3566 2299 3644; x_wconf 76' lang='lat' dir='ltr'><strong>tatis,</strong></span> <span class='ocrx_word' id='word_1_243' title='bbox 2346 3565 2617 3625; x_wconf 81' lang='lat' dir='ltr'><strong>humeris</strong></span> <span class='ocrx_word' id='word_1_244' title='bbox 2663 3568 2864 3644; x_wconf 83' lang='lat' dir='ltr'><strong>rectis,</strong></span> 
     </span>
     <span class='ocr_line' id='line_1_31' title="bbox 575 3668 2867 3751; baseline 0.003 -25"><span class='ocrx_word' id='word_1_245' title='bbox 575 3673 783 3727; x_wconf 83' lang='lat' dir='ltr'><strong>ventre</strong></span> <span class='ocrx_word' id='word_1_246' title='bbox 839 3668 1072 3727; x_wconf 85' lang='lat' dir='ltr'><strong>modico</strong></span> <span class='ocrx_word' id='word_1_247' title='bbox 1090 3713 1107 3745; x_wconf 92' lang='lat'>‚</span> <span class='ocrx_word' id='word_1_248' title='bbox 1164 3668 1377 3728; x_wconf 83' lang='lat' dir='ltr'><strong>lumbis</strong></span> <span class='ocrx_word' id='word_1_249' title='bbox 1434 3670 1717 3730; x_wconf 84' lang='lat' dir='ltr'><strong>deorsum</strong></span> <span class='ocrx_word' id='word_1_250' title='bbox 1772 3687 2011 3730; x_wconf 85' lang='lat' dir='ltr'><strong>versum</strong></span> <span class='ocrx_word' id='word_1_251' title='bbox 2060 3672 2318 3751; x_wconf 86' lang='lat' dir='ltr'><strong>pressis,</strong></span> <span class='ocrx_word' id='word_1_252' title='bbox 2371 3673 2549 3747; x_wconf 86' lang='lat' dir='ltr'><strong>spina</strong></span> <span class='ocrx_word' id='word_1_253' title='bbox 2604 3676 2867 3733; x_wconf 78' lang='lat' dir='ltr'><strong>maxime</strong></span> 
     </span>
     <span class='ocr_line' id='line_1_32' title="bbox 576 3776 821 3850; baseline 0 -17"><span class='ocrx_word' id='word_1_254' title='bbox 576 3776 821 3850; x_wconf 81' lang='lat' dir='ltr'><strong>duplici.</strong></span> 
     </span>
    </p>

    <p class='ocr_par' dir='ltr' id='par_1_4' title="bbox 575 3879 2866 4599">
     <span class='ocr_line' id='line_1_33' title="bbox 755 3879 2863 3965; baseline 0.003 -24"><span class='ocrx_word' id='word_1_255' title='bbox 755 3879 1110 3941; x_wconf 88' lang='lat' dir='ltr'><strong>Cruribus</strong></span> <span class='ocrx_word' id='word_1_256' title='bbox 1148 3882 1377 3940; x_wconf 84' lang='lat' dir='ltr'><strong>rectis</strong></span> <span class='ocrx_word' id='word_1_257' title='bbox 1416 3880 1843 3960; x_wconf 88' lang='lat' dir='ltr'><strong>aequalibus</strong></span> <span class='ocrx_word' id='word_1_258' title='bbox 1881 3883 2074 3942; x_wconf 89' lang='lat' dir='ltr'><strong>intro</strong></span> <span class='ocrx_word' id='word_1_259' title='bbox 2114 3900 2380 3943; x_wconf 81' lang='lat' dir='ltr'><strong>uersus</strong></span> <span class='ocrx_word' id='word_1_260' title='bbox 2401 3886 2645 3961; x_wconf 88' lang='lat' dir='ltr'><strong>potius</strong></span> <span class='ocrx_word' id='word_1_261' title='bbox 2686 3886 2863 3965; x_wconf 80' lang='lat' dir='ltr'><strong>figu-</strong></span> 
     </span>
     <span class='ocr_line' id='line_1_34' title="bbox 576 3986 2864 4069; baseline 0.004 -22"><span class='ocrx_word' id='word_1_262' title='bbox 576 3995 726 4048; x_wconf 88' lang='lat' dir='ltr'><strong>rata</strong></span> <span class='ocrx_word' id='word_1_263' title='bbox 792 3986 1097 4066; x_wconf 85' lang='lat' dir='ltr'><strong>genibus</strong></span> <span class='ocrx_word' id='word_1_264' title='bbox 1172 3988 1511 4048; x_wconf 89' lang='lat' dir='ltr'><strong>rutundis</strong></span> <span class='ocrx_word' id='word_1_265' title='bbox 1578 4007 1661 4048; x_wconf 93' lang='lat' dir='ltr'><strong>ne</strong></span> <span class='ocrx_word' id='word_1_266' title='bbox 1727 3990 2001 4067; x_wconf 88' lang='lat' dir='ltr'><strong>magnis</strong></span> <span class='ocrx_word' id='word_1_267' title='bbox 2068 3988 2360 4068; x_wconf 84' lang='lat' dir='ltr'><strong>ungulis</strong></span> <span class='ocrx_word' id='word_1_268' title='bbox 2426 3988 2668 4069; x_wconf 89' lang='lat' dir='ltr'><strong>duris]</strong></span> <span class='ocrx_word' id='word_1_269' title='bbox 2743 3996 2864 4056; x_wconf 83' lang='lat' dir='ltr'><strong>Nec</strong></span> 
     </span>
     <span class='ocr_line' id='line_1_35' title="bbox 575 4093 2866 4177; baseline 0.003 -21"><span class='ocrx_word' id='word_1_270' title='bbox 575 4098 813 4171; x_wconf 71' lang='lat' dir='ltr'><strong>muqnis</strong></span> <span class='ocrx_word' id='word_1_271' title='bbox 867 4113 925 4154; x_wconf 94' lang='lat' dir='ltr'><strong>m</strong></span> <span class='ocrx_word' id='word_1_272' title='bbox 992 4102 1052 4154; x_wconf 88' lang='lat' dir='ltr'><strong>et</strong></span> <span class='ocrx_word' id='word_1_273' title='bbox 1108 4093 1347 4155; x_wconf 89' lang='lat' dir='ltr'><strong>Merula.</strong></span> <span class='ocrx_word' id='word_1_274' title='bbox 1433 4098 1726 4156; x_wconf 84' lang='lat' dir='ltr'><strong>eruribus</strong></span> <span class='ocrx_word' id='word_1_275' title='bbox 1788 4098 1976 4157; x_wconf 78' lang='lat' dir='ltr'><strong>rectis</strong></span> <span class='ocrx_word' id='word_1_276' title='bbox 2041 4103 2101 4157; x_wconf 87' lang='lat' dir='ltr'><strong>et</strong></span> <span class='ocrx_word' id='word_1_277' title='bbox 2163 4098 2546 4177; x_wconf 81' lang='lat' dir='ltr'><strong>aequalibus,</strong></span> <span class='ocrx_word' id='word_1_278' title='bbox 2607 4103 2866 4174; x_wconf 72' lang='lat' dir='ltr'><strong>qenibus</strong></span> 
     </span>
     <span class='ocr_line' id='line_1_36' title="bbox 576 4204 2864 4281; baseline 0.002 -18"><span class='ocrx_word' id='word_1_279' title='bbox 576 4205 881 4281; x_wconf 84' lang='lat' dir='ltr'><strong>rotundis,</strong></span> <span class='ocrx_word' id='word_1_280' title='bbox 936 4219 1050 4262; x_wconf 84' lang='lat' dir='ltr'><strong>nec</strong></span> <span class='ocrx_word' id='word_1_281' title='bbox 1096 4204 1335 4277; x_wconf 72' lang='lat' dir='ltr'><strong>maqnis</strong></span> <span class='ocrx_word' id='word_1_282' title='bbox 1381 4221 1494 4263; x_wconf 84' lang='lat' dir='ltr'><strong>nec</strong></span> <span class='ocrx_word' id='word_1_283' title='bbox 1541 4206 1847 4264; x_wconf 83' lang='lat' dir='ltr'><strong>introrsus</strong></span> <span class='ocrx_word' id='word_1_284' title='bbox 1892 4206 2331 4279; x_wconf 82' lang='lat' dir='ltr'><strong>spectantibus,</strong></span> <span class='ocrx_word' id='word_1_285' title='bbox 2388 4208 2635 4279; x_wconf 72' lang='lat' dir='ltr'><strong>unqulis</strong></span> <span class='ocrx_word' id='word_1_286' title='bbox 2693 4210 2864 4269; x_wconf 83' lang='lat' dir='ltr'><strong>duris</strong></span> 
     </span>
     <span class='ocr_line' id='line_1_37' title="bbox 578 4307 2863 4390; baseline 0.001 -20"><span class='ocrx_word' id='word_1_287' title='bbox 578 4309 898 4390; x_wconf 79' lang='lat' dir='ltr'><strong>iucunduS,</strong></span> <span class='ocrx_word' id='word_1_288' title='bbox 947 4326 1097 4387; x_wconf 90' lang='lat' dir='ltr'><strong>quae</strong></span> <span class='ocrx_word' id='word_1_289' title='bbox 1146 4307 1443 4368; x_wconf 88' lang='lat' dir='ltr'><strong>Victorius</strong></span> <span class='ocrx_word' id='word_1_290' title='bbox 1494 4312 1738 4390; x_wconf 86' lang='lat' dir='ltr'><strong>recepit,</strong></span> <span class='ocrx_word' id='word_1_291' title='bbox 1786 4309 1886 4369; x_wconf 90' lang='lat' dir='ltr'><strong>sed</strong></span> <span class='ocrx_word' id='word_1_292' title='bbox 1947 4328 2025 4370; x_wconf 93' lang='lat' dir='ltr'><strong>ne</strong></span> <span class='ocrx_word' id='word_1_293' title='bbox 2070 4313 2306 4384; x_wconf 69' lang='lat' dir='ltr'><strong>maqnis</strong></span> <span class='ocrx_word' id='word_1_294' title='bbox 2355 4328 2386 4369; x_wconf 92' lang='lat' dir='ltr'><strong>e</strong></span> <span class='ocrx_word' id='word_1_295' title='bbox 2434 4310 2640 4372; x_wconf 86' lang='lat' dir='ltr'><strong>codice</strong></span> <span class='ocrx_word' id='word_1_296' title='bbox 2690 4312 2863 4374; x_wconf 87' lang='lat' dir='ltr'><strong>dedit.</strong></span> 
     </span>
     <span class='ocr_line' id='line_1_38' title="bbox 576 4417 2861 4500; baseline 0.002 -23"><span class='ocrx_word' id='word_1_297' title='bbox 576 4418 864 4479; x_wconf 84' lang='lat' dir='ltr'><strong>cruribus</strong></span> <span class='ocrx_word' id='word_1_298' title='bbox 910 4419 1097 4476; x_wconf 82' lang='lat' dir='ltr'><strong>rectis</strong></span> <span class='ocrx_word' id='word_1_299' title='bbox 1145 4417 1519 4490; x_wconf 81' lang='lat' dir='ltr'><strong>aequalibus,</strong></span> <span class='ocrx_word' id='word_1_300' title='bbox 1561 4420 1766 4493; x_wconf 84' lang='lat' dir='ltr'><strong>potius</strong></span> <span class='ocrx_word' id='word_1_301' title='bbox 1806 4420 2019 4492; x_wconf 71' lang='lat' dir='ltr'><strong>fiqura</strong></span> <span class='ocrx_word' id='word_1_302' title='bbox 2067 4420 2223 4498; x_wconf 86' lang='lat' dir='ltr'><strong>altis,</strong></span> <span class='ocrx_word' id='word_1_303' title='bbox 2265 4419 2524 4492; x_wconf 69' lang='lat' dir='ltr'><strong>qenibus</strong></span> <span class='ocrx_word' id='word_1_304' title='bbox 2569 4423 2861 4500; x_wconf 86' lang='lat' dir='ltr'><strong>rotundis,</strong></span> 
     </span>
     <span class='ocr_line' id='line_1_39' title="bbox 577 4525 2860 4599; baseline 0.001 -14"><span class='ocrx_word' id='word_1_305' title='bbox 577 4543 689 4586; x_wconf 83' lang='lat' dir='ltr'><strong>nee</strong></span> <span class='ocrx_word' id='word_1_306' title='bbox 736 4526 975 4598; x_wconf 72' lang='lat' dir='ltr'><strong>maqnis</strong></span> <span class='ocrx_word' id='word_1_307' title='bbox 1023 4540 1135 4582; x_wconf 84' lang='lat' dir='ltr'><strong>nec</strong></span> <span class='ocrx_word' id='word_1_308' title='bbox 1184 4525 1558 4584; x_wconf 83' lang='lat' dir='ltr'><strong>introversus</strong></span> <span class='ocrx_word' id='word_1_309' title='bbox 1604 4526 2047 4599; x_wconf 78' lang='lat' dir='ltr'><strong>spectantibus,</strong></span> <span class='ocrx_word' id='word_1_310' title='bbox 2103 4527 2346 4599; x_wconf 71' lang='lat' dir='ltr'><strong>unqulis</strong></span> <span class='ocrx_word' id='word_1_311' title='bbox 2398 4527 2574 4586; x_wconf 83' lang='lat' dir='ltr'><strong>duris</strong></span> <span class='ocrx_word' id='word_1_312' title='bbox 2623 4525 2860 4587; x_wconf 90' lang='lat' dir='ltr'><strong>Schnei-</strong></span> 
     </span>
    </p>
   </div>
  </div>
 </body>
</html>
