3178 5185
898 455 1155 510 RERVM
1192 455 1666 510 RVSTLCARVM
1701 455 1835 510 ms.
1874 456 1925 508 11
1963 450 2002 505 4
2469 454 2599 520 233

313 624 456 703 quod
513 631 575 683 et
633 622 951 683 simulacra
1008 641 1215 683 eorum
1271 623 1492 684 ahenea
1550 626 1729 684 etiam
1787 642 1945 683 nunc
2000 625 2059 683 in
2108 623 2344 701 publico
2392 625 2599 704 posita,

311 739 364 791 et
407 748 626 808 corpus
676 732 885 789 matris
932 729 1003 789 ab
1052 730 1480 812 sacerdotibuS,
1528 731 1686 810 quod
1735 733 1794 790 in
1845 729 2067 790 salsura
2117 731 2314 810 suerit,
2360 730 2598 791 demon·

311 846 540 899 stratur.
642 839 947 898 nutricare
1014 846 1258 898 octonos
1318 857 1532 917 porcos
1588 837 1863 917 parvulos
1917 839 2108 916 primo
2166 845 2443 915 possunt:
2505 839 2694 898 in-19

311 953 604 1006 cremento
655 946 809 1005 facto
859 965 887 1005 a
936 947 1146 1024 peritis
1195 946 1435 1006 dimidia
1483 963 1620 1023 pars
1663 946 1958 1005 removeri
1998 944 2162 1026 solet,
2211 944 2366 1022 quod
2406 962 2599 1023 neque

270 1063 490 1113 5mater
548 1060 750 1131 potest
797 1051 1068 1112 subferre
1117 1052 1231 1134 lac,
1290 1072 1482 1132 neque
1532 1054 1915 1131 congenerati
1960 1052 2269 1112 alescendo
2318 1050 2602 1110 roborari.

311 1179 340 1219 a
388 1170 557 1238 partu
608 1159 817 1219 decem
866 1159 1077 1220 diebus
1124 1161 1411 1239 proximis
1459 1178 1576 1219 non
1627 1159 1964 1238 producunt
2011 1177 2082 1218 ex
2128 1158 2289 1217 haris
2337 1165 2602 1237 matrem,

318 1275 728 1346 praeterquam
766 1276 989 1345 potum.
1075 1269 1412 1346 praeteritis
1452 1267 1656 1326 decem
1695 1265 1905 1326 diebus
1945 1268 2148 1326 sinunt
2177 1267 2338 1325 exire
2369 1272 2601 1343 pastum

315 1376 368 1433 in
419 1376 776 1454 propincum
832 1374 1028 1434 locum
1085 1374 1281 1454 villae,
1343 1385 1410 1434 ut
1467 1373 1678 1433 crebro
1737 1373 1933 1433 reditu
1990 1372 2139 1431 lacte
2197 1371 2353 1431 alere
2415 1373 2603 1449 possit

315 1498 529 1559 porcos
626 1500 763 1541 cum
817 1490 1158 1562 creverunt,
1212 1482 1520 1560 patiuntur
1577 1482 1750 1559 sequi
1795 1488 2042 1540 matrem
2091 1487 2353 1558 pastum,
2409 1478 2592 1537 domi·
2616 1482 2698 1539 20

248 1606 419 1666 mque
485 1597 812 1648 secernunt
880 1607 909 1647 a
978 1587 1265 1647 matribus
1323 1606 1390 1646 ac
1450 1605 1719 1647 seorsum
1775 1597 2053 1666 pascunt,
2121 1594 2188 1646 ut
2244 1585 2604 1645 desiderium

316 1694 461 1753 serre
528 1696 762 1772 possint
817 1695 1082 1772 parentis
1138 1695 1415 1773 nutriciS,
1484 1693 1641 1772 quod
1700 1694 1905 1754 decem
1961 1692 2171 1752 diebus
2227 1691 2629 1785 adsecuntur..

315 1800 588 1861 subulcus
628 1801 806 1861 debet
846 1800 1284 1881 consuefacere,
1328 1802 1521 1860 omnia
1562 1807 1629 1860 ut
1668 1800 1887 1860 faciant
1924 1800 1995 1859 ad
2035 1799 2328 1859 bucinam.
2412 1802 2603 1877 primo

315 1927 442 1968 cum
488 1908 888 1986 incluserunt,
945 1925 1080 1966 cum
1130 1905 1473 1967 bucinatum
1523 1914 1639 1986 est,
1697 1908 1997 1984 aperiunt,
2053 1916 2119 1967 ut
2167 1908 2328 1966 exire
2375 1908 2606 1985 possint

314 2018 372 2075 in
436 2034 567 2075 eum
634 2014 858 2096 locum,
925 2015 1030 2074 ubi
1086 2015 1375 2074 hordeum
1434 2014 1634 2074 fusum
1691 2015 1753 2073 in
1808 2013 2197 2091 longitudine.
2302 2014 2387 2072 sic
2445 2014 2601 2071 enim

252 2140 292 2180 15
318 2124 504 2182 minus
572 2122 852 2202 disperit,
917 2140 1095 2199 quam
1152 2122 1202 2180 si
1260 2124 1319 2181 in
1378 2111 1588 2181 ac’ervo
1646 2122 1935 2202 positum,
2000 2128 2061 2179 et
2115 2120 2318 2197 plures
2376 2118 2605 2178 facilius

316 2230 616 2290 accedunt.
711 2229 845 2289 ideo
919 2229 991 2288 ad
1064 2228 1376 2288 duodecim
1443 2230 1762 2288 convenire
1830 2228 2139 2307 dicuntur,
2213 2233 2282 2285 ut
2346 2224 2605 2284 silvestri

316 2336 439 2396 loco
477 2336 734 2416 dispersi
773 2355 846 2397 ne
886 2335 1243 2414 dispereant.
1301 2342 1638 2395 castrantur
1675 2354 1880 2395 verres
1917 2333 2393 2395 commodissime
2433 2333 2596 2391 anni·
2620 2338 2698 2394 21

319 2443 459 2524 culi,
517 2446 726 2523 utique
786 2462 860 2503 ne
914 2445 1175 2502 minores
1224 2462 1398 2521 quam
1448 2451 1793 2503 semestres:
1852 2460 1967 2520 quo
2017 2441 2169 2500 facto
2217 2456 2433 2499 nomen
2479 2457 2605 2498 mu·

320 2558 440 2611 tant
482 2559 660 2631 atque
709 2570 742 2612 e
791 2550 1063 2612 verribus
1111 2549 1393 2611 dicuntur
1442 2549 1695 2611 maiales.
1788 2549 1861 2610 de
1910 2549 2160 2609 sanitate
2209 2564 2382 2607 suum
2421 2563 2605 2606 unum

324 2782 739 2789 —————

460 2943 488 2991 1
536 2941 594 2993 et
628 2939 824 3007 priore
861 2939 973 2993 loco
1009 2938 1435 3006 superswiptum
1471 2939 1535 2991 in
1570 2938 1626 2992 A
1771 2937 1987 2991 ahenea
2026 2934 2205 2987 PAB
2242 2935 2313 2989 ab
2354 2936 2542 2988 Aenea
2576 2950 2608 2987 v

457 3034 487 3081 2
534 3028 605 3082 ab
657 3025 1046 3081 sacerdotibus
1084 3026 1198 3079 PA
1238 3043 1272 3079 a
1308 3025 1692 3080 sacerdotibus
1730 3027 1826 3080 Bv
1972 3032 2003 3079 3
2048 3024 2330 3079 nutricare
2365 3041 2397 3077 v
2435 3023 2609 3077 nutri·

327 3117 430 3170 cari
465 3116 648 3170 PAB
795 3121 826 3168 5
877 3114 1102 3168 sufferre
1152 3115 1262 3168 VB
1303 3114 1579 3169 subferret
1615 3116 1672 3170 A
1825 3122 1856 3169 6
1896 3132 1962 3168 ex
2005 3115 2116 3167 aris
2156 3115 2207 3166 A
2355 3118 2385 3166 7
2423 3114 2610 3180 peter-

326 3220 481 3271 quam
507 3205 561 3256 A
655 3210 688 3258 8
719 3202 1048 3272 propincum
1079 3203 1196 3257 PA
1222 3202 1599 3272 propinquum
1616 3204 1715 3257 Bv
1807 3201 1985 3272 possit
2002 3203 2293 3257 Iucundus
2319 3200 2609 3271 possintA

326 3293 529 3360 possint
567 3293 684 3347 VB
793 3298 824 3345 9
864 3308 990 3345 cum
1030 3294 1326 3346 creuerunt
1355 3293 1473 3345 AB
1512 3310 1639 3346 cum
1678 3291 1956 3346 creuerint
1994 3292 2055 3345 V.
2118 3290 2277 3344 ‘Cum
2317 3289 2613 3343 creuerunt

333 3381 550 3449 cupiunt
588 3380 752 3449 sequi
787 3382 1044 3434 matrem.
1121 3380 1373 3449 Antiqua
1403 3382 1556 3436 lectio
1584 3382 1808 3435 diuersa
1837 3397 1951 3435 non
1976 3385 2157 3434 tamen
2186 3380 2368 3434 adhue
2396 3379 2612 3447 aliquid

331 3485 389 3521 ex
421 3471 592 3538 ipsius
624 3475 788 3538 parte
827 3470 956 3524 boni
992 3469 1177 3522 elicere
1204 3466 1370 3537 potui
1401 3511 1412 3522 .
1444 3475 1507 3523 ut
1544 3469 1651 3522 alii
1686 3470 1749 3522 in
1784 3469 1883 3523 hoc
1920 3469 2170 3522 laborare
2194 3467 2408 3536 possint
2438 3469 2609 3521 omni-

333 3557 421 3610 bus
463 3574 578 3610 eam
622 3558 888 3611 studiosis
935 3573 1246 3626 exponam:
1270 3556 1415 3620 Cum
1464 3559 1760 3612 creuerunt
1808 3554 2129 3625 capiuntur,
2179 3556 2337 3625 sequi
2375 3559 2610 3609 matrem

332 3644 557 3711 pastum,
595 3642 727 3699 etc.'
817 3645 1093 3700 Victorius
1216 3646 1536 3716 patiuntur]
1579 3645 1873 3714 capiuntur
1905 3643 2088 3700 PAB
2125 3645 2358 3714 cupiunt
2392 3662 2425 3699 v
2545 3650 2608 3698 11

334 3733 550 3788 nutricis
587 3751 641 3787 m
678 3734 926 3788 nutrices
966 3750 1103 3789 corr.
1143 3764 1211 3774 —
1253 3733 1332 3789 cis
1363 3734 1416 3787 A
1447 3734 1692 3789 nutrices
1732 3733 1863 3800 VB,
1900 3735 2094 3789 delevit
2122 3734 2432 3789 IucunduS.
2510 3733 2613 3787 ‘In

336 3824 528 3876 monetis
581 3840 754 3877 manu
807 3824 1030 3891 scriptis
1075 3828 1205 3892 post
1263 3824 1552 3891 Parentis,
1609 3825 1802 3877 inueni
1848 3822 2123 3877 Nutrices.
2207 3823 2326 3876 Nec
2379 3827 2613 3876 statuere

334 3912 478 3976 potui
511 3912 645 3981 quid
672 3912 776 3966 illa
803 3928 916 3965 uox
944 3912 1052 3966 sibi
1077 3913 1212 3966 uelit
1228 3934 1245 3966 .-
1267 3930 1343 3966 an
1371 3912 1646 3979 Nutricis,
1666 3928 1775 3981 pro
1800 3912 2060 3967 Parentis
2089 3913 2266 3981 aliqui
2293 3912 2535 3982 leyebant
2553 3910 2606 3963 ,θ’

349 3996 606 4055 Victorius
687 4001 1023 4054 adsecuntur
1041 4001 1098 4055 A
1124 4003 1452 4055 assecuntur
1474 4001 1530 4053 P
1553 4003 1926 4069 assequuntur
1945 4001 2042 4054 Bv
2126 4006 2191 4053 12
2211 3998 2471 4054 bucinam
2492 3998 2613 4052 AB

339 4085 615 4143 buccinam
654 4090 707 4143 V
814 4095 879 4142 13
918 4088 1242 4143 bucinatum
1269 4089 1392 4143 AB
1428 4088 1787 4144 buccinatum
1816 4089 1868 4143 V
1975 4094 2039 4142 15
2077 4088 2310 4157 disperit
2344 4087 2453 4141 VB
2492 4087 2613 4141 des-

340 4176 473 4243 perit
505 4181 559 4232 A
703 4178 957 4246 quamuis
993 4177 1052 4231 in
1089 4193 1318 4232 aceruos
1364 4176 1473 4231 VB
1512 4179 1769 4246 quamuis
1805 4178 1864 4231 in
1903 4193 2134 4232 aceruus
2164 4194 2300 4231 corr.
2332 4208 2401 4216 —
2428 4194 2529 4231 uos
2559 4178 2612 4231 A

343 4265 381 4316 c‘
409 4284 568 4334 quam
597 4267 644 4321 si
672 4268 966 4336 adscripsit
991 4268 1045 4320 P
1069 4267 1326 4336 quamuis
1354 4266 1415 4320 in
1433 4284 1697 4321 aceruum
1725 4285 1778 4322 m
1798 4309 1809 4321 .
1829 4268 2059 4334 fortasse
2080 4283 2247 4333 quam
2268 4265 2315 4319 si
2333 4266 2392 4318 in
2412 4282 2613 4319 aceruo

345 4352 412 4407 sit
546 4362 611 4409 16
650 4355 722 4409 ad
759 4356 1053 4411 duodecim
1097 4356 1153 4408 P
1187 4356 1259 4411 ad
1298 4357 1603 4412 duodecem
1641 4357 1695 4409 B
1735 4357 1805 4411 ab
1846 4355 2150 4410 duodecem
2187 4355 2305 4408 Am
2341 4355 2413 4408 ad
2442 4354 2545 4408 XII
2581 4372 2612 4409 v

346 4441 411 4495 ad
433 4443 718 4500 buccinam
746 4445 979 4500 Ursinus
1089 4451 1153 4500 17
1184 4445 1506 4514 dispereant
1535 4444 1651 4499 VB
1671 4444 2074 4514 despereantA
2176 4449 2240 4497 18
2270 4446 2562 4498 semestres
2582 4461 2613 4498 v

350 4589 657 4641 semestres
695 4588 808 4641 PB
845 4546 1084 4642 seffstres
1121 4586 1177 4642 A
1326 4594 1388 4642 19
1425 4585 1659 4642 maiales
1704 4587 1813 4642 VB
1851 4586 2115 4642 maciales
2151 4585 2269 4643 Am
