3178 5185
802 390 1062 484 RERVM
1107 428 1587 485 RvscrmARVM
1626 431 1763 486 ΜΒ.
1801 433 1826 486 1
1868 431 1948 487 17
2432 424 2517 489 59

275 588 554 660 imperare.
617 583 860 645 Cassius
898 594 1091 645 autem
1132 585 1349 645 dicitur
1389 584 1626 646 Cassius
1666 586 1999 666 DionysiuS,
2040 606 2216 667 quem
2256 587 2519 666 Magonis

273 690 430 750 libros
469 693 704 751 vertisse
751 693 944 770 iisque
992 710 1062 752 ex
1102 691 1462 753 Graecorum
1510 692 1677 753 libris
1715 694 1896 755 multa
1946 694 2242 755 addidisse
2291 695 2518 756 dictum

273 804 384 857 erat
421 798 443 857 Ι
478 796 526 880 1,
564 795 661 859 10.
1611 799 1622 807 ³

425 903 596 974 Quod
665 906 978 967 scientia
1033 906 1389 985 praestet]
1448 910 1625 980 Quod
1674 911 1934 970 scientia
1983 916 2256 986 praestet
2303 916 2362 971 et
2405 928 2517 970 usu

273 1030 330 1069 ex
374 1010 555 1072 Aldina
600 1012 860 1073 editione
909 1013 1208 1092 vulgatum
1257 1022 1399 1074 erat.

425 1115 458 1178 6
512 1118 948 1179 iniciendam
995 1120 1442 1200 uoluptatem
1489 1122 2026 1200 praefectorum
2072 1121 2344 1183 honore
2384 1123 2519 1183 ali-

270 1243 388 1302 quo
428 1222 729 1286 habendo
780 1233 849 1286 et
904 1226 984 1285 de
1023 1229 1384 1306 operariis
1425 1230 1545 1306 qui
1582 1228 2059 1306 praestabunt
2107 1229 2285 1289 alios
2336 1249 2519 1289 com-

268 1332 719 1392 municandum
770 1351 1047 1412 quoque
1097 1352 1249 1394 cum
1298 1332 1435 1411 his]
1481 1335 1863 1396 Iniciendam
1914 1337 2107 1395 omnia
2157 1336 2519 1417 apographa3

266 1438 594 1499 iniciendum
634 1440 828 1499 errori
855 1439 1102 1500 Victorii
1132 1440 1513 1501 tribuendum
1546 1450 1652 1502 est.
1698 1445 1785 1503 ad
1819 1446 2212 1504 iniiciendam
2246 1447 2516 1520 uolupta-

266 1549 365 1602 tem
399 1546 481 1605 his
509 1545 946 1622 praefecturae
982 1550 1213 1609 honore
1250 1552 1453 1623 aliquo
1492 1551 1761 1610 habendi
1804 1557 1961 1625 sunt,
2001 1558 2060 1611 et
2104 1553 2180 1611 de
2217 1554 2520 1627 operariis

265 1653 358 1721 qui
380 1655 770 1725 praestabunt
805 1657 1012 1729 aliqui.
1095 1656 1667 1717 Communicandum
1705 1674 1941 1731 quoque
1978 1676 2115 1718 cum
2153 1660 2246 1717 his
2277 1657 2519 1739 Merula,

265 1757 339 1813 ad
361 1759 733 1820 iniiciendam
763 1764 1126 1823 voluntatem
1156 1770 1629 1839 praeceptorum
1658 1762 1778 1835 (vel
1808 1766 1894 1824 ad
1919 1766 2278 1824 eliciendam
2317 1769 2520 1825 volun-

264 1869 422 1922 tatem
476 1866 955 1942 praefectorum)
1023 1873 1224 1944 aliquo
1290 1872 1519 1931 honore
1581 1872 1851 1931 habendi
1906 1876 2046 1930 sunt
2100 1867 2381 1951 Ursinus,
2440 1875 2526 1930 ad

264 1970 615 2033 inliciendam
663 1979 1025 2036 voluntatem
1065 1976 1104 2035 1.
1149 1976 1210 2037 F.
1251 1975 1583 2037 Gronovius
1629 1975 1783 2054 apud
1825 1974 2276 2057 Schneiderum,
2324 1980 2519 2038 iniici-

263 2078 455 2137 endum
503 2085 866 2143 voluntatem
914 2081 1266 2158 praefectos
1322 2086 1383 2143 in
1447 2086 1650 2158 aliquo
1709 2086 1941 2143 honore
1996 2084 2273 2143 habendo
2330 2091 2389 2143 et
2447 2087 2522 2144 de

262 2189 531 2257 operariis
565 2191 674 2262 qui
699 2191 1107 2265 praestabunt
1143 2193 1374 2265 aliquot
1411 2188 1689 2268 Scaliger,
1732 2192 2121 2250 inliciendum
2159 2193 2521 2250 voluntatem

258 2290 676 2366 praefectorum
758 2296 989 2357 honore
1072 2299 1275 2371 aliquo
1358 2298 1638 2357 habendo
1712 2294 2042 2355 Pontedera
2107 2315 2160 2375 p.
2211 2294 2355 2357 109.
2447 2297 2519 2356 ad

263 2398 583 2475 scripturam
649 2400 980 2482 archetypi,
1048 2421 1197 2481 quae
1265 2404 1328 2463 in
1398 2403 1572 2462 editis
1642 2402 1779 2461 inde
1845 2420 1876 2461 a
1936 2403 2204 2481 principe
2263 2403 2519 2462 editione

263 2504 661 2583 exemplaribus
738 2516 1018 2587 corrupta
1093 2516 1251 2591 erat,
1326 2509 1504 2569 verba
1571 2510 1858 2569 revocavi.
1952 2508 2056 2568 sed
2132 2512 2520 2570 inliciendam

263 2615 588 2676 voluntatem
647 2617 875 2694 potiuS,
933 2635 1109 2696 quam
1168 2617 1325 2695 quod
1384 2616 1521 2676 olim
1572 2619 1942 2676 conieceram
1993 2619 2382 2677 inliciendum
2428 2616 2521 2676 vel

264 2720 623 2804 incitandum,
671 2725 907 2802 scripsi.
981 2741 1114 2783 narn
1162 2723 1309 2784 haec
1358 2741 1615 2804 quoque,
1664 2724 1821 2782 sicut
1867 2724 2197 2805 superiora,
2243 2742 2274 2783 a
2319 2722 2520 2783 Cassio

264 2837 549 2907 praecepta
598 2847 733 2889 esse
780 2828 964 2888 Varro
1012 2829 1213 2891 refert.
1299 2837 1629 2906 praestare
1675 2848 1810 2889 cum
1859 2831 2191 2889 accusativo
2243 2831 2522 2890 coniunc-

263 2935 367 2990 tum
410 2934 667 2995 defendit
717 2935 966 2996 Ursinus
1016 2935 1285 3015 exemplo
1323 2936 1605 2997 Varronis
1655 2936 1977 3017 adscripto,
2024 2936 2180 3015 quod
2228 2944 2319 2996 est
2366 2937 2519 3016 apud

260 3033 481 3100 Nonium
526 3061 582 3122 p.
622 3039 772 3123 502,
813 3039 897 3103 22
963 3044 1108 3104 Cato
1164 3047 1261 3105 vel
1321 3045 1396 3104 de
1460 3044 1669 3104 liberis
1726 3045 2090 3117 educandis,
2146 3060 2266 3103 non
2332 3046 2521 3103 solum

259 3147 348 3214 qui
392 3152 623 3222 primus
689 3151 751 3209 in
817 3152 1120 3211 alterutra
1186 3168 1256 3210 re
1313 3157 1591 3227 praestet
1653 3152 1827 3223 aliOS,
1882 3151 1994 3210 sed
2044 3152 2225 3209 etiam
2279 3151 2389 3224 qui
2442 3152 2522 3209 sit

256 3257 526 3315 secundus
587 3262 648 3316 et
702 3259 933 3316 tertius.
1027 3274 1221 3334 neque
1279 3274 1559 3335 umquam
1618 3256 1814 3338 aliter,
1873 3257 1923 3315 si
1980 3273 2197 3315 nomen
2258 3255 2520 3317 additum

260 3362 349 3435 est,
388 3357 436 3417 11
469 3358 528 3443 2,
570 3359 656 3423 10
701 3364 894 3422 herba
941 3365 1196 3423 ruscida
1232 3365 1639 3424 meridianam
1675 3396 1763 3406 -—
1794 3369 2092 3440 praestat,
2129 3360 2209 3421 111
2252 3359 2307 3444 1,
2337 3361 2378 3424 3
2417 3381 2519 3422 ur-

263 3459 420 3525 banos
463 3470 778 3542 apricolae
817 3475 1158 3545 praestant.

412 3570 445 3632 7
508 3573 590 3634 Ut
648 3573 911 3652 quibus
968 3575 1135 3653 quid
1192 3576 1491 3654 grauius
1550 3577 1647 3636 sit
1700 3577 2126 3655 imperatum
2191 3584 2312 3635 aut
2374 3576 2521 3634 ani·

263 3675 683 3740 maduersum
722 3683 841 3758 qui
889 3681 1326 3741 consolando
1366 3700 1610 3742 eorum
1656 3683 2007 3742 restituat
2044 3680 2519 3759 uoluntatem]

271 3779 329 3838 Ut
373 3816 438 3826 —
485 3790 565 3847 sit
611 3790 722 3861 qui
773 3791 1142 3848 consolando
1191 3806 1318 3867 sqq.
1375 3786 1658 3870 UrsinuS,
1718 3788 1873 3867 quod
1933 3786 2333 3847 Schneiderus
2387 3805 2519 3867 pro-

266 3881 397 3949 bavit
437 3891 542 3952 hac
589 3891 786 3952 addita
824 3895 1335 3977 interpretatione,
1376 3890 1474 3954 ‘ut
1509 3894 1741 3976 habeat,
1785 3913 1900 3973 quo
1951 3893 2245 3954 consolari
2281 3893 2520 3954 vilicum

264 3991 475 4074 eiusque
547 3998 906 4060 voluntatem
973 3999 1087 4060 sibi
1151 4000 1536 4062 reconciliare
1603 3997 1844 4079 possit'.
1939 4018 2133 4060 veram
2203 3999 2520 4060 verborum

265 4101 709 4166 coniunctionem
776 4105 1219 4181 demonstravit,
1263 4106 1323 4167 C.
1382 4106 1443 4167 F.
1498 4106 1587 4166 W.
1647 4106 1969 4168 Muellerus
2018 4106 2206 4166 annal.
2257 4124 2517 4186 gymnas

265 4198 422 4270 Berol.
467 4230 514 4272 a.
568 4209 738 4274 1866
798 4232 853 4291 p.
892 4210 1042 4274 488.
1133 4231 1266 4273 nam
1324 4217 1432 4289 ραι·
1483 4212 1748 4274 adverbii
1802 4213 1931 4273 loco
1990 4213 2212 4273 dictum
2270 4221 2330 4273 et
2385 4232 2520 4274 cum

266 4317 542 4399 participio
582 4322 1074 4381 animadversum
1122 4322 1505 4382 coniunctum
1554 4329 1665 4402 est,
1704 4318 1899 4398 aliquo
1946 4319 2120 4378 modo
2160 4320 2523 4380 animadver-

268 4430 388 4480 sum.
471 4425 624 4502 apud
691 4418 1017 4485 Varronem
1082 4428 1210 4486 eius
1278 4445 1421 4487 usus
1487 4426 1755 4505 exempla
1824 4431 1965 4485 sunt
2029 4424 2203 4505 1119,
2243 4421 2284 4486 5
2326 4431 2523 4502 pallos

267 4526 468 4590 salaces
514 4535 620 4605 ραι·
673 4536 1168 4593 animadvertunt
1224 4541 1282 4592 et
1339 4552 1471 4593 cum
1530 4535 1582 4592 vi
1642 4531 1990 4592 adfirmandi
2046 4532 2104 4592 in
2164 4533 2331 4594 initio
2387 4551 2518 4595 sen·
