3178 5185
571 412 613 473 4
1255 417 1635 473 ΟΟΜΜΕΝΤ.
1673 419 1753 471 IN
1791 417 2167 472 VARRONIS

748 573 809 633 C.
850 570 931 632 27
1000 572 1089 631 De
1130 571 1307 632 solis
1345 591 1558 632 cursu
1591 572 2041 650 indescripto
2070 574 2139 631 in
2171 568 2411 650 partes
2450 575 2616 631 anni
2658 582 2872 651 quat-

572 689 734 741 tuor
775 690 840 741 et
888 690 1046 740 octo
1096 688 1162 739 et
1210 679 1289 738 de
1339 682 1443 739 eis
1482 698 1761 759 quaque
1800 691 2001 757 parte
2039 680 2109 737 in
2148 695 2315 756 agro
2355 678 2615 739 debeat
2657 675 2873 757 fieri]

578 792 771 850 Cursu
829 791 1121 864 discripto
1178 797 1236 846 et.
1293 790 1367 847 de
1413 791 1500 847 eis
1555 805 1714 862 quae
1767 805 2009 861 quaque
2053 778 2238 862 p'arte
2285 789 2345 846 in
2403 805 2556 861 aare
2606 789 2876 847 debeant

564 899 711 969 fieri
764 896 992 973 scripsi.
1069 897 1223 955 anni
1275 898 1558 971 discripti
1610 897 1668 953 in
1729 896 1999 973 sequenti
2058 892 2314 972 capitulo
2372 893 2587 953 babent
2642 897 2874 972 optima

569 1001 916 1081 apographa.

747 1126 808 1186 C.
848 1123 931 1187 37
998 1126 1088 1185 De
1138 1126 1362 1186 altera
1412 1136 1806 1205 temporum
1856 1126 2222 1186 diuisione
2271 1127 2659 1185 coniuncta
2708 1144 2875 1186 cum

571 1234 720 1294 sole
770 1243 838 1294 et
885 1233 1047 1293 luna
1087 1241 1154 1292 et
1193 1232 1526 1294 habentis
1566 1251 1690 1293 sex
1729 1232 2006 1312 partes]
2046 1234 2322 1293 Habente
2365 1252 2476 1292 sex
2506 1240 2722 1308 partes
2762 1252 2874 1292 seu

565 1345 803 1417 yradus
842 1340 1148 1421 AngeliuS,
1205 1342 1308 1419 qui
1362 1343 1589 1419 primus
1638 1340 1876 1401 titulum
1924 1342 1985 1400 in
2033 1339 2468 1419 antiquioribus
2517 1340 2874 1419 exemplari·

568 1448 681 1508 bus
728 1451 1010 1508 omissum
1060 1467 1127 1507 ex
1178 1447 1480 1508 codicibus
1527 1447 1765 1511 addidit.

747 1572 809 1633 C.
848 1569 930 1633 39
999 1572 1354 1643 Quattuor
1422 1591 1579 1633 esse
1644 1548 1905 1652 genera
1961 1576 2308 1633 seminum
2362 1582 2430 1632 et
2485 1590 2663 1650 quae
2732 1592 2874 1652 quo

573 1689 892 1758 tempore
939 1678 1097 1738 loco
1144 1688 1224 1739 ut
1261 1679 1571 1740 debeant
1618 1678 1801 1758 seri]
1851 1682 1931 1740 Et
1966 1698 2125 1755 quae
2161 1698 2279 1755 quo
2318 1687 2582 1756 tempore
2627 1687 2689 1739 et
2739 1683 2877 1740 loco

572 1788 833 1848 debeant
885 1788 1013 1846 seri
1056 1786 1306 1867 Merula,
1367 1794 1425 1847 et
1478 1806 1638 1862 quae
1693 1805 1929 1862 quoque
1983 1795 2249 1863 tempore
2303 1791 2551 1861 locoque
2605 1788 2878 1846 debeant

569 1897 697 1953 seri
749 1895 976 1971 scripsi.
1048 1896 1231 1972 petita
1288 1896 1444 1953 enim
1505 1893 1650 1954 haec
1710 1905 1850 1954 sunt
1897 1913 1966 1954 ex
2018 1912 2066 1954 c.
2105 1891 2190 1954 39
2239 1897 2315 1954 de
2368 1896 2623 1968 singulis
2682 1895 2878 1953 rebus

569 2003 910 2081 videndum,
957 2019 1115 2075 quae
1160 2019 1397 2076 quoque
1442 2009 1709 2078 tempore
1753 2005 2003 2077 locoque
2042 2000 2265 2076 facias.

748 2124 809 2185 C.
847 2122 935 2185 42
984 2127 1075 2186 De
1114 2129 1331 2186 melica
1361 2124 1685 2186 Politianus
1724 2137 1781 2185 et
1821 2125 2172 2205 apographa,
2210 2128 2286 2185 de
2321 2128 2559 2185 medica
2598 2144 2667 2184 ex
2708 2145 2761 2186 c.
2782 2122 2871 2186 42

568 2233 867 2313 AngeliuS,
913 2236 989 2293 de
1028 2233 1253 2293 Melitta
1298 2252 1405 2294 seu
1454 2233 1702 2293 Medica
1751 2232 1929 2292 editio
1974 2231 2450 2292 Commeliniana.

747 2357 808 2418 C.
839 2355 942 2418 62.
973 2354 1057 2417 63
1105 2356 1196 2416 De
1226 2357 1641 2435 promendis
1680 2356 2012 2436 frugibus
2041 2355 2291 2416 tuendi
2323 2374 2551 2416 causa.
2610 2356 2712 2427 Qu
2731 2375 2873 2417 em-

569 2465 649 2525 ad
666 2465 940 2524 modum
1014 2464 1451 2524 frumentum
1517 2463 1978 2543 promendum
2044 2462 2175 2539 sit]
2241 2463 2425 2523 Prava
2481 2463 2870 2523 distinctione

568 2572 712 2633 haec
760 2579 1041 2650 corrupta
1090 2589 1222 2632 esse
1270 2591 1341 2632 ex
1389 2574 1460 2632 iis
1509 2589 1658 2651 quae
1708 2590 1756 2632 c.
1797 2567 1881 2631 62
1921 2579 1982 2631 et
2022 2567 2107 2633 63
2155 2572 2372 2649 scripta
2414 2579 2554 2631 sunt
2601 2578 2868 2650 apparet.

566 2682 769 2759 itaque
818 2681 903 2739 sic
952 2680 1150 2758 potius
1198 2679 1315 2739 duo
1363 2678 1616 2757 capitula
1664 2677 2079 2757 distinguenda
2127 2684 2322 2756 erant,
2380 2678 2471 2737 De
2509 2681 2870 2753 promendis

561 2786 867 2862 fruyz‘buS.
914 2787 1148 2847 Tuendz'
1174 2805 1366 2847 causa
1395 2803 1568 2861 quem
1589 2788 1677 2846 ad
1693 2789 1931 2846 modum
1949 2784 2323 2860 frumentum
2337 2788 2745 2859 promendum
2773 2789 2868 2846 sit.

753 3221 778 3273 Ι
830 3212 862 3273 1
941 3214 1190 3274 Potius
1256 3232 1484 3273 essem
1552 3222 1992 3274 consecutus
2060 3212 2435 3289 fundania]
2515 3214 2588 3273 Si
2662 3217 2862 3274 ocium

573 3339 757 3380 essem
823 3329 1182 3381 consecutus
1241 3320 1550 3396 fundam'a
1614 3323 1675 3380 in
1743 3323 2005 3399 margine
2073 3320 2294 3380 codicis
2364 3318 2698 3380 Florentini
2767 3321 2861 3381 ad-

571 3430 860 3506 scriptum
917 3439 1007 3487 est
1055 3446 1229 3487 manu
1286 3430 1663 3508 correctoriS,
1729 3446 1878 3506 quae
1946 3426 2087 3486 mihi
2154 3426 2291 3486 olim
2341 3426 2568 3486 Nicolai
2632 3427 2859 3488 Niccoli

572 3552 703 3593 esse
763 3536 879 3593 visa
929 3543 1045 3614 est,
1114 3536 1312 3595 Otium
1356 3537 1414 3593 si
1456 3552 1644 3594 essem
1691 3542 2049 3595 consecutus
2095 3536 2424 3594 Fundania
2472 3552 2542 3592 ex
2583 3533 2861 3596 Politiani

568 3643 909 3700 coniectura
963 3644 1024 3700 in
1084 3640 1347 3700 Aldinam
1399 3640 1715 3701 editionem
1775 3649 1833 3701 et
1880 3641 2091 3700 deinde
2149 3643 2210 3699 in
2247 3641 2517 3720 reliquas
2567 3641 2861 3702 editiones

568 3757 876 3827 receptum
923 3757 1030 3808 est.

745 3875 984 3933 Annus
1041 3874 1225 3931 enim
1282 3875 1775 3951 octogesimus
1840 3872 2174 3932 admonet
2231 3870 2369 3949 me]
2435 3874 2649 3934 Annus
2706 3878 2859 3936 enim

568 3981 703 4040 XX
705 3981 791 4040 CI
830 3978 1083 4039 Ursinus
1131 3978 1261 4041 coll.
1308 3977 1455 4039 Plin.
1494 3978 1678 4038 XVIII
1724 3977 1810 4041 23
1859 3982 2222 4040 nominando
2265 3980 2344 4038 M.
2398 3980 2703 4056 Varrone,
2761 3985 2863 4059 qui

568 4091 990 4162 octoyesz'mum
1030 4089 1295 4163 primum
1335 4104 1562 4147 annum
1602 4105 1790 4161 ayens
1839 4089 1915 4147 de
1962 4105 2036 4146 ea
2079 4105 2150 4146 re
2189 4089 2572 4162 prodendum
2603 4092 2858 4164 putavit.

568 4213 685 4254 non
734 4213 997 4273 pugnare
1044 4193 1188 4253 haec
1235 4212 1369 4253 cum
1416 4196 1491 4253 iis
1540 4212 1689 4271 quae
1730 4192 1801 4252 de
1840 4211 1903 4253 se
1942 4194 2070 4272 ipse
2110 4191 2292 4251 Varro
2337 4194 2579 4271 scripsit
2618 4193 2859 4255 Schnei-

567 4302 747 4361 derus
794 4300 866 4359 de
913 4302 1011 4362 vit.
1051 4300 1210 4361 Varr.
1250 4320 1305 4379 p.
1346 4297 1473 4362 229
1523 4301 1838 4361 adnotavit.

745 4422 787 4485 2
842 4423 1056 4494 Quem
1097 4424 1274 4484 bene
1314 4424 1614 4485 colendo
1654 4426 2109 4486 fructuosum
2149 4443 2299 4486 cum
2351 4426 2594 4485 facere
2633 4425 2854 4504 uelis]

570 4532 722 4591 Eum
746 4529 964 4605 facere
992 4549 1048 4589 m
1088 4540 1143 4591 et
1185 4540 1491 4592 corrector
1522 4531 1849 4593 Florentini
1885 4532 2124 4610 codiciS‚
2162 4533 2318 4611 quod
2355 4531 2575 4594 Merula
2614 4536 2854 4614 recepit.
