3178 5185
556 376 686 440 292
1541 374 1914 430 VARRONIS

556 544 753 605 abluta
813 544 1078 605 condunt
1124 544 1185 603 in
1235 543 1497 604 furfures
1545 551 1649 603 aut
1696 561 1854 603 acus,
1949 543 2008 603 in
2057 541 2448 620 supponendo
2497 559 2605 601 ova
2653 540 2873 601 obser-

557 660 695 712 vant
754 660 820 712 ut
877 652 995 711 sint
1051 668 1301 710 numero
1349 652 1594 728 inparia.
1688 668 1822 730 ova,
1880 668 2029 728 quae
2078 647 2464 729 incubantur,
2521 647 2870 708 habeantne

558 777 760 819 semen
808 757 982 839 pulli,
1036 766 1275 818 curator
1334 757 1667 836 quadriduo
1713 765 1850 836 post
1899 775 2074 836 quam
2122 755 2392 817 incubari
2441 757 2639 835 coepit
2684 755 2868 816 intel-

525 866 753 944 legere
802 873 1015 945 potest.
1093 867 1143 924 si
1191 872 1397 924 contra
1446 863 1645 924 lumen
1696 865 1888 925 tenuit
1935 872 1996 923 et
2040 882 2258 942 purum
2308 865 2487 923 unius
2526 863 2685 923 modi
2724 881 2867 923 esse

457 974 543 1035 13
567 972 1006 1053 animadvertit,
1072 979 1282 1050 putant
1344 971 1679 1032 eiciendum
1737 979 1797 1031 et
1852 970 2009 1031 aliud
2067 970 2504 1031 subiciundum.
2606 989 2869 1031 excusos
2905 979 2939 1019 ⁵

557 1077 751 1158 pullos
817 1078 1269 1140 subducendum
1336 1097 1407 1138 ex
1474 1077 1724 1158 singulis
1790 1078 1947 1138 nidis
2004 1088 2063 1139 et
2121 1077 2533 1139 subiciendum
2594 1079 2648 1138 ei
2707 1097 2865 1157 quae

559 1188 771 1248 habeat
826 1205 1072 1268 paucos;
1129 1186 1201 1247 ab
1256 1204 1470 1266 eaque,
1536 1188 1588 1246 si
1636 1186 1861 1265 reliqua
1910 1187 2031 1246 sint
2077 1204 2182 1245 ova
2228 1182 2539 1263 pauciora,
2600 1184 2866 1246 tollenda

559 1304 618 1354 et
681 1292 1026 1354 subicienda
1085 1293 1243 1374 aliis,
1311 1312 1460 1373 quae
1519 1293 1782 1354 nondum
1842 1293 2214 1354 excuderunt
2271 1301 2331 1353 et
2384 1294 2585 1353 minus
2641 1292 2869 1354 habent

560 1402 801 1479 triginta
850 1399 1058 1478 pullos.
1155 1400 1267 1462 hoc
1317 1402 1471 1461 enim
1522 1419 1762 1478 gregem
1811 1401 2093 1460 maiorem
2142 1418 2261 1459 non
2310 1400 2665 1461 faciendum.
2739 1399 2869 1460 obi-

561 1507 837 1567 ciendum
898 1506 1075 1586 pullis
1122 1507 1333 1568 diebus
1380 1522 1476 1568 xv
1523 1508 1734 1586 primis
1785 1525 1953 1566 mane
2002 1506 2271 1567 subiecto
2319 1506 2588 1588 pulvere,
2647 1526 2720 1568 ne
2768 1526 2866 1567 ro·
2899 1514 2968 1554 1⁰

561 1616 704 1675 stris
763 1622 973 1674 noceat
1028 1622 1186 1674 terra
1245 1614 1421 1696 dura,
1478 1614 1777 1693 polentam
1830 1615 2074 1676 mixtam
2131 1633 2268 1675 cum
2325 1617 2582 1675 nasturti
2635 1616 2869 1675 semine

564 1719 675 1798 [et]
724 1740 875 1800 aqua
923 1719 1223 1800 aliquanto
1274 1730 1408 1782 ante
1459 1722 1610 1781 facta
1656 1722 1887 1803 intrita,
1945 1739 2018 1782 ne
2067 1729 2193 1781 tum
2240 1720 2497 1800 denique
2545 1724 2605 1781 iu
2654 1740 2870 1782 eorum

469 1831 549 1888 14
574 1846 824 1907 corpore
872 1836 1198 1906 turgescat:
1245 1847 1394 1907 aqua
1443 1827 1895 1906 prohibendum.
1959 1846 2074 1907 qua
2121 1828 2193 1888 de
2242 1826 2517 1889 clunibus
2557 1830 2874 1908 coeperint

562 1934 780 1995 habere
820 1935 1032 2014 pinnas
1070 1956 1102 1997 e
1142 1937 1334 2015 capite
1374 1954 1406 1995 e
1446 1935 1597 1995 collo
1638 1953 1843 1996 eorum
1883 1934 2095 1995 crebro
2136 1934 2392 2013 eligendi
2430 1936 2641 2015 pedes:
2691 1955 2872 2016 saepe

563 2044 722 2102 enim
769 2053 1013 2121 propter
1062 2062 1163 2104 eos
1211 2051 1667 2106 consenescunt.
1752 2044 1981 2104 circum
2030 2061 2236 2103 caveas
2285 2062 2489 2104 eorum
2540 2045 2865 2105 incenden-
2902 2049 2958 2088 1⁵

565 2150 704 2210 dum
745 2168 995 2211 cornum
1027 2152 1351 2232 cervinum,
1389 2170 1465 2212 ne
1496 2168 1648 2231 quae
1680 2168 1926 2230 serpens
1956 2151 2214 2230 accedat,
2255 2170 2506 2230 quarum
2537 2151 2872 2212 bestiarum

566 2276 638 2317 ex
686 2257 868 2317 odore
918 2256 1111 2318 solent
1156 2259 1419 2319 interire.
1487 2257 1887 2337 prodigendae
1937 2258 1996 2317 in
2044 2255 2230 2316 solem
2278 2264 2337 2316 et
2375 2258 2435 2317 in
2476 2258 2873 2340 stercilinum,

472 2369 548 2428 15
574 2374 640 2426 ut
687 2364 951 2426 volutare
1000 2367 1254 2445 possint,
1313 2364 1467 2444 quod
1519 2367 1600 2425 ita
1648 2363 1969 2425 alibiliores
2017 2365 2195 2445 fiunt>3
2252 2382 2445 2444 neque
2494 2363 2714 2442 pulloS,
2763 2365 2871 2424 sed

564 2490 737 2532 omne
786 2471 1270 2532 ornithoboscion
1320 2490 1456 2532 cum
1513 2480 1756 2552 aestate,
1804 2479 1931 2532 tum
1976 2472 2184 2551 utique
2232 2490 2370 2531 cum
2418 2479 2741 2548 tempestas
2792 2473 2872 2531 sit

709 2659 739 2706 9
780 2651 1137 2707 obiciendum
1175 2653 1346 2723 pullis
1384 2669 1607 2725 yeopon.
1652 2651 1813 2707 XIV
1844 2658 1899 2718 9,
1936 2655 1975 2708 2

748 2829 777 2876 1
826 2823 1073 2877 condunt
1110 2824 1404 2878 Iucwndus
1441 2822 1688 2877 condant
1724 2821 1905 2876 PAB
1942 2821 2212 2876 condiunt
2245 2839 2278 2877 v
2485 2829 2517 2876 2
2556 2819 2776 2892 inparia.
2813 2825 2870 2877 A

564 2911 805 2981 imparia
867 2911 976 2966 VB
1188 2912 1507 2968 habeantne
1574 2928 1765 2966 semen
1835 2911 1949 2965 PA
2016 2911 2264 2965 habeant
2325 2911 2384 2965 in
2447 2927 2635 2965 semen
2700 2913 2756 2965 Β
2822 2912 2870 2967 si

567 3002 816 3056 habeant
850 3001 908 3056 in
949 3018 1008 3057 se
1047 3017 1237 3056 semen
1271 3018 1304 3055 v
1433 3007 1465 3055 3
1504 3003 1730 3055 curatur
1767 3016 1902 3056 corr.
1943 3031 2014 3040 —
2050 3003 2142 3055 tor
2180 3001 2237 3055 A
2393 3000 2649 3055 incubari
2686 3002 2870 3055 PAB

565 3090 835 3145 incubare
889 3108 922 3146 v
963 3132 975 3144 .
1015 3091 1214 3159 quarto
1277 3089 1368 3144 die
1422 3092 1723 3158 postquam
1779 3105 2012 3159 coepere
2068 3087 2326 3144 incubari
2377 3090 2604 3145 Plinius
2653 3091 2717 3143 X
2761 3096 2870 3146 151

729 3178 920 3250 coepit
968 3181 1080 3235 VB
1117 3179 1370 3249 ceperint
1404 3179 1524 3233 Am
1671 3185 1703 3233 5
1742 3177 1896 3232 aliud
1936 3176 2326 3232 subiciundum
2367 3177 2484 3233 PA
2524 3177 2678 3232 aliud
2717 3180 2870 3233 subi-

570 3268 827 3324 ciendum
856 3269 911 3322 Β
939 3269 1092 3323 aliud
1122 3267 1531 3323 subiiciendum
1559 3285 1593 3322 v
1702 3273 1733 3321 9
1769 3284 1996 3336 gregem
2029 3266 2178 3320 enim
2207 3282 2345 3321 cor-r.
2377 3266 2528 3321 enim
2556 3283 2787 3337 gregem
2817 3268 2873 3322 Β

712 3357 1006 3429 maiorem]
1046 3357 1347 3412 maciorem
1385 3355 1441 3409 A
1563 3355 1940 3412 obiiciendum
1988 3356 2042 3409 V
2158 3361 2222 3409 11
2262 3353 2532 3409 nasturcii
2578 3354 2753 3409 VAB

575 3453 638 3501 12
676 3447 906 3514 fortasse
934 3464 1001 3501 ex
1028 3464 1175 3516 aqua
1279 3445 1609 3514 alinquanto
1639 3445 1695 3499 A
1797 3449 1862 3499 13
1902 3461 2014 3513 qua
2043 3445 2111 3499 de
2140 3441 2399 3498 clunibus
2430 3444 2614 3498 PAB
2643 3445 2872 3513 quando

570 3537 639 3591 de
678 3535 932 3591 clunibus
967 3554 1000 3591 v
1136 3535 1390 3606 ceperint
1425 3535 1481 3591 A
1619 3541 1687 3589 14
1725 3552 1753 3589 e
1795 3535 1939 3589 collo
1981 3534 2168 3589 PAB
2204 3537 2264 3589 et
2300 3533 2448 3589 collo
2485 3551 2517 3589 v
2648 3539 2714 3589 16
2753 3550 2874 3587 cor-

569 3642 703 3679 num
732 3625 913 3679 PAB
951 3642 1122 3681 cornu
1158 3643 1190 3680 v
1321 3642 1389 3679 ne
1428 3641 1571 3693 quae
1611 3641 1837 3694 serpens
1868 3623 1925 3676 P
1950 3640 2020 3678 ne
2049 3640 2159 3693 que
2188 3640 2416 3693 serpens
2448 3624 2503 3677 A
2531 3640 2670 3692 neq3
2709 3626 2872 3693 (corr.

572 3715 703 3783 neq>
744 3731 968 3783 serpens
994 3717 1050 3770 Β
1086 3734 1156 3769 ne
1186 3731 1299 3783 qua
1337 3731 1562 3782 serpens
1592 3731 1624 3769 v
1740 3720 1802 3768 17
1832 3711 2168 3782 prodigendi
2204 3713 2261 3767 in
2293 3713 2469 3769 solem
2499 3714 2556 3768 et
2592 3712 2874 3781 sterquili-

572 3803 753 3872 nium,
794 3806 857 3858 ut
903 3822 960 3859 se
1009 3805 1266 3860 uolutare
1313 3801 1555 3874 possint,
1597 3803 1747 3872 quod
1784 3805 1868 3857 ita
1905 3801 2213 3857 alibiliores
2250 3803 2394 3857 fiunt
2431 3803 2727 3859 Iucunda-⁹

571 3893 956 3962 prodigendae
991 3893 1053 3948 in
1092 3894 1208 3949 sole
1247 3896 1307 3947 et
1343 3894 1401 3947 in
1439 3892 1785 3948 stercilinum
1826 3892 1882 3946 P
1912 3891 2260 3963 prodigende
2297 3892 2355 3946 in
2393 3893 2510 3947 sole
2548 3894 2606 3947 et
2637 3893 2646 3962 Ι
2678 3893 2872 3947 sterci-

575 3981 776 4036 linium
813 3982 869 4038 A
913 3982 1296 4053 prodigendae
1343 3981 1404 4037 in
1450 3981 1566 4036 sole
1617 3984 1674 4036 et
1722 3981 1778 4034 in
1825 3979 2192 4046 stercilinium
2228 3982 2284 4036 Β
2334 3980 2630 4050 prodigere
2667 3981 2874 4036 deinde

572 4070 755 4125 solent
788 4069 849 4123 in
885 4069 1297 4140 sterquilinium
1326 4089 1359 4126 v
1466 4070 1878 4142 prodigendum
1909 4069 2156 4139 Scaliger
2269 4075 2334 4123 18
2372 4071 2435 4124 ut
2464 4068 2720 4124 uolutare
2748 4087 2780 4124 v
2808 4073 2878 4124 ut
2905 4123 2910 4126 ,

573 4157 813 4214 uolitare
855 4158 1051 4213 PAB.
1131 4159 1230 4213 ‘Vt
1277 4178 1334 4215 se
1373 4160 1631 4214 uolutare
1668 4149 1914 4228 possint,
1967 4160 2075 4215 etc.
2150 4160 2402 4228 Antiqua
2437 4159 2594 4213 lectio
2629 4160 2876 4228 diuersa,

571 4253 837 4317 receptam
882 4253 1064 4303 tamen
1107 4250 1340 4316 retinui,
1386 4266 1524 4319 quae
1546 4233 1551 4239 ’
1572 4250 1849 4303 commoda
1885 4253 1962 4304 eat
1972 4289 1988 4315 ,
2036 4253 2086 4303 et
2122 4250 2272 4303 omni
2307 4249 2448 4303 uitio
2485 4252 2631 4302 earet
2639 4288 2657 4314 ,
2703 4265 2878 4318 neque

574 4342 754 4391 tamen
790 4339 854 4391 ob
893 4338 954 4392 id
991 4339 1154 4393 etiam
1190 4343 1347 4393 uetus
1380 4338 1673 4407 repudiari
1692 4342 1888 4406 potest,
1925 4336 2005 4391 Vt
2042 4336 2283 4391 uolitare
2311 4336 2551 4407 possint’
2597 4336 2878 4392 Victorius

682 4425 964 4482 alibiliora
999 4427 1141 4480 fiunt
1178 4426 1291 4480 VA
1328 4426 1613 4481 alibiliora
1648 4427 1787 4481 fiant
1813 4427 1868 4480 Β
1980 4432 2045 4481 19
2080 4426 2536 4482 ornithoboscion
2562 4425 2618 4479 Β
2646 4426 2879 4482 ornitho

575 4515 775 4571 bosion
820 4515 876 4572 A
924 4515 1381 4573 ornithouoscion
1426 4516 1481 4569 Β
1529 4513 1981 4571 ornithonostion
2017 4532 2050 4569 v
2197 4532 2322 4570 com
2367 4517 2649 4585 tempesta
2693 4514 2773 4569 sit
2820 4518 2882 4573 A
