3178 5185
901 424 1162 479 RERVM
1197 424 1677 480 RVSTICARVM
1713 425 1848 481 LIB.
1886 427 1965 481 111
2006 424 2040 481 9
2482 418 2613 484 265

509 578 708 651 Quod
754 581 962 641 inane
1020 587 1216 642 natet
1270 579 1559 660 plenum
1615 580 1910 660 desidit]
1960 584 2152 644 Natat
2196 583 2352 644 edita
2397 585 2536 644 inde
2583 603 2616 645 a

330 690 597 769 principe
660 689 917 750 editione
973 688 1345 769 exemplaria.
1437 691 1897 752 concinnitatem
1958 693 2242 751 orationis
2303 693 2405 770 qui
2461 691 2613 753 desi-

330 797 557 874 derant,
604 800 842 858 desidat
884 799 1084 877 potius
1131 797 1397 858 scribere
1445 796 1766 879 debebant,
1811 797 1868 861 h.
1907 817 1957 859 e.
2005 798 2163 879 quod
2219 800 2391 860 inane
2440 818 2617 860 ovum

330 913 550 986 natare,
596 904 837 985 plenum
884 905 1154 965 desidere
1202 905 1424 966 dicunt.
1520 924 1714 985 neque
1760 917 1955 967 tamen
2002 906 2365 968 haerendum
2415 915 2506 968 est
2553 909 2613 968 in

329 1012 436 1073 hac
485 1013 810 1073 mutatione
851 1011 1179 1095 modorum,
1218 1012 1322 1073 ubi
1359 1012 1429 1073 de
1469 1031 1534 1072 re
1573 1023 1735 1074 certa
1782 1010 2137 1075 indicativus
2182 1017 2440 1097 ponitur,
2479 1033 2613 1076 cum

332 1120 559 1201 reliqua
607 1120 983 1180 coniunctivo
1030 1119 1205 1179 modo
1255 1121 1593 1180 efferantur.

506 1227 768 1288 Errare
817 1226 1000 1306 quod
1046 1228 1300 1287 inanes
1346 1226 1615 1288 uitales
1661 1245 1882 1288 uenas
1930 1229 2371 1290 confundant
2417 1231 2615 1290 iniis

330 1337 516 1399 idem
564 1337 766 1396 aiunt
812 1353 968 1395 cum
1015 1334 1096 1395 ad
1143 1334 1380 1396 lumen
1437 1334 2077 1416 sustuleris‘quod·
2122 1335 2501 1416 perluceat
2545 1337 2615 1397 id

332 1464 489 1506 esse
537 1443 623 1504 ob
669 1441 906 1520 inane]
965 1442 1354 1518 Confundant
1400 1445 1596 1503 omnia
1644 1443 1976 1523 apographa
2019 1451 2079 1504 et
2124 1462 2195 1504 ex
2235 1445 2364 1524 ipso
2413 1442 2615 1505 arche-

333 1562 467 1632 typo
514 1551 829 1633 VictoriuS,
876 1550 1260 1626 confundunt
1307 1550 1597 1611 editiones
1646 1551 2039 1630 antiquioreS‚
2085 1550 2245 1628 quod
2292 1549 2616 1612 Politianus

331 1678 447 1720 non
496 1658 776 1720 correxit.
869 1661 930 1718 in
981 1659 1190 1718 iisdem
1238 1661 1415 1718 aiunt
1463 1690 1538 1700 —
1591 1660 1758 1733 quod
1800 1661 2081 1734 perlucet
2126 1656 2365 1718 Merula.
2456 1661 2622 1734 quod

330 1771 390 1828 in
439 1770 526 1828 eis
581 1769 792 1827 vitales
847 1784 1032 1827 venas
1098 1763 1497 1840 confundunt.
1592 1769 1652 1825 in
1718 1768 1792 1825 iis
1859 1768 2014 1826 idem
2078 1769 2254 1826 aiunt
2297 1765 2616 1827 IucunduS.

327 1877 491 1949 quod
528 1876 590 1935 in
632 1877 718 1935 eis
758 1876 970 1934 vitales
1020 1874 1082 1933 in
1130 1872 1388 1933 editione
1439 1870 1751 1952 VictoriuS,
1798 1873 1860 1932 in
1924 1871 2412 1952 explicationibus
2459 1872 2615 1933 idem

331 1976 663 2060 ‘antiquam
728 1975 1074 2041 lectionem'
1130 1983 1294 2055 quod
1359 1983 1571 2040 inanes
1637 1983 1855 2040 uitales
1917 1979 2232 2060 adscripsit
2289 1989 2348 2041 et
2404 1983 2618 2042 inanes

329 2106 535 2148 errore
582 2085 901 2147 scribentis
962 2088 1281 2166 repetitum
1340 2104 1470 2147 esse
1526 2087 1843 2148 adnotavit.
1935 2086 2155 2147 frustra
2219 2086 2361 2147 illud
2420 2105 2616 2147 emen-

333 2195 473 2255 dare
522 2193 883 2255 studuerunt
940 2192 1230 2275 Scaliger,
1277 2192 1555 2274 UrsinuS,
1616 2192 2044 2275 Schneiderus,
2092 2212 2285 2272 neque
2341 2192 2399 2253 id
2456 2193 2613 2272 lege-

327 2309 469 2363 runt
524 2300 749 2362 Plinius
811 2301 862 2361 X
907 2297 1041 2382 152,
1087 2305 1337 2363 concuti
1388 2320 1528 2362 vero
1585 2304 1995 2377 experimento
2058 2307 2285 2382 vetant,
2332 2304 2617 2375 quoniam

325 2429 444 2472 non
504 2414 765 2485 yiynant
828 2409 1097 2486 confusis
1162 2411 1445 2471 vitalibus
1519 2412 1685 2471 venis
1762 2418 1821 2470 et
1880 2418 2088 2470 auctor
2153 2410 2615 2488 geoponicorum

327 2517 452 2577 XlV
494 2515 552 2599 7,
589 2514 673 2578 27
742 2508 902 2579 οὐδὲ
955 2509 1084 2598 γὰρ
1140 2508 1264 2599 χρὴ
1320 2509 1486 2598 πρὸς
1534 2514 1932 2598 δοκιμασίαν
1982 2515 2185 2578 σείειν
2222 2506 2302 2575 τὰ
2342 2506 2459 2601 ᾠά,
2503 2512 2615 2577 ἵνα

328 2619 415 2708 μὴ
482 2623 831 2707 διαφθαρῇ
891 2617 968 2687 τὸ
1029 2620 1102 2687 ἐν
1162 2614 1389 2698 αὐτοῖς
1451 2616 1741 2699 ζωτικόν.
1834 2632 2142 2704 praeterea
2197 2628 2463 2704 ineptum
2522 2635 2613 2686 est

329 2736 401 2795 ob
452 2737 653 2813 inane,
700 2732 858 2811 quod
897 2731 1200 2793 Gesnerus
1246 2734 1676 2810 interpretatur
1725 2728 2071 2812 ‘propterea
2121 2732 2277 2811 quod
2326 2751 2500 2793 ovum
2539 2734 2617 2793 sit

327 2836 561 2902 inane':
608 2842 867 2902 obinane
911 2842 948 2902 i.
986 2859 1036 2900 e.
1083 2830 1417 2902 ὑπόκενον
1467 2838 1745 2919 Scaliger.
1827 2841 2027 2918 itaque
2075 2838 2266 2901 deleta
2313 2843 2613 2920 praeposi-

328 2949 486 3009 tione
536 2949 749 3027 scripsi
795 2948 1032 3029 errare,
1072 2951 1237 3024 quod
1278 2952 1491 3009 vitales
1528 2966 1714 3008 venas
1750 2946 2136 3023 confundant
2179 2951 2242 3008 in
2291 2951 2380 3009 iis,
2459 2950 2614 3009 idem

327 3061 517 3132 aiunt,
558 3074 695 3117 cum
732 3058 819 3116 ad
861 3059 1059 3117 lumen
1095 3059 1431 3136 sustuleriS,
1471 3059 1636 3130 quod
1672 3058 2010 3131 perluceat,
2049 3057 2117 3115 id
2150 3074 2278 3116 esse
2325 3058 2524 3116 inane.

512 3162 591 3225 12
659 3144 998 3224 Incubari
1055 3161 1324 3242 coepit]
1375 3165 1679 3224 Incubari
1720 3170 2052 3239 coeperunt
2099 3162 2498 3223 Schneiderus
2545 3181 2616 3223 ex

327 3271 517 3332 Plinio
557 3269 611 3330 X
656 3266 774 3332 151
827 3278 1047 3346 quarto
1095 3273 1194 3331 die
1231 3278 1370 3348 post
1415 3288 1596 3346 quam
1643 3288 1898 3347 coepere
1944 3272 2250 3351 incubari,
2294 3272 2353 3330 si
2394 3276 2613 3332 contra

327 3384 525 3441 lumen
572 3381 890 3440 cacumine
935 3396 1184 3440 ovorum
1231 3380 1610 3455 adprehenso
1657 3396 1783 3439 una
1839 3395 2023 3439 manu
2063 3395 2262 3454 purus
2317 3384 2377 3439 et
2437 3381 2617 3438 unius

325 3489 491 3549 modi
524 3490 848 3563 perluceat
891 3489 1088 3561 color,
1134 3488 1370 3548 sterilia
1418 3488 1850 3548 existimantur
1896 3504 2026 3547 esse
2075 3503 2314 3562 proque
2369 3489 2443 3547 iis
2491 3488 2617 3546 alia

324 3595 763 3656 substituenda.

510 3698 591 3762 13
640 3698 1107 3761 Obiciendum
1156 3733 1237 3743 —
1286 3700 1648 3779 polentam
1695 3702 1979 3762 mixtam
2040 3719 2195 3762 cum
2253 3701 2616 3761 nasturcii

329 3809 601 3869 semine
650 3813 721 3867 et
767 3824 942 3886 aqua
992 3806 1361 3886 aliquanto
1409 3815 1572 3869 ante
1617 3809 1801 3869 facta
1848 3808 2129 3886 intrita]
2161 3810 2240 3869 Et
2276 3827 2439 3883 aqua
2478 3814 2620 3868 ante

321 3915 558 3991 factam
606 3917 880 3975 intritam
926 3914 1016 3975 vel
1065 3934 1144 3976 ex
1191 3933 1353 3991 aqua
1403 3922 1584 3977 antea
1636 3914 1814 3991 facta
1871 3919 2087 3977 intrita
2134 3914 2432 3974 Gesnerus
2481 3932 2616 3974 con·

327 4023 500 4104 iecit,
548 4027 607 4082 et
652 4039 815 4096 aqua
862 4025 1175 4097 aliquanto
1222 4029 1365 4083 ante
1421 4029 1648 4084 tactam
1703 4030 1761 4084 et
1816 4026 1951 4084 vino
1998 4021 2328 4082 Pontedera
2372 4041 2429 4098 p.
2468 4017 2619 4084 453.

327 4149 406 4191 ex
452 4147 618 4204 aqua
666 4130 835 4190 dulci
879 4131 1167 4208 scriptum
1215 4136 1306 4208 est
1349 4129 1503 4189 infra
1550 4129 1591 4207 ξ
1631 4126 1734 4191 20.
1826 4129 1929 4190 sed
1987 4131 2107 4190 vini
2154 4147 2391 4208 quoque
2456 4146 2615 4189 meu—

330 4238 552 4297 tionem
603 4253 634 4295 a
681 4235 943 4296 Varrone
991 4236 1202 4297 factam
1250 4254 1381 4297 esse
1443 4240 1503 4298 in
1559 4237 1651 4297 his
1707 4238 1916 4316 primis
1971 4237 2268 4317 pullorum
2325 4234 2618 4296 alimentis

330 4363 450 4403 non
498 4341 909 4421 improbabilis
948 4351 1039 4404 est
1075 4342 1440 4405 Pontederae
1481 4346 1707 4424 opinio:
1756 4362 2003 4423 geopon.
2034 4344 2161 4405 XIV
2189 4341 2248 4425 9,
2277 4341 2318 4404 2
2356 4334 2617 4424 τροφὴν

329 4442 403 4511 δὲ
450 4445 719 4530 πρῶτον
777 4441 1100 4530 λαμβάνει
1157 4443 1260 4511 ἐπὶ
1319 4441 1567 4534 ἡμέρας
1625 4448 2092 4513 πεντεκαίδεκα
2150 4442 2395 4530 ἄλφιτα
2454 4443 2616 4530 μετὰ

327 4548 684 4638 καρδάμου
733 4551 1101 4637 σπέρματος
1156 4547 1282 4619 σὺν
1340 4560 1502 4643 οἴνῳ
1560 4552 1887 4640 βραχέντα
1942 4549 2170 4638 ὕδατι,
2225 4556 2449 4619 Colum.
2489 4557 2619 4618 Vlll
