3178 5185
868 399 1133 455 RERVM
1169 399 1649 456 RVSTICARVM
1686 401 1821 459 LIB.
1859 402 1886 454 I
1927 399 2008 456 13
2462 402 2585 467 147

276 563 567 644 lupinum,
620 567 773 626 item
823 566 934 627 alia
982 586 1133 646 quae
1181 567 1435 629 demissa
1481 571 1543 629 in
1581 587 1793 648 aquam
1830 569 1904 629 ad
1943 587 2116 630 usum
2155 572 2381 647 aptiora
2419 572 2585 633 fiunt.

275 669 491 731 cohors
539 676 821 734 exterior
866 674 1079 735 crebro
1126 684 1331 754 operta
1369 678 1712 737 stramentis
1758 695 1825 736 ac
1872 676 2037 755 palea
2080 677 2380 738 occulcata
2415 678 2640 758 pedi-4

275 776 382 837 bus
431 780 754 856 pecudum
793 782 859 841 fit
895 783 1165 842 ministra
1204 782 1404 864 fundo,
1451 802 1523 842 ex
1561 802 1630 843 ea
1668 783 1825 862 quod
1866 783 2166 844 evehatur.
2257 785 2587 846 secundum

274 883 469 946 villam
531 887 662 946 duo
712 887 935 948 habere
983 897 1218 967 oportet
1265 890 1567 950 Stercilina
1616 900 1717 950 aut
1765 909 1949 951 unum
1999 891 2267 951 bifariam
2312 891 2587 952 divisum.

226 1002 249 1041 5
274 991 522 1053 alteram
567 997 739 1055 enim
777 1002 1009 1074 partem
1047 997 1179 1056 fleri
1215 1005 1450 1075 oportet
1490 997 1737 1076 [villam]
1779 1017 2005 1080 novam,
2043 999 2285 1060 alteram
2326 1007 2586 1059 veterem

273 1099 400 1160 tolli
445 1102 512 1160 in
565 1121 815 1184 agrum,
871 1103 1027 1181 quod
1076 1106 1234 1163 enim
1281 1122 1459 1183 quam
1505 1123 1719 1166 recens
1766 1106 1924 1185 qnod
1971 1107 2307 1167 confracuit
2352 1104 2585 1165 melius,

275 1225 381 1267 nec
429 1226 561 1268 non
615 1209 994 1271 stercilinum
1039 1210 1250 1272 melius
1295 1210 1460 1291 illud,
1507 1214 1682 1273 cuius
1726 1213 1908 1273 latera
1954 1220 2015 1273 et
2060 1230 2356 1273 summum
2403 1213 2586 1290 virgis

275 1332 341 1374 ac
397 1315 625 1376 fronde
684 1316 1047 1377 vindicatum
1104 1335 1136 1376 a
1192 1317 1333 1378 sole.
1434 1337 1552 1379 non
1610 1322 1768 1380 enim
1824 1338 2062 1400 sucum,
2120 1337 2297 1399 quem
2353 1321 2587 1397 quaerit

276 1428 453 1501 terra,
503 1422 704 1483 solem
751 1431 888 1483 ante
936 1443 1192 1503 exugere
1240 1435 1492 1504 oportet.
1582 1429 1783 1506 itaque
1831 1430 2028 1508 periti,
2075 1430 2179 1507 qui
2222 1428 2472 1507 possint,
2517 1434 2586 1486 ut

202 1538 248 1577 1⁰
274 1546 342 1588 eo
401 1548 561 1608 aqua
616 1530 858 1611 influat,
914 1550 983 1591 eo
1031 1533 1269 1592 nomine
1316 1534 1558 1594 faciunt.
1652 1536 1739 1595 sic
1785 1536 1943 1595 enim
1988 1537 2241 1595 maxime
2288 1535 2585 1594 retinetur

275 1652 487 1716 sucUS,
555 1639 624 1697 in
690 1657 882 1718 eoque
946 1638 1185 1717 quidam
1239 1639 1413 1700 sellas
1468 1642 1842 1702 familiaricas
1897 1651 2141 1721 ponunt.
2241 1641 2633 1702 aedificium5

276 1743 473 1803 facere
547 1752 818 1825 oportet,
883 1745 994 1805 sub
1061 1747 1217 1827 quod
1283 1754 1508 1808 tectum
1574 1756 1759 1808 totam
1824 1748 1995 1808 fundi
2059 1748 2334 1809 subicere
2390 1750 2585 1827 possis

275 1867 571 1933 messem,
630 1852 790 1930 quod
845 1860 1056 1914 vocant
1111 1853 1350 1932 quidam
1406 1839 1784 1916 nubilarium.
1884 1855 1945 1915 id
2003 1855 2332 1915 secundum
2386 1873 2583 1915 aream

277 1957 653 2038 faciendum,
719 1958 827 2018 ubi
883 1962 1136 2021 triturus
1193 1964 1276 2021 sis
1332 1962 1724 2045 frumentum,
1778 1962 2185 2041 magnitudine
2241 1981 2349 2041 pro
2406 1961 2583 2022 modo

207 2070 255 2112 1⁵
278 2065 478 2146 fundi,
541 2085 613 2126 ex
669 2084 789 2126 una
845 2070 1003 2144 parti
1056 2076 1357 2149 apertum,
1413 2077 1472 2130 et
1526 2070 1586 2130 id
1646 2069 1718 2130 ab
1766 2088 1929 2151 area,
1986 2089 2103 2150 quo
2151 2076 2213 2129 et
2257 2071 2320 2128 in
2367 2071 2582 2129 tritura

281 2190 577 2250 proruere
617 2173 790 2234 facile
828 2176 1023 2252 possis
1055 2183 1131 2254 et,
1170 2177 1221 2234 si
1250 2175 1519 2236 nubilare
1550 2179 1764 2258 coepit,
1800 2176 1938 2237 inde
1969 2183 2036 2237 ut
2065 2195 2277 2237 rursus
2305 2176 2585 2237 celeriter

283 2281 534 2340 reicere.
611 2280 909 2341 fenestras
946 2279 1166 2342 habere
1204 2289 1441 2361 oportet
1479 2302 1550 2343 ex
1589 2302 1659 2343 ea
1696 2286 1868 2364 parti,
1909 2283 2065 2347 unde
2105 2282 2582 2375 commodissime

395 2622 424 2668 1
455 2614 706 2686 demissa
733 2629 873 2668 corr.
903 2613 1147 2669 demissa.
1182 2615 1239 2669 A
1310 2617 1452 2671 fiunt
1471 2616 1586 2671 PB
1613 2618 1752 2671 fiant
1769 2618 1888 2671 Am
1916 2618 2047 2671 sunt
2072 2633 2105 2671 v
2179 2624 2211 2672 2
2242 2618 2441 2672 cohors
2471 2617 2584 2672 VB

288 2739 484 2795 choors
513 2743 569 2793 A
715 2710 889 2806 operta,
924 2741 977 2793 A
1122 2718 1381 2795 occulata,
1410 2742 1464 2794 A
1611 2747 1642 2794 3
1682 2757 1749 2795 ex
1788 2757 1856 2794 ea
1895 2741 2071 2795 VAB
2102 2757 2170 2796 ex
2198 2760 2264 2797 eo
2293 2741 2439 2797 A²m

287 2834 320 2881 4
375 2828 666 2884 stercilino,
714 2831 773 2884 P
823 2827 1132 2886 stercilinia,
1165 2829 1222 2883 B
1267 2829 1647 2883 stercilianam
1685 2830 1739 2883 A
1784 2846 1921 2884 corr.
1970 2829 2277 2886 stercilinia
2312 2830 2392 2884 A²
2441 2832 2581 2885 ster-

288 2918 500 2985 quilina
543 2936 600 2972 m
656 2918 1012 2987 sterquilinia
1047 2935 1102 2993 v·
1223 2919 1322 2972 aut
1365 2937 1537 2972 unum
1587 2917 1697 2972 Vm
1744 2921 2072 2987 autumnum
2110 2920 2167 2974 A
2218 2924 2489 2988 expuncto
2525 2936 2581 2971 m

287 3012 350 3060 ut
396 3008 615 3062 videtur
649 3007 733 3062 A²
779 3010 1110 3062 autumnum
1145 3009 1201 3061 B
1345 3014 1376 3062 5
1434 3008 1670 3062 alteram
1718 3006 2006 3077 (alterram
2042 3008 2119 3077 A)
2166 3007 2314 3062 enim
2359 2999 2580 3075 partem

289 3093 406 3150 fieri
469 3097 700 3165 oportet,
742 3097 868 3151 AB
921 3098 1160 3152 alteram
1215 3096 1364 3151 enim
1417 3103 1443 3150 i
1497 3098 1717 3166 partem
1771 3096 1904 3151 ferri
1961 3098 2185 3166 oportet
2241 3096 2293 3149 V
2342 3095 2581 3150 alteram

290 3183 434 3238 enim
489 3188 712 3254 partem
768 3185 900 3240 ferri
955 3188 1180 3256 oportet
1235 3185 1512 3241 Victorius
1693 3185 1833 3240 uilla
1878 3185 2067 3255 (uilla,
2105 3191 2169 3240 ut
2213 3186 2454 3253 videtur,
2498 3186 2581 3239 vel

288 3274 422 3328 villa
456 3275 533 3343 P)
571 3291 780 3329 nouam
807 3273 988 3329 PAB
1026 3292 1057 3329 e
1093 3273 1234 3328 uilla
1269 3290 1478 3329 nouum
1515 3274 1707 3327 fimum
1735 3291 1767 3328 v
1806 3292 1837 3329 e
1873 3273 2014 3328 uilla
2048 3291 2254 3329 nouam
2303 3273 2579 3328 Victorius

432 3363 678 3417 alteram
732 3365 983 3417 ueterem
1028 3364 1085 3416 B
1131 3363 1409 3419 Victorius
1458 3362 1604 3417 alter
1636 3365 1644 3432 Ι
1676 3364 1942 3418 alteri-am
1977 3365 2251 3430 ueterem,
2297 3365 2393 3418 sed
2437 3363 2581 3418 alter

288 3453 512 3508 deletum
558 3454 616 3505 A
662 3452 848 3507 altera.
891 3454 1140 3508 ueterem
1197 3452 1250 3507 V
1390 3459 1422 3506 6
1459 3451 1520 3505 in
1565 3469 1701 3521 agro
1747 3469 1883 3508 corr.
1936 3484 2000 3493 --
2049 3471 2144 3506 um
2189 3453 2246 3506 A
2293 3525 2298 3530 ἱ
2393 3451 2579 3517 ‘Quod

288 3540 431 3595 enim
480 3557 649 3609 quam
695 3557 887 3596 recens
933 3542 1082 3609 quod
1129 3540 1413 3596 confaeuit
1458 3540 1659 3596 melius
1690 3570 1704 3583 ·
1734 3544 1834 3595 Ita
1868 3543 1932 3596 in
1967 3542 2279 3596 melioribus
2304 3562 2324 3596 .-
2350 3557 2481 3596 παθη
2515 3542 2581 3595 in

285 3631 592 3684 semiaetere
637 3646 746 3699 pro
802 3629 1107 3695 confacuit,
1173 3630 1494 3699 conflacuit,
1560 3631 1786 3700 leyimus
1831 3652 1846 3685 ε
1892 3636 2106 3685 caetera
2158 3627 2342 3685 eadem
2395 3629 2573 3684 erant’

298 3719 571 3775 Victorius
600 3760 616 3774 .
642 3720 874 3787 fortasse
918 3719 1069 3788 quod
1114 3720 1264 3775 enim
1307 3719 1618 3775 confraeuib
1653 3737 1822 3788 quam
1867 3736 2059 3775 recens
2104 3720 2305 3774 melius
2449 3737 2578 3773 con-

286 3842 489 3900 fracuit
523 3843 773 3913 Scaliyer
817 3843 1100 3899 confacuit
1136 3845 1254 3899 PB
1295 3810 1580 3900 consueuit
1616 3847 1669 3898 A
1709 3845 2007 3900 conflacuit
2041 3861 2095 3898 m
2131 3861 2259 3899 cum
2295 3843 2510 3898 faciunt
2543 3860 2577 3897 v

425 3940 457 3989 7
505 3931 857 3988 stercilinum
899 3933 1014 3986 PB
1061 3931 1428 3987 stercilinium
1471 3934 1519 3987 A
1568 3934 1958 4001 sterquilinam
1992 3951 2046 3988 m
2073 3931 2499 4003 'sterquilinium
2544 3950 2576 3986 v

425 4030 457 4079 8
506 4022 861 4077 uindicatum
899 4022 1081 4076 PAR
1127 4019 1449 4076 uindicatur
1484 4022 1566 4077 A²
1603 4040 1635 4076 v
1675 4021 1932 4077 uincatur
1957 4025 2021 4077 ‘m
2164 4013 2199 4076 a.
2236 4022 2351 4077 sole
2395 4021 2576 4075 PAB

288 4111 355 4167 ab
390 4110 508 4167 sole
546 4129 579 4166 v
691 4116 725 4164 9
764 4127 1003 4179 exugere
1039 4111 1095 4164 P
1129 4126 1394 4180 exurgere
1422 4111 1558 4178 AB,
1595 4112 1690 4165 sed
1723 4126 1753 4162 r
1788 4116 2117 4179 expumctum
2153 4115 2215 4164 ut
2250 4110 2466 4165 videtur
2494 4109 2580 4164 A²

288 4218 548 4270 exurgere
586 4218 682 4255 mv
827 4202 1057 4269 possunt
1095 4202 1138 4253 I
1136 4201 1391 4256 anundus
1537 4204 1605 4252 10
1650 4198 1867 4255 faciunt
1901 4199 2020 4253 AB
2057 4199 2270 4255 faciant
2315 4198 2368 4252 V
2510 4206 2571 4252 11

285 4291 336 4345 in
391 4307 572 4359 eoque
624 4287 858 4357 quidam
911 4289 960 4342 V
999 4288 1061 4341 in
1106 4305 1172 4343 eo
1219 4305 1363 4359 quae
1409 4288 1641 4358 quidam
1681 4290 1738 4344 B
1782 4290 1839 4343 in
1885 4306 2062 4357 eoque
2096 4291 2104 4358 Ι
2137 4289 2266 4342 dam
2303 4289 2359 4343 A
2403 4287 2462 4341 in
2509 4304 2577 4343 eo

285 4379 507 4450 quidam
552 4397 609 4433 m
757 4375 1031 4433 edifitium
1076 4377 1133 4432 A
1279 4382 1342 4430 12
1389 4376 1572 4432 facere
1608 4377 1730 4431 AB
1775 4375 1894 4431 fieri
1931 4377 1987 4430 P
2026 4372 2200 4429 etiam
2237 4376 2358 4431 fieri
2401 4393 2434 4430 v

284 4469 556 4525 subiicere
606 4468 663 4522 V
841 4471 905 4521 15
961 4466 1111 4537 parti
1156 4468 1271 4522 PB
1315 4468 1475 4536 parte
1523 4484 1660 4521 corr.
1712 4497 1777 4506 -—
1824 4465 1869 4519 ti
1907 4466 1961 4519 A
2006 4466 2165 4535 parte
2207 4481 2240 4519 v
2418 4465 2578 4521 intri-

281 4563 404 4615 tura
443 4558 637 4614 PAB
672 4556 997 4613 intrituram
1033 4574 1065 4611 v
1213 4563 1278 4610 16
1317 4556 1467 4626 cepit
1502 4556 1559 4610 A
1703 4561 1767 4610 17
1804 4555 1955 4624 parti
1987 4554 2165 4611 PAB
2203 4560 2363 4624 parte
2399 4572 2432 4610 v
