3178 5185
933 387 1196 441 RERVM
1231 387 1710 444 RVSTICARVM
1746 391 1881 447 ΜΒ.
1919 375 1996 446 1'11
2037 390 2073 447 5
2517 386 2646 450 247

360 547 696 600 correctum
754 544 1265 619 peripetasmata,
1332 543 1490 623 quod
1554 547 1618 605 in
1681 545 1937 607 lectione
2008 548 2297 628 principis
2372 548 2649 610 editionis

351 648 847 722 peristetasmata
895 646 1220 710 Politianus
1268 650 1447 712 dedit.
1523 659 1790 713 ceterum
1840 671 1991 732 quae
2039 653 2112 714 de
2162 673 2273 716 usu
2319 658 2646 736 peripetas-

356 760 580 814 matum
635 753 789 834 apud
838 753 1162 817 Varronem
1217 756 1289 817 de
1337 757 1478 837 ling.
1515 757 1614 818 lat.
1653 758 1700 816 V
1743 756 1866 822 168
1923 762 2143 841 scripta
2191 770 2358 844 sunt,
2408 782 2646 840 qraeca

354 867 495 920 sunt
532 864 972 937 peristromata
1018 870 1078 925 et
1115 867 1627 941 peripetasmata,
1681 870 1773 927 sic
1820 870 1946 927 alia
1993 885 2153 942 quae
2203 871 2343 930 item
2388 874 2652 932 convivii

356 985 549 1029 causa
594 969 684 1028 ibi
715 973 921 1044 multa,
969 971 1331 1049 interpretes
1366 973 1429 1032 in
1469 990 1736 1032 errorem
1775 973 2156 1056 induxerunt,
2195 983 2262 1036 ut
2297 985 2670 1056 apparatum.

356 1074 718 1135 convivalem
765 1075 877 1137 hoc
925 1075 1054 1141 loco
1094 1076 1355 1138 describi
1391 1086 1694 1162 putarent,
1732 1098 2087 1159 quamquam
2126 1083 2251 1162 ipsa
2291 1082 2468 1143 verba
2503 1084 2644 1145 huic

353 1183 832 1262 interpretationi
877 1202 1211 1263 repugnare
1258 1193 1521 1265 apparet.
1614 1186 1897 1248 dicuntur
1954 1189 2109 1248 enim
2166 1197 2504 1268 tegumenta
2550 1192 2640 1252 vel

356 1288 583 1371 aulaea,
652 1289 867 1369 quibus
937 1299 1284 1369 suggestum
1351 1291 1550 1353 faleris
1619 1295 1892 1354 exornari
1949 1293 2190 1385 solebat.
2281 1300 2642 1372 teqeticulae

353 1398 743 1459 cannabinae
788 1397 1072 1460 dicuntur
1118 1397 1200 1459 111
1238 1397 1297 1480 8,
1335 1396 1394 1461 2.

528 1505 823 1567 Peruenit
867 1507 1063 1567 omnia
1111 1507 1445 1587 apographa
1483 1507 1720 1589 habent,
1759 1512 2052 1585 prouenit
2096 1511 2159 1569 in
2196 1511 2467 1590 principe
2516 1511 2636 1573 edi·

352 1612 511 1671 tione
551 1609 877 1673 Politianus
916 1631 1033 1673 non
1074 1615 1337 1676 mutavit.
1412 1613 1625 1674 deinde
1675 1621 2013 1676 commeant
2056 1615 2212 1676 edita
2241 1616 2376 1678 inde
2406 1637 2438 1678 a
2477 1620 2636 1698 prin-

349 1718 475 1796 cipe
523 1717 783 1779 editione
830 1721 1202 1800 exemplaria.
1292 1725 1655 1782 commetant
1699 1738 1773 1779 ex
1819 1719 2139 1800 archetypo
2187 1725 2442 1785 restitui.

524 1824 889 1903 Epitoniis
953 1829 1196 1888 uersis
1261 1825 1342 1887 ad
1418 1844 1994 1906 unumquemque
2070 1828 2336 1889 factum
2403 1832 2498 1892 sit
2563 1840 2640 1894 ut

349 1930 526 1993 fluat
584 1932 1001 2011 conuiuam]
1062 1935 1408 2012 Epistomiis
1452 1966 1524 1975 —
1562 1932 1802 2009 factum
1856 1936 1947 1995 sic
2002 1941 2070 1995 ut
2117 1937 2280 2010 fluat
2324 1941 2638 2000 convivam

347 2037 587 2118 Merula,
617 2038 858 2115 factum
883 2044 975 2102 sic
1008 2047 1075 2102 ut
1094 2044 1255 2116 fluat
1292 2044 1353 2102 in
1398 2043 1713 2102 convivam
1749 2039 2071 2101 Iucundus.
2146 2045 2442 2125 epitoniiS,
2480 2047 2636 2107 sicut

346 2146 404 2205 in
453 2145 808 2225 apographis
854 2149 1141 2226 scriptum
1192 2156 1308 2229 est,
1367 2166 1485 2206 non
1532 2149 1869 2224 epistoniis,
1926 2155 1993 2207 ut
2039 2146 2340 2209 Gesnerus
2395 2150 2636 2232 indicat,

346 2252 671 2313 Politianus
719 2271 788 2313 ex
847 2253 1167 2334 archetypo
1224 2254 1554 2335 adnotavit3
1616 2255 1758 2314 item
1806 2251 2130 2334 Victorius,
2186 2257 2288 2333 qui
2342 2255 2489 2317 haec
2535 2256 2634 2317 ad-

347 2362 599 2441 notavit,
663 2355 867 2421 ‘antea
922 2363 985 2421 in
1052 2363 1287 2422 excusis
1345 2361 1722 2438 Epistomiis:
1785 2359 2078 2419 veriorem
2145 2377 2276 2421 esse
2333 2363 2635 2439 Epitoniis

346 2466 660 2528 lectionem
705 2468 925 2545 putavi.
1000 2486 1135 2528 nam
1182 2469 1263 2528 ita
1312 2469 1372 2527 in
1420 2467 1653 2527 cunctis
1693 2482 1869 2525 manu
1910 2466 2150 2544 scriptis
2187 2461 2438 2530 inveni'.
2509 2473 2630 2546 epi·

345 2578 510 2636 tonia
557 2573 778 2635 hahent
824 2575 1002 2636 etiam
1050 2574 1287 2636 codices
1334 2573 1587 2635 Vitruvii
1626 2571 1706 2633 lX
1746 2569 1805 2654 9,
1841 2569 1918 2633 ll
1971 2582 2031 2633 et
2077 2571 2129 2633 X
2172 2570 2269 2649 13,
2309 2571 2379 2656 33
2417 2570 2476 2656 5,
2526 2576 2630 2639 ubi

345 2681 514 2761 vulgo
545 2685 857 2759 epistomia
887 2700 959 2742 ex
988 2684 1331 2743 coniectura
1361 2679 1612 2741 lucundi
1641 2679 1885 2761 legitur3
1925 2682 2067 2740 item
2099 2679 2359 2756 Senecae
2390 2684 2625 2762 epistul.

345 2786 445 2869 86,
475 2784 517 2850 5
557 2795 619 2848 et
654 2790 717 2849 in
756 2790 1124 2868 digestorum
1161 2788 1199 2852 l.
1236 2786 1370 2848 XIX
1407 2795 1448 2848 t.
1489 2786 1522 2849 1
1566 2786 1602 2847 1.
1642 2785 1742 2848 17.
1817 2785 1889 2846 ab
1929 2785 2022 2846 his
2060 2786 2335 2848 omnibus
2373 2792 2629 2868 epitonia

343 2894 625 2955 (licuntur
689 2895 978 2956 foramina
1044 2904 1104 2956 et
1168 2896 1567 2956 instrumenta
1624 2892 1941 2973 quaedam,
2008 2891 2224 2971 quibus
2286 2896 2513 2959 intenta
2575 2900 2631 2959 vi

342 3002 748 3063 machinarum
814 3022 966 3083 aqua
1030 3002 1380 3083 effunditur,
1446 3019 1566 3062 non
1629 3002 2024 3061 instrumenta
2090 2999 2308 3079 quibus
2374 3002 2629 3065 chordae

341 3108 634 3188 funesque
674 3110 1087 3192 intenduntur,
1134 3118 1198 3170 ut
1248 3107 1546 3169 Victorius
1596 3110 2040 3186 interpretatur.

521 3214 600 3278 17
680 3214 759 3276 In
826 3214 1200 3294 horologio
1267 3213 1451 3293 quod
1520 3214 1700 3274 fecit
1776 3209 2183 3292 cyprestes]
2269 3212 2628 3289 Cyrrhestes

337 3320 674 3384 Turnebus
750 3324 813 3383 in
843 3328 1151 3402 octoqonO,
1186 3322 1351 3395 quod
1370 3317 1526 3396 fecit
1559 3321 1952 3380 Andronicus
1989 3319 2345 3395 Cyrrhestes
2375 3318 2629 3383 Ursinus

338 3447 406 3489 ex
454 3429 723 3490 Vitruvio
748 3427 798 3490 λΙ
838 3424 896 3509 6,
933 3424 995 3509 4,
1043 3428 1145 3506 qui
1191 3425 1263 3485 de
1304 3427 1495 3486 ventis
1535 3424 1745 3486 scribit
1780 3424 1945 3506 haec,
1981 3427 2093 3486 sed
2131 3427 2240 3500 qui
2275 3428 2627 3502 diliqentius

327 3538 805 3613 perquisierunt,
861 3535 1257 3595 tradiderunt
1302 3549 1402 3593 eos
1448 3551 1577 3594 esse
1613 3538 1764 3607 oct0,
1811 3534 2075 3592 maxime
2110 3534 2351 3607 quidem
2388 3534 2624 3596 Andro-

333 3646 511 3704 nicus
566 3643 909 3719 CyrresteS,
966 3643 1075 3715 qui
1118 3642 1299 3701 etiam
1346 3644 1684 3716 exemplum
1740 3641 2060 3701 collocavit
2103 3639 2376 3725 Athenis⁴
2403 3644 2624 3702 turrim

334 3766 740 3810 marmoream
786 3755 1124 3823 octayonon
1174 3752 1232 3808 et
1278 3750 1340 3807 in
1386 3748 1643 3822 sinqulis
1690 3747 1987 3807 lateribus
2035 3749 2327 3821 octayoni
2358 3750 2622 3822 sinyulo-

333 3874 469 3917 rum
526 3859 840 3915 ventorum
899 3855 1192 3927 imayines
1248 3855 1564 3928 excalptas
1611 3858 1830 3913 contra
1883 3869 2024 3913 suos
2089 3856 2384 3927 cuiusque
2434 3856 2624 3928 slatus

335 3962 691 4037 desiqnavit.
783 3957 1105 4018 Andronici
1151 3976 1365 4019 nomen
1415 3957 1570 4037 apud
1611 3956 1935 4018 Varronem
1983 3958 2276 4019 excidisse
2324 3958 2622 4021 adnotavit

335 4065 757 4129 Schneiderus.

514 4169 599 4235 18
664 4171 803 4232 Nos
857 4171 1175 4233 athietae
1231 4172 1685 4232 comitiorum
1740 4171 1875 4230 ima
1931 4188 2088 4231 cum
2144 4170 2211 4230 id
2260 4169 2435 4232 fieri
2482 4189 2621 4232 non

335 4277 800 4356 miraremur]
849 4278 1128 4339 Athletae
1174 4297 1246 4338 ex
1291 4276 1345 4337 ll
1387 4275 1443 4359 1,
1478 4276 1522 4339 2
1571 4280 1914 4355 pecuariae
1969 4278 2232 4337 athletae
2276 4278 2620 4339 restitutum

333 4396 439 4447 est.
534 4388 682 4457 ima,
739 4382 896 4461 quod
955 4401 1027 4442 ex
1092 4401 1271 4462 prava
1329 4382 1664 4444 litterarum
1720 4383 2076 4462 repetitione
2133 4381 2366 4442 videtur
2421 4393 2618 4444 ortum

337 4510 487 4573 esse,
545 4487 763 4550 delevi:
828 4508 954 4551 una
1018 4508 1089 4549 ex
1156 4490 1741 4576 principepeditione
1797 4497 2104 4568 receptum
2162 4498 2304 4551 erat.
2406 4489 2618 4550 deinde
