3178 5185
550 409 677 475 130
1192 377 1212 471 ζ
1530 408 1905 465 VARRONIS

442 580 521 638 23
547 577 684 655 alia]
725 577 975 660 metalla,
1021 596 1169 657 quae
1209 578 1336 637 sine
1375 575 1555 637 dubio
1595 580 1655 665 in
1696 577 1891 656 aliquo
1931 596 2071 656 agro
2122 573 2315 637 fiunt?
2398 576 2500 636 sed
2541 584 2607 636 ut
2645 594 2842 654 neque

546 685 895 764 lapidicinae
924 703 1119 764 neque
1148 684 1491 745 harenariae
1522 685 1589 744 ad
1624 687 1752 763 agri
1779 684 2074 745 culturam
2101 686 2420 764 pertinent,
2451 685 2536 744 sic
2566 679 2841 762 sigilin‘ae.

549 810 741 872 neque
807 793 939 852 ideo
1005 811 1123 852 non
1179 794 1242 852 in
1302 811 1418 871 quo
1470 811 1611 871 agro
1659 792 1904 852 idoneae
1952 800 2205 871 possunt
2252 808 2381 851 esse
2442 788 2615 867 [non]
2674 807 2842 848 exer-

547 900 786 980 cendae,
833 908 1009 978 atque
1059 918 1131 959 ex
1178 902 1229 959 is
1278 900 1549 979 capiendi
1589 900 1849 960 fructus:
1897 907 1964 959 ut
2001 901 2197 979 etiam,
2246 901 2296 957 si
2334 915 2473 975 ager
2512 896 2844 957 secundum

546 1007 697 1064 viam
744 1013 804 1065 et
849 1014 1221 1084 opportunus
1270 1007 1595 1067 viatoribus
1642 1006 1827 1087 locuS,
1875 1005 2269 1069 aedificandae
2316 1003 2595 1064 tabernae
2635 1004 2842 1063 devor-
2905 1015 2933 1055 5

547 1114 764 1192 soriae',
823 1131 972 1191 quae
1031 1122 1255 1195 tamen,
1315 1117 1580 1194 quamvis
1639 1117 1759 1175 sint
1816 1115 2179 1193 fructuosae,
2240 1111 2421 1171 nihilo
2469 1113 2656 1188 magis
2704 1119 2847 1170 sunt

547 1221 671 1298 agri
720 1219 987 1280 culturae
1036 1229 1252 1300 partes.
1346 1242 1463 1282 non
1512 1223 1689 1302 enim,
1738 1222 1933 1300 siquid
1980 1228 2228 1299 propter
2274 1237 2481 1297 agrum
2530 1220 2843 1278 autetiam

544 1329 605 1386 in
664 1345 803 1405 agro
850 1328 1155 1406 profectus
1204 1329 1470 1411 domino,
1527 1331 1655 1406 agri
1700 1328 1968 1389 culturae
2017 1334 2327 1405 acceptum
2376 1326 2601 1385 referre
2650 1324 2846 1404 debet,

547 1434 652 1493 sed
708 1434 768 1493 id
825 1436 998 1495 modo
1057 1437 1214 1515 quod
1275 1435 1440 1514 [nec]
1504 1438 1730 1496 satione
1789 1444 1946 1496 terra
1980 1436 2082 1495 ¹sit
2139 1442 2340 1494 natum
2387 1433 2458 1492 ad
2508 1431 2846 1492 fruendum.

450 1544 532 1600 24
557 1539 822 1618 Suscipit
861 1541 1042 1625 Stolo,
1090 1543 1198 1624 Tu,
1246 1546 1455 1624 inquit,
1503 1543 1730 1603 invides
1779 1549 1940 1604 tanto
1990 1543 2269 1620 scriptori
2307 1549 2366 1601 et
2413 1538 2934 1616 obstrigillandi10

546 1666 722 1708 causa
786 1648 1017 1728 figlinas
1074 1650 1492 1732 reprehendis,
1559 1670 1696 1711 cum
1753 1648 2055 1729 praeclara
2113 1647 2424 1729 quaedam,
2489 1665 2563 1707 ne
2620 1645 2844 1724 laudeS,

451 1758 540 1840 25
555 1758 1013 1837 praetermittas,
1053 1776 1202 1835 quae
1240 1757 1310 1816 ad
1350 1761 1477 1836 agri
1514 1757 1809 1819 culturam
1847 1757 2229 1817 vehementer
2265 1757 2616 1835 pertineant.
2696 1752 2846 1813 Cum

547 1862 895 1922 subrisisset
944 1863 1176 1944 Scrofa,
1233 1865 1390 1943 quod
1449 1884 1567 1924 non
1626 1851 1934 1943 ignorabat
1989 1862 2173 1923 libros
2231 1870 2291 1922 et
2338 1861 2726 1941 despiciebat,
2784 1869 2845 1919 et

546 1971 827 2046 Agrasius
883 1989 946 2029 se
996 1973 1150 2031 scire
1184 1970 1372 2032 ‘modo
1420 1979 1658 2051 putaret
1703 1991 1770 2032 ac
1821 1969 2121 2031 Stolonem
2171 1976 2438 2047 rogasset
2486 1977 2553 2029 ut
2599 1968 2845 2041 diceret,

547 2078 767 2155 coepit:
834 2077 1055 2138 Scribit
1119 2080 1360 2139 cimices
1425 2098 1603 2158 quem
1668 2080 1740 2139 ad
1803 2079 2044 2138 modum
2106 2077 2363 2137 interfici
2428 2082 2697 2153 oporteat
2750 2075 2845 2134 his
2879 2080 2931 2121 15

550 2183 761 2265 verbiS,
812 2179 1213 2245 ‘cucumerem
1263 2188 1584 2263 anguinum
1635 2186 1872 2246 condito
1911 2187 1972 2244 in
2011 2202 2223 2264 aquam
2262 2201 2510 2261 eamque
2549 2182 2845 2243 infundite

548 2309 666 2369 quo
707 2290 911 2372 'voleS,
969 2292 1119 2352 nulli
1173 2293 1483 2373 accedent3
1539 2291 1630 2352 vel
1688 2291 1765 2351 fel
1820 2291 2108 2353 bubulum
2165 2310 2299 2352 cum
2363 2299 2529 2350 aceto
2576 2291 2847 2369 mixtum,

452 2404 533 2461 26
557 2401 806 2476 unguite
852 2395 1114 2459 lectum'.
1206 2399 1550 2459 Fundanius
1598 2401 1809 2476 aspicit
1846 2399 1915 2458 ad
1958 2398 2240 2478 Scrofam,
2293 2397 2368 2457 Et
2405 2405 2600 2457 tamen
2638 2414 2846 2455 verum

549 2504 720 2586 dicit,
777 2507 996 2585 inquit,
1053 2506 1175 2585 hic,
1235 2514 1301 2566 ut
1354 2506 1467 2566 hoc
1527 2508 1837 2584 scripserit
1884 2507 1945 2564 in
1998 2509 2123 2583 agri
2170 2503 2419 2564 cultura.
2514 2502 2643 2582 Ille,
2700 2501 2845 2561 Tam

548 2611 748 2672 hercle
798 2631 971 2691 quam
1019 2613 1149 2693 hoc,
1199 2615 1431 2692 siquem
1479 2612 1748 2691 glabrum
1797 2614 1991 2673 facere
2029 2612 2192 2692 veliS,
2242 2612 2399 2691 quod
2439 2611 2604 2671 iubet
2642 2628 2845 2670 ranam
2876 2617 2932 2656 2⁰

551 2718 801 2779 luridam
861 2720 1094 2780 coicere
1149 2722 1209 2780 in
1269 2739 1506 2802 aquam,
1564 2739 1764 2800 usque,
1811 2739 1926 2800 qua
1984 2721 2056 2780 ad
2113 2722 2347 2780 tertiam
2395 2726 2622 2796 partem
2671 2718 2844 2777 deco-

550 2828 727 2908 xeriS,
773 2845 962 2906 eoque
1000 2845 1267 2905 unguere
1306 2846 1541 2907 corpus.
1624 2828 1767 2908 Ego,
1805 2827 1975 2896 Quod
2015 2830 2217 2905 magis,
2256 2828 2515 2907 inquam,
2551 2827 2848 2903 pertineat

550 2934 622 2993 ad
669 2934 941 2995 Fundani
997 2934 1392 2995 valetudinem
1454 2931 1566 3014 [et]
1627 2937 1689 2994 in
1737 2953 1806 2995 eo
1853 2933 2033 3016 libro,
2092 2942 2183 2994 est
2230 2935 2415 2994 satius
2464 2933 2651 2993 dicas:
2709 2950 2845 2991 nam

696 3111 761 3160 10
800 3106 886 3160 Tu
920 3106 1108 3175 inquit
1143 3107 1359 3161 invides
1395 3107 1544 3162 Non.
1574 3124 1637 3176 p.
1675 3110 1804 3173 147,
1843 3111 1914 3161 10

695 3272 724 3319 1
764 3267 904 3321 fiunt
943 3266 1046 3320 VB
1076 3267 1216 3321 fiant
1243 3269 1361 3321 Am
1481 3273 1513 3320 2
1552 3267 1880 3322 harenariae
1908 3267 1964 3320 Β
1993 3265 2280 3320 arenariae
2320 3265 2431 3321 VA
2542 3273 2572 3320 3
2610 3267 2849 3335 possunt

550 3358 606 3410 Β
659 3356 934 3411 Victorius
977 3373 1080 3424 pos
1113 3358 1122 3424 Ι
1153 3357 1392 3425 possunt
1427 3356 1482 3409 A
1525 3354 1750 3425 possint
1797 3354 1849 3408 V
1987 3372 2098 3409 non
2139 3356 2436 3423 posteriore
2472 3357 2585 3410 loeo
2620 3357 2848 3409 inclusit

551 3446 823 3500 Gesnerus
966 3445 1230 3499 exercede
1267 3444 1323 3498 A
1467 3451 1500 3497 4
1547 3443 1665 3499 exis
1700 3443 1822 3498 AB
1860 3459 1927 3497 ex
1965 3443 2036 3497 iis
2081 3443 2134 3497 V
2271 3444 2541 3513 capiendo
2588 3461 2724 3500 corr.
2775 3476 2846 3485 —

552 3533 611 3587 di
638 3534 694 3587 A
822 3537 854 3587 5
886 3535 1229 3602 opportunus
1270 3533 1323 3587 V
1347 3536 1652 3603 oportunus
1681 3535 1800 3587 AB
1891 3532 2239 3587 ·deuorsorie
2267 3532 2322 3584 A
2354 3531 2691 3587 diuersoriae
2736 3534 2846 3586 VB

693 3630 726 3676 6
763 3622 974 3677 nichilo
1004 3623 1124 3675 AB
1166 3657 1167 3662 κ
1271 3629 1299 3676 7
1341 3619 1542 3689 si‘quis
1569 3621 1863 3676 Iucundus
2008 3628 2056 3675 9.
2098 3621 2249 3689 quod
2279 3638 2346 3675 ex
2375 3622 2592 3676 satione
2621 3624 2848 3677 coniecit

558 3711 833 3766 Victorius
990 3716 1054 3764 10
1101 3709 1285 3778 inquit
1339 3709 1450 3765 VB
1498 3710 1695 3780 inquid
1732 3711 1787 3763 A
1942 3708 2359 3780 obstrigillandi
2396 3711 2515 3764 Bm
2573 3710 2848 3765 Victorius

442 3791 443 3794 ¹
551 3798 984 3870 obstrigillando
1031 3799 1085 3852 A
1141 3816 1278 3854 corr.
1337 3831 1404 3839 —
1464 3800 1523 3854 di
1568 3799 1650 3855 A²
1698 3798 2098 3868 obstrigilandi
2145 3799 2198 3853 V
2357 3804 2419 3851 11
2469 3799 2691 3869 figlinas
2730 3798 2847 3852 PA

551 3891 773 3995 figlinas
802 3927 859 3980 Β
886 3924 1129 3993 figilinas
1157 3940 1189 3977 v
1325 3941 1394 3978 ne
1422 3925 1618 3979 laudes
1651 3923 1830 3978 VAB
1855 3924 2061 3977 nedum
2090 3923 2283 3978 laudes
2311 3922 2454 3977 A²m
2594 3930 2657 3977 13
2688 3923 2845 3993 igno-

550 4018 745 4071 rabam
791 4017 846 4070 A
912 4031 1048 4070 corr.
1117 4043 1181 4051 —-
1251 4015 1312 4068 at
1357 4013 1439 4067 A²
1587 4018 1655 4067 14
1717 4014 1971 4082 putarem
2017 4013 2074 4068 A
2127 4030 2262 4068 corr.
2323 4044 2387 4051 -—
2448 4013 2506 4065 et
2550 4012 2632 4065 ΑΒ
2779 4019 2845 4066 15

554 4124 707 4192 oepit
731 4122 787 4176 A
936 4128 998 4176 ιτ
1038 4087 1311 4178 fel’ssumm
1339 4122 1394 4174 Β
1542 4121 1734 4175 acceto
1764 4121 1819 4175 A
1965 4125 2030 4173 19
2067 4118 2254 4188 inquit
2284 4119 2398 4172 VB
2425 4118 2619 4187 inquid
2649 4119 2701 4173 A

553 4234 623 4282 20
676 4229 865 4283 hercle
903 4230 959 4283 Β
970 4246 1002 4283 υ
1048 4229 1194 4284 ercle
1232 4229 1348 4283 PA
1493 4233 1561 4281 21
1612 4226 1824 4282 coicere
1871 4227 1930 4280 in
1976 4242 2180 4295 aquam
2218 4227 2275 4280 Β
2321 4225 2536 4280 coicere
2580 4203 2754 4292 inbua
2791 4227 2849 4279 A

553 4320 611 4359 al.
641 4331 831 4368 coquere
859 4321 919 4360 al.
947 4329 1113 4369 aquam
1715 4363 1718 4364 γ

589 4371 802 4426 coicere
848 4372 1079 4440 inquam
1122 4369 1182 4425 ’Β
1231 4369 1504 4425 coniicere
1559 4369 1620 4424 in
1677 4386 1881 4438 aquam
1927 4386 1958 4423 v
2111 4369 2345 4424 terciam
2391 4369 2446 4422 A
2600 4374 2665 4422 23
2721 4367 2846 4421 fun-

555 4460 708 4515 danii
748 4461 924 4515 VAB
1032 4461 1413 4515 ualetudinem
1442 4460 1557 4513 PA
1585 4457 1955 4513 ualitudinem
1989 4459 2085 4520 Bv
2196 4458 2350 4513 dicas
2369 4458 2491 4512 AB
2520 4456 2702 4510 dicam
2738 4456 2847 4510 Vm

695 4567 824 4603 nam
863 4550 1093 4604 huiusce
1132 4551 1252 4604 AB
1305 4552 1576 4605 Victorius
1613 4565 1745 4601 nam
1784 4550 1841 4601 et
1877 4548 2109 4602 huiusce
2157 4548 2210 4602 V
