3178 5185
604 406 729 471 156
938 471 949 481 ,
1283 416 1662 471 COMMENT.
1701 417 1780 470 IN
1820 416 2195 470 VARRONIS

599 589 734 649 que
791 570 1051 648 licere]
1121 574 1343 632 Illasce
1401 590 1627 649 capras
1684 590 1756 631 ex
1817 572 2159 631 coniectura
2216 570 2585 631 Pontederae
2640 590 2695 649 p.
2732 566 2878 649 425,

596 680 942 752 habereque
1005 686 1172 740 recte
1237 683 1431 741 licere·
1480 698 1550 739 ex
1620 676 1825 739 Aldina
1884 678 2143 739 editione
2200 684 2508 757 receptum
2566 687 2674 738 est.
2748 696 2876 737 nam

598 788 677 846 ita
723 788 784 845 in
831 784 1078 864 reliquis
1125 785 1396 847 formulis
1444 788 1736 865 scriptum
1782 792 1889 846 est.

776 891 972 963 Quod
1021 895 1229 954 etiam
1277 892 1658 953 archelaus
1707 890 2008 970 scribit]
2066 893 2243 965 Quod
2285 895 2486 967 etiam,
2544 899 2610 953 ut
2656 892 2878 952 Arche·

595 1004 758 1080 laus,
792 1001 1010 1059 scribit
1073 997 1473 1059 Schneiderus
1537 1000 1812 1059 coniecit.
1901 997 2239 1060 Alcmaeoni
2296 1017 2422 1058 eam
2483 1017 2611 1059 rem
2673 996 2880 1058 tribuit

595 1105 942 1167 Aristoteles
979 1106 1116 1167 hist.
1154 1108 1328 1166 anim.
1366 1105 1391 1165 I
1435 1105 1534 1186 11,
1563 1102 1652 1167 45
1695 1093 2064 1185 Ἀλκμαίων
2113 1097 2240 1185 γὰρ
2282 1096 2407 1167 οὐκ
2442 1096 2668 1185 ἀληθῆ
2709 1099 2878 1184 λέγει

598 1206 920 1292 φάμενος-
951 1204 1277 1275 ἀναπνεῖν
1331 1205 1446 1286 τὰς
1501 1204 1692 1292 αἶγας
1746 1203 1910 1273 κατὰ
1967 1202 2047 1273 τὰ
2100 1197 2254 1273 ὦτα.
2345 1211 2670 1274 Archelaus
2718 1209 2880 1291 prae-

597 1330 758 1381 terea
805 1320 959 1399 apud
1007 1320 1329 1382 Varronem
1375 1319 1705 1400 appellatur
1753 1319 1833 1380 111
1876 1317 1976 1399 11,
2005 1315 2047 1380 5
2094 1328 2154 1380 et
2204 1317 2305 1400 12,
2332 1316 2391 1380 4.

774 1425 813 1488 6
881 1430 972 1503 Id,
1010 1435 1078 1488 ut
1105 1432 1421 1508 pleraque,
1459 1430 1663 1505 lapide
1701 1435 1809 1488 aut
1847 1434 2000 1489 testa
2035 1429 2344 1488 substerni
2369 1432 2622 1508 oportet,
2651 1429 2884 1502 caprile

593 1552 709 1610 quo
748 1538 942 1595 minus
986 1534 1066 1595 sit
1110 1538 1490 1610 uliqinosum.
1564 1537 1646 1594 ita
1694 1533 1839 1594 haec
1888 1543 2049 1595 recte
2098 1532 2170 1593 ab
2226 1532 2556 1594 editoribus
2605 1532 2882 1592 distincta

590 1651 774 1702 erant.
849 1660 983 1701 nam
1032 1651 1244 1702 neutro
1291 1659 1510 1720 genere
1547 1643 1919 1721 pronominis
1969 1644 2037 1702 id
2074 1642 2443 1719 significatur
2482 1639 2626 1701 illud
2666 1642 2724 1700 in
2768 1657 2881 1718 quo

585 1767 770 1828 pecus
826 1747 1173 1809 stabulatur.
1265 1749 1324 1809 id
1381 1751 1589 1829 igitur,
1647 1751 1804 1809 sicut
1858 1748 2144 1828 pleraque
2201 1747 2456 1829 stabula,
2522 1746 2717 1827 lapide
2785 1755 2882 1806 aut

586 1863 735 1919 testa
775 1855 1274 1916 substernendum
1307 1865 1415 1938 est,
1458 1874 1530 1916 ne
1571 1855 1792 1934 caprile
1830 1846 2189 1934 uliginosum
2230 1857 2325 1917 sit.
2402 1858 2539 1915 item
2578 1861 2647 1915 ut
2676 1858 2879 1931 plera-

584 1980 702 2037 que
735 1995 823 2004 —
860 1965 1169 2024 substerni
1211 1970 1449 2040 oportet
1492 1966 1753 2039 caprile,
1811 1966 2130 2038 quominus
2186 1970 2297 2023 etc.
2349 1964 2606 2023 coniecit
2653 1959 2879 2021 Heidri-

585 2068 757 2128 chius
796 2068 1137 2129 Varronian.
1176 2068 1201 2128 I
1238 2088 1296 2148 p.
1335 2066 1418 2130 36
1459 2068 1588 2130 coll.
1629 2068 1681 2129 11
1720 2065 1780 2149 5,
1816 2066 1897 2131 16
1945 2069 2017 2129 de
2070 2068 2270 2129 vitulis
2310 2072 2447 2130 item
2485 2071 2599 2144 his,
2643 2075 2712 2129 ut
2741 2067 2881 2142 fere

483 2178 488 2183 ’
590 2179 652 2236 in
692 2178 963 2237 omnibus
991 2178 1262 2254 stabulis,
1288 2179 1521 2253 lapides
1557 2178 2002 2238 substernendi.
2078 2176 2286 2236 similis
2327 2177 2698 2254 pronominis
2736 2194 2880 2236 usus

584 2285 885 2360 reperitur
932 2284 993 2342 in
1031 2283 1143 2363 his,
1190 2283 1215 2343 I
1254 2282 1295 2345 3
1334 2302 1442 2344 ars
1480 2287 1547 2344 id
1583 2302 1665 2344 an
1703 2287 1854 2359 quid
1888 2286 2076 2364 aliud,
2126 2281 2231 2360 31,
2261 2279 2302 2344 5
2343 2286 2409 2344 id
2441 2287 2593 2345 solet
2628 2286 2877 2357 vincire,

582 2386 670 2450 42
726 2393 795 2450 id
843 2393 1076 2451 seritur
1133 2393 1248 2465 ita,
1305 2389 1385 2453 111
1426 2388 1527 2470 11,
1568 2388 1602 2451 1
1653 2394 1710 2450 si
1756 2393 1822 2451 id
1864 2408 2010 2465 non,
2068 2389 2093 2449 I
2132 2387 2192 2470 2,
2231 2387 2315 2452 26
2371 2408 2559 2466 eoque
2605 2407 2880 2464 unquere

585 2515 824 2573 corpus,
870 2496 950 2556 111
996 2494 1096 2576 16,
1125 2494 1209 2558 28
1258 2515 1337 2558 ex
1384 2516 1452 2558 eo
1492 2497 1703 2572 factas
1749 2498 1906 2572 offas
1953 2500 2299 2574 adponunt;
2348 2499 2487 2557 item
2528 2499 2591 2557 in
2630 2496 2876 2557 relativo

585 2606 932 2684 pronomine
981 2604 1005 2664 1
1044 2601 1147 2686 29,
1177 2603 1217 2666 3
1266 2607 1429 2680 quod
1472 2613 1572 2688 est¹
1600 2609 1760 2666 inter
1807 2608 1957 2666 duos
1993 2609 2194 2667 sulcos
2232 2609 2396 2666 elata
2435 2612 2609 2665 terra
2649 2608 2877 2666 dicitur

576 2730 806 2793 porca,
861 2711 886 2771 I
927 2709 985 2793 8,
1017 2709 1056 2772 6
1112 2715 1277 2787 quod
1319 2716 1560 2789 antiqui
1603 2714 1907 2773 vocabant
1961 2720 2206 2793 cestum,
2263 2711 2345 2773 111
2386 2710 2442 2792 7,
2473 2710 2514 2773 2
2563 2715 2729 2787 quod
2770 2716 2877 2772 alii

587 2826 806 2880 vocant
844 2822 1246 2896 peristerona.

761 2927 1086 2987 Substerni
1120 2924 1407 3002 uirqultis
1445 2926 1791 3007 PolitianuS,
1836 2929 2274 2988 substernimus
2312 2930 2601 3002 uirqultis
2638 2927 2703 3008 A,
2739 2928 2868 2988 sub-

582 3038 778 3095 sterni
834 3037 1021 3109 qultis
1084 3032 1339 3112 plurima
1398 3034 1762 3116 apographa,
1830 3043 1889 3095 et
1955 3033 2067 3094 hoc
2134 3034 2366 3094 videtur
2431 3036 2491 3093 in
2558 3034 2869 3114 archetypo

588 3143 875 3220 scriptum
924 3141 1127 3221 fuisse,
1173 3150 1377 3219 postea
1427 3149 1766 3202 correctum
1813 3144 2129 3203 substerni
2171 3144 2467 3216 virqultis.

760 3246 958 3318 Quod
996 3254 1232 3308 tamen
1270 3246 1536 3308 habent
1571 3266 1697 3308 sua
1732 3249 2028 3327 propria
2068 3246 2444 3327 quaedam]
2485 3249 2685 3310 Habet
2721 3247 2865 3309 edita

582 3354 718 3414 inde
786 3373 816 3414 a
881 3356 1147 3434 principe
1217 3354 1476 3414 editione
1534 3355 1909 3433 exemplaria.
2004 3353 2233 3438 incluso
2299 3357 2652 3433 pronomine
2716 3357 2872 3430 quod

584 3461 872 3540 pluralem
921 3479 1252 3541 numerum,
1301 3467 1500 3522 tamen
1546 3464 1790 3537 babent,
1836 3463 2088 3521 restitui.

764 3564 799 3627 7
868 3568 915 3627 A
990 3567 1355 3646 carpendo
1431 3586 1690 3648 caprae
1767 3565 2207 3645 nominatae]
2293 3550 2454 3628 Paul.
2528 3587 2654 3628 exc.
2720 3568 2868 3629 Fest.

581 3693 636 3753 p.
677 3671 781 3754 48,
817 3671 900 3735 14
946 3676 1186 3752 Caprae
1224 3678 1443 3750 dictae,
1475 3679 1642 3752 quod
1666 3693 1839 3737 omne
1873 3678 2200 3750 virqultum
2238 3682 2517 3752 carpant.
2555 3708 2632 3718 —
2665 3675 2870 3737 deinde

584 3799 839 3858 capram
893 3790 1127 3856 natum,
1186 3782 1342 3862 quod
1400 3782 1621 3844 habent
1679 3781 2042 3864 apographa,
2100 3784 2162 3843 in
2219 3781 2536 3861 archetypo
2587 3787 2869 3864 scriptum

584 3898 743 3969 erat3
797 3908 993 3966 capra
1040 3898 1250 3951 natum
1306 3893 1366 3950 in
1412 3893 1683 3970 principe
1743 3890 2001 3951 editione
2050 3889 2375 3950 Politianus
2433 3908 2549 3950 non
2598 3894 2871 3952 correxit.

753 3993 1014 4056 Harum
1062 3998 1248 4056 enim
1298 3997 1556 4058 dentes
1606 4000 1893 4059 inimici
1931 3995 2273 4075 sationis]
2314 3995 2716 4058 Scribendum
2754 4008 2875 4060 erat

583 4104 783 4182 potius
831 4107 1065 4165 inimici
1106 4107 1357 4165 sationi:
1404 4105 1429 4165 I
1471 4103 1578 4185 13,
1610 4102 1651 4166 2
1699 4108 1916 4180 quibus
1964 4107 2201 4165 caelum
2229 4107 2499 4181 pluvium
2547 4107 2871 4181 inimicum,

581 4210 608 4269 1
645 4207 751 4292 41,
788 4210 817 4270 1
874 4228 1039 4285 aqua
1086 4216 1322 4273 recenti
1367 4216 1543 4274 insito
1593 4215 1857 4273 inimica.

767 4319 922 4378 Sunt
968 4322 1088 4380 duo
1134 4321 1321 4380 haedi
1365 4327 1424 4381 et
1468 4338 1666 4397 capra
1709 4338 1831 4380 non
1887 4324 2064 4394 lonqe
2120 4337 2158 4379 a
2215 4325 2395 4380 tauro
2451 4317 2641 4380 deleri
2696 4319 2872 4380 voluit

585 4422 839 4484 Ursinus
887 4432 1183 4506 tamquam
1233 4426 1513 4487 translata
1561 4446 1633 4487 ex
1684 4426 1735 4486 11
1777 4424 1835 4507 1,
1866 4423 1923 4487 8.
1998 4425 2159 4487 hunc
2217 4427 2411 4487 secuti
2457 4425 2759 4487 Gesnerus
2812 4434 2869 4486 et

585 4529 986 4592 Schneiderus
1033 4531 1211 4593 verba
1259 4532 1650 4595 incluserunt.
