3178 5185
538 456 668 518 214
1518 449 1889 507 VARRONIS

540 631 680 684 sunt
725 621 929 700 plures
976 623 1116 702 nati,
1167 628 1232 681 ut
1281 619 1518 699 quidam
1557 619 1800 699 faciunt,
1848 618 2218 697 sequendum
2256 624 2323 677 ut
2361 615 2646 695 quosdam
2691 614 2843 677 sub-

540 730 749 808 ducaS,
796 747 946 807 quae
994 746 1091 788 res
1138 727 1333 787 facere
1383 726 1536 787 solet
1582 734 1649 787 ut
1696 725 1914 806 reliqui
1959 724 2171 785 melius
2219 732 2508 784 crescant.

444 841 525 898 25
725 834 888 916 Vide,
933 838 1129 914 inquit
1174 836 1423 913 AtticuS,
1470 853 1546 894 ne
1592 843 1651 895 te
1698 833 1859 894 fallat
1894 842 1955 893 et
1991 851 2252 893 novenae
2290 834 2437 892 istae
2474 838 2675 910 partes
2714 849 2841 891 non

541 950 753 1004 exeant
799 949 965 1002 extra
1011 943 1246 1021 pecoris
1291 943 1541 1001 minoris
1588 960 1657 1001 ac
1704 942 1943 1001 maioris
1980 958 2215 1000 nomen.
2309 957 2425 1017 quo
2465 946 2636 1017 pacto
2675 940 2839 998 enim
2925 952 2934 959 ·

541 1058 720 1111 erunt
766 1049 828 1109 in
874 1037 1052 1110 mulis
1101 1057 1160 1108 et
1207 1048 1546 1127 pastoribus
1594 1065 1855 1108 novenae
1902 1054 2121 1125 parteS,
2169 1045 2273 1106 ubi
2319 1064 2430 1106 nec
2467 1043 2840 1108 admissurae
2909 1053 2941 1093 5

541 1174 651 1216 nec
719 1156 946 1216 feturae
1011 1152 1446 1216 observantur?
1554 1157 1618 1215 in
1686 1154 1933 1215 canibus
2000 1156 2157 1215 enim
2223 1153 2391 1213 video
2456 1170 2632 1232 posse
2699 1151 2838 1212 dici.

446 1269 527 1327 26
550 1263 653 1323 sed
713 1263 788 1323 do
835 1264 1013 1323 etiam
1058 1264 1119 1322 in
1167 1262 1508 1323 hominibus
1554 1280 1729 1340 posse
1778 1263 2161 1322 novenarium
2210 1261 2458 1321 retineri
2501 1277 2842 1339 numerum,

541 1370 698 1450 quod
765 1372 827 1430 in
892 1369 1158 1430 hibernis
1223 1369 1442 1429 habent
1507 1372 1570 1429 in
1633 1368 1788 1431 villis
1853 1368 2164 1448 muliereS,
2240 1367 2477 1446 quidam
2543 1367 2720 1426 etiam
2774 1367 2840 1425 in

541 1479 805 1557 aestiviS,
862 1485 921 1537 et
973 1477 1038 1537 id
1085 1478 1386 1555 pertinere
1434 1484 1672 1557 putant,
1729 1495 1846 1557 quo
1903 1476 2135 1536 facilius
2173 1475 2261 1535 ad
2314 1492 2524 1553 greges
2570 1480 2841 1552 pastores

542 1586 839 1645 retineant
886 1591 946 1644 et
982 1585 1301 1662 puerperio
1342 1584 1619 1645 familiam
1659 1585 1877 1645 faciant
1914 1586 2198 1644 maiorem
2235 1591 2296 1643 et
2332 1600 2459 1642 rem
2496 1582 2836 1660 pecuariam
2870 1590 2933 1630 1⁰

546 1693 1020 1752 fructuosiorem.
1116 1691 1196 1772 Si,
1242 1694 1504 1773 inquam,
1551 1711 1835 1752 numerus
1883 1710 2004 1752 non
2049 1699 2142 1751 est
2186 1699 2255 1751 ut
2302 1692 2381 1751 sit
2427 1689 2496 1750 ad
2536 1689 2836 1766 amussim,

543 1806 610 1859 ut
664 1817 783 1858 non
842 1805 959 1879 est,
1016 1817 1149 1859 cum
1213 1799 1467 1859 dicimus
1523 1798 1682 1859 mille
1741 1817 1917 1863 naves
1965 1800 2083 1858 isse
2131 1798 2202 1858 ad
2251 1796 2518 1877 Troiam,
2574 1796 2836 1855 centum-

544 1903 724 1974 virale
782 1922 912 1964 esse
969 1905 1256 1965 iudicium
1312 1906 1551 1980 Romae.
1644 1923 1827 1985 quare
1886 1905 2083 1984 deme,
2139 1906 2192 1965 si
2246 1905 2360 1983 viS,
2416 1904 2566 1964 duas
2621 1921 2718 1963 res
2764 1902 2837 1962 de

448 2018 527 2075 27
552 2011 748 2092 muliS,
777 2012 1163 2073 admissuram
1194 2021 1254 2073 et
1274 2021 1596 2092 parturam.
1653 2012 1920 2093 VacciuS,
1949 2007 2309 2072 Parturam‘?
2343 2012 2559 2090 inquit,
2587 2009 2837 2088 proinde

545 2128 611 2181 ut
659 2137 778 2179 non
826 2120 1182 2198 aliquotiens
1231 2120 1464 2181 dicatur
1510 2119 1730 2180 Romae
1777 2121 2083 2199 peperisse
2131 2118 2366 2180 mulam.
2459 2117 2569 2177 Cui
2616 2135 2724 2195 ego
2772 2124 2840 2177 ut
2867 2122 2925 2164 15

544 2228 944 2306 succinerem,
1010 2227 1238 2287 subicio
1304 2228 1613 2306 Magonem
1669 2236 1728 2287 et
1794 2227 2137 2307 Dionysium
2204 2225 2499 2304 scribere,
2565 2224 2724 2285 mula
2780 2231 2840 2283 et

543 2353 694 2413 equa
742 2353 877 2395 cum
926 2337 1335 2416 conceperint,
1383 2335 1735 2395 duodecimo
1782 2352 1988 2395 mense
2035 2352 2262 2413 parere.
2356 2350 2539 2411 quare
2586 2349 2733 2411 non,
2791 2332 2842 2391 si

542 2442 640 2501 hic
697 2443 758 2500 in
816 2440 979 2501 Italia
1040 2460 1173 2502 cum
1230 2444 1464 2520 peperit
1519 2442 1677 2503 mula
1735 2443 1813 2502 sit
1866 2450 2237 2523 portentum,
2293 2440 2579 2500 adsentiri
2634 2456 2839 2499 omnes

545 2555 755 2608 terras.
839 2567 1033 2628 neque
1073 2551 1231 2610 enim
1270 2549 1626 2610 hirundines
1664 2559 1724 2612 et
1761 2551 2043 2629 ciconiae,
2091 2566 2241 2628 quae
2279 2549 2341 2608 in
2379 2546 2542 2608 Italia
2581 2547 2842 2626 pariunt,

540 2657 601 2715 in
651 2655 928 2715 omnibus
976 2659 1154 2716 terris
1201 2659 1457 2736 pariunt.
1549 2675 1669 2717 non
1718 2659 1884 2718 scitis
1931 2655 2218 2736 palmulas
2257 2638 2530 2715 careotas
2562 2657 2626 2714 in
2666 2652 2837 2713 Suria
2868 2657 2922 2698 ²0

452 2765 533 2822 28
556 2779 766 2839 parere
826 2760 916 2839 [in
972 2763 1194 2844 iureaJ,
1249 2766 1310 2823 in
1356 2763 1520 2824 Italia
1576 2782 1696 2824 non
1747 2761 1966 2842 posse‘?
2049 2762 2173 2823 'Sed
2224 2762 2446 2841 Scrofa,
2494 2761 2558 2821 Si
2606 2761 2840 2838 exigere

694 2921 758 2970 16
798 2914 1014 2971 subicio
1051 2916 1354 2988 Magonem
1395 2917 1599 2973 Colum.
1646 2917 1736 2971 VI
1770 2921 1857 2986 37,
1897 2923 1933 2972 3

692 3066 718 3113 1
758 3059 970 3115 fatiunt
1004 3059 1062 3113 A
1205 3058 1449 3114 subduas
1487 3060 1544 3116 A
1882 3080 1894 3091 ·

690 3155 721 3202 3
760 3146 943 3216 inquit
988 3146 1098 3200 VB
1136 3146 1333 3215 inquid
1369 3146 1424 3200 A
1568 3148 1755 3219 fallat]
1799 3148 1994 3202 stallat
2029 3147 2086 3203 A
2190 3165 2372 3202 nouae
2405 3163 2477 3202 ne
2515 3146 2655 3201 istae
2682 3147 2740 3201 B

549 3242 580 3291 5
620 3239 782 3291 erunt
807 3254 839 3291 v
876 3237 1064 3290 ferunt
1095 3237 1275 3290 PAB
1421 3243 1454 3290 6
1490 3236 1744 3291 foeturae
1784 3236 1836 3289 V
1973 3235 2034 3290 in
2072 3236 2301 3291 canibus
2315 3260 2322 3275 κ
2338 3235 2485 3290 enim
2525 3233 2695 3290 uideo
2728 3236 2842 3289 PA

547 3327 606 3381 in
655 3324 886 3380 canibus
932 3323 1096 3379 uideo
1145 3324 1241 3379 Bv
1424 3332 1454 3380 7
1510 3324 1743 3380 retineri
1789 3327 2084 3380 Iucundus
2129 3325 2369 3381 retinere
2419 3323 2597 3379 VAB
2701 3352 2704 3355 ·
2779 3330 2843 3379 10

548 3416 761 3470 faciant
795 3432 829 3470 v
881 3413 1100 3469 faciunt
1136 3414 1313 3470 PAB
1461 3422 1524 3470 11
1575 3415 1623 3468 si
1666 3414 1893 3484 inquam
1944 3415 2119 3469 VAm
2165 3415 2250 3469 sin
2287 3414 2516 3484 inquam
2553 3417 2608 3469 B
2647 3416 2727 3470 sic
2765 3415 2844 3469 in-

549 3522 715 3574 quam
765 3504 1000 3559 Ursinus
1029 3546 1040 3558 .
1070 3505 1301 3571 fortasse
1336 3504 1433 3559 sed
1469 3502 1702 3572 inquam
1848 3510 1914 3558 13
1950 3502 2212 3558 iuditium
2252 3504 2308 3560 A
2454 3512 2520 3560 14
2556 3506 2844 3574 parturam

539 3595 734 3664 priore
780 3595 893 3649 loco
931 3593 1110 3648 PAB
1156 3593 1471 3663 parituram
1507 3610 1541 3648 v
1686 3593 1911 3648 uaccius
1950 3593 2063 3648 PB
2105 3610 2279 3648 uacca.
2314 3592 2402 3649 ius
2439 3595 2493 3648 A
2531 3594 2758 3648 enacius
2794 3612 2846 3649 m

550 3682 781 3739 Vactius
830 3700 862 3737 v
1043 3685 1333 3752 part-uram
1379 3684 1680 3752 posteriore
1726 3684 1838 3738 loco
1880 3682 1937 3735 P
1978 3685 2265 3752 pasturam
2300 3683 2422 3739 AB
2467 3683 2778 3753 parituram
2813 3702 2846 3739 v

758 3772 946 3842 inquit
994 3772 1105 3825 VB
1143 3770 1337 3840 inquid
1374 3772 1428 3825 A
1645 3777 1711 3826 16
1751 3768 1964 3825 subicio
2000 3789 2055 3826 m
2091 3770 2312 3843 subigio
2351 3773 2405 3826 A
2442 3771 2686 3844 subiigio
2728 3774 2845 3828 PB

552 3861 788 3925 subiicio
825 3879 859 3917 v
985 3859 1286 3915 dionisium
1315 3861 1370 3914 A
1497 3859 1651 3915 mula
1687 3860 1746 3915 et
1782 3877 1926 3927 equa
1954 3860 2132 3915 PAB
2170 3862 2380 3915 mulam
2417 3863 2476 3916 et
2514 3878 2715 3932 equam
2752 3880 2847 3918 mv

698 3957 763 4005 17
812 3968 936 4005 cum
986 3950 1367 4022 conceperint]
1406 3966 1510 4005 con
1546 3950 1905 4020 conceperint
1940 3952 1994 4003 A
2144 3956 2208 4004 19
2257 3950 2504 4005 ciconiae
2541 3951 2663 4006 AB
2702 3952 2845 4008 cico-

552 4057 692 4095 neae
738 4039 790 4093 V
946 4054 1090 4106 quae
1138 4039 1246 4093 Vm
1286 4039 1380 4106 qui
1417 4038 1538 4092 AB
1701 4044 1770 4094 20
1806 4038 2125 4095 hominibus
2163 4056 2300 4095 corr.
2342 4039 2599 4095 omnibus
2636 4041 2693 4097 A

555 4125 676 4219 scitis
728 4163 784 4219 A
926 4163 1206 4233 palmulas
1251 4165 1316 4218 in
1360 4166 1608 4234 maryine
1653 4163 1708 4217 A
1854 4165 2107 4219 careotas
2158 4164 2341 4217 PAB
2388 4166 2627 4221 cariotas
2671 4185 2706 4222 v

552 4252 613 4308 in
651 4252 802 4323 syria
827 4254 1116 4309 Iucundus
1155 4253 1358 4323 syriam
1399 4252 1578 4308 VAB
1686 4259 1753 4308 21
1790 4253 1850 4308 in
1885 4253 2043 4308 iurea
2080 4255 2239 4324 (corr.
2270 4255 2328 4308 in
2354 4254 2522 4310 iudea
2548 4255 2626 4324 A)
2654 4254 2715 4310 in
2742 4257 2849 4312 ita.-

553 4394 634 4449 lia
669 4393 790 4449 AB
813 4342 1067 4451 ‘ididggaa
1083 4393 1143 4449 in
1180 4394 1342 4451 italia
1379 4396 1436 4449 P
1463 4396 1524 4449 in
1558 4394 1727 4450 iudea
1763 4395 1824 4450 in
1858 4395 2023 4451 italia
2058 4414 2112 4452 m
2147 4397 2401 4452 innectas
2442 4398 2499 4452 in
2521 4396 2744 4452 italiam
2770 4417 2803 4455 v
2833 4439 2846 4454 .

557 4483 643 4537 ‘ln
680 4484 911 4551 Iudaea,
958 4485 1018 4538 in
1056 4483 1224 4538 Italia
1270 4501 1380 4538 non
1426 4500 1608 4553 posse.
1695 4484 1858 4540 Vetus
1904 4486 2086 4552 lectio,
2132 4486 2195 4540 In
2243 4485 2423 4555 ini-ea,
2472 4489 2747 4558 castiqaui
2782 4505 2849 4544 ex

558 4573 785 4645 inqenio
794 4613 811 4641 ,
847 4589 959 4628 rem
994 4574 1172 4642 vlpsam
1207 4578 1435 4642 secutuS,
1471 4573 1535 4628 In
1572 4573 1800 4630 Iudaea’
1873 4574 2147 4632 Victorius

2991 643 3022 666 9
