3178 5185
597 372 722 437 168
1579 368 1950 424 VARRONIS

593 557 712 600 non
770 547 888 599 tam
943 536 1090 598 latas
1145 537 1390 618 habent,
1457 544 1525 597 ut
1577 539 1640 597 in
1696 537 1905 615 Apulia
1961 546 2022 598 et
2074 538 2134 598 id
2191 556 2380 616 genus
2436 539 2720 620 praediiS,
2777 558 2889 618 per

564 652 856 706 *sartores
911 662 1121 705 occare
1178 642 1398 725 solent,
1455 646 1659 723 siquae
1707 647 1769 704 in
1814 645 2013 723 porcis
2061 643 2302 705 relictae
2349 646 2698 724 grandiores
2745 653 2890 706 sunt

544 752 858 832 3glaebae.
952 769 1067 830 qua
1124 758 1387 811 aratrum
1440 769 1679 813 vomere
1734 751 2004 812 lacunam
2061 752 2268 811 striam
2314 752 2479 833 fecit,
2537 752 2742 813 sulcus
2787 772 2885 813 vo-

594 867 779 921 catur.
872 859 1029 937 quod
1070 865 1162 918 est
1199 859 1355 919 inter
1393 858 1544 919 duos
1583 858 1780 919 sulcos
1817 857 1966 919 elata
2004 864 2182 938 terra,
2222 858 2442 919 dicitur
2479 878 2679 941 porca,
2727 859 2886 938 quod

594 985 661 1027 ea
721 983 891 1044 seges
954 965 1320 1026 frumentum
1380 967 1648 1045 porricit.
1742 967 1827 1026 sic
1893 984 2130 1045 quoque
2196 972 2328 1026 exta
2394 967 2520 1027 deis
2585 985 2722 1027 cum
2788 944 2885 1027 da-

594 1073 764 1154 bant,
811 1073 1113 1151 porricere
1162 1070 1453 1133 dicebant.

393 1179 580 1239 ‘XXX
779 1179 1054 1239 Secundo
1101 1178 1409 1239 intervallo
1452 1181 1609 1239 inter
1647 1196 1893 1238 vernum
1933 1180 2371 1257 aequinoctium
2411 1187 2471 1240 et
2507 1180 2886 1259 vergiliarum

598 1294 871 1347 exortum
916 1286 1061 1347 haec
1108 1287 1255 1347 fieri.
1348 1295 1580 1365 segetes
1628 1287 1903 1366 runcari,
1950 1285 2195 1346 herbam
2242 1305 2274 1346 e
2322 1285 2623 1366 segetibus
2671 1306 2886 1366 expur-

599 1395 743 1473 gari,
789 1393 969 1453 boves
1008 1400 1228 1454 terram
1264 1394 1669 1474 proscindere,
1709 1393 1948 1454 salicem
1987 1393 2170 1472 caedi,
2205 1401 2374 1472 prata
2412 1393 2665 1455 defendi.
2737 1413 2887 1473 quae

599 1503 908 1579 superiore
956 1507 1222 1580 tempore
1269 1502 1400 1562 fieri
1438 1503 1772 1580 oportuerit
1809 1508 1869 1560 et
1908 1519 2023 1561 non
2062 1508 2203 1561 sunt
2231 1500 2523 1580 absoluta,
2569 1508 2887 1580 antequam

598 1625 859 1686 gemmas
913 1616 1088 1686 agant
1142 1627 1208 1670 ac
1264 1608 1582 1668 florescere
1639 1610 1951 1688 incipiant,
2006 1608 2160 1689 fieri,
2220 1609 2405 1689 quod,
2452 1611 2504 1668 si
2551 1627 2701 1687 quae
2749 1608 2887 1669 folia

598 1718 835 1776 mittere
874 1716 1066 1777 solent
1103 1723 1237 1777 ante
1275 1714 1551 1775 frondere
1589 1715 1963 1795 inceperunt,
1999 1717 2198 1775 statim
2228 1716 2299 1776 ad
2330 1715 2649 1776 serendum
2676 1716 2888 1777 idonea

599 1841 717 1883 non
765 1831 919 1884 sunt.
1013 1821 1200 1883 oleam
1249 1824 1369 1882 seri
1416 1823 1889 1902 interputarique
1937 1829 2189 1901 oportet.

395 1926 579 1987 XXXI
638 1998 643 2003 .
777 1929 977 1990 Tertio
1018 1929 1325 1991 intervallo
1363 1931 1520 1989 inter
1558 1929 1937 2009 vergiliarum
1975 1938 2246 1990 exortum
2286 1937 2346 1990 et
2383 1929 2703 1991 solstitium
2740 1930 2887 1991 haec

597 2038 726 2096 fieri
782 2036 1016 2098 debent.
1109 2039 1308 2098 vineas
1364 2036 1624 2097 novellas
1678 2035 1889 2123 fodere·
1938 2043 2039 2097 aut
2085 2055 2253 2098 arare
2301 2045 2360 2098 et
2404 2044 2610 2117 postea
2658 2056 2885 2118 occare,

739 2260 772 2308 3
820 2271 931 2323 qua
977 2254 1226 2310 aratrum
1272 2253 1419 2309 Non.
1463 2269 1521 2322 p.
1562 2257 1661 2321 61,
1699 2257 1770 2308 17
1913 2260 1948 2309 4
1994 2255 2145 2323 quod
2192 2255 2280 2309 est
2324 2253 2470 2310 inter
2516 2254 2655 2309 duos
2704 2252 2886 2310 sulcos

597 2341 748 2399 Fest.
774 2361 836 2413 p.
873 2348 1003 2411 238,
1040 2348 1076 2400 7

740 2438 805 2488 15
853 2433 911 2487 et
943 2435 1144 2502 postea.
1180 2449 1374 2488 occare
1410 2433 1559 2489 Non.
1593 2448 1650 2501 p.
1691 2437 1782 2499 61,
1817 2436 1894 2488 24

741 2645 769 2694 1
817 2638 1063 2709 praediis
1099 2639 1219 2695 AB
1264 2637 1483 2709 praedii
1530 2639 1584 2694 V
1733 2646 1764 2693 2
1812 2640 2052 2693 sartores
2092 2637 2277 2693 PAB
2322 2654 2457 2693 corr.
2507 2639 2768 2694 saritores
2807 2640 2888 2693 ΑΞ

596 2732 810 2784 satores
847 2746 879 2783 v
1040 2735 1071 2783 3
1119 2728 1319 2797 glebae
1368 2728 1422 2783 V
1565 2727 1706 2781 fecit
1753 2727 1932 2782 VAB
1976 2725 2112 2780 facit
2147 2727 2371 2781 Nonius
2406 2744 2467 2795 p.
2509 2732 2597 2794 61,
2633 2733 2709 2782 18
2853 2734 2885 2781 5

594 2817 828 2889 porricit
883 2818 1160 2873 Victorias
1215 2823 1266 2871 et
1318 2818 1383 2871 i‘n
1437 2818 1684 2887 marqine
1732 2817 1788 2870 P
1827 2814 2068 2885 porrigit
2112 2815 2297 2869 PAB
2342 2831 2478 2872 corr.
2525 2817 2761 2885 porricit
2804 2815 2885 2870 A²

593 2906 850 2977 porrigat
876 2924 908 2961 v
1053 2913 1085 2960 6
1123 2905 1408 2977 porrigere
1449 2905 1629 2960 VAB
1667 2921 1804 2961 corr.
1844 2905 2120 2974 porricere
2150 2902 2232 2958 A2
2260 2902 2305 2958 c’
2344 2906 2621 2974 porricere
2649 2906 2713 2959 in
2740 2924 2885 2961 mar-

591 2998 719 3068 yine
756 2997 1050 3065 adscripsit
1089 2996 1146 3049 P
1171 3038 1183 3051 .
1219 2996 1396 3049 ‘Exta
1432 2993 1563 3049 Deis
1601 3011 1727 3049 cum
1765 2994 1992 3062 dabant,
2030 2993 2307 3062 porricere
2347 2994 2611 3049 dicebant
2641 3036 2653 3048 .
2683 2995 2782 3050 Sic
2820 3012 2885 3050 ex

593 3087 816 3157 inqenio
863 3087 1149 3140 emendaui
1187 3106 1200 3139 ε
1239 3089 1403 3139 antea
1448 3085 1593 3139 enim
1646 3083 1959 3153 Porriyere,
2006 3088 2256 3152 corrupte
2302 3084 2575 3153 leqebatur
2613 3125 2625 3137 .
2676 3083 2885 3139 Veteres

595 3181 774 3231 autem
812 3175 1073 3230 librarios
1107 3174 1207 3227 has
1245 3174 1432 3227 literas
1468 3177 1798 3227 commutare
1831 3173 2043 3239 solitos,
2080 3172 2429 3239 manifestum
2465 3178 2542 3228 est
2572 3215 2583 3226 .
2614 3174 2886 3228 adnotaui

594 3267 655 3319 i‘n
703 3266 904 3334 optimo
951 3263 1249 3331 exemplari
1295 3261 1521 3329 GrateS,
1568 3268 1620 3317 et
1665 3261 2010 3331 Alagriores‚
2054 3278 2158 3330 pro
2207 3259 2420 3329 Grates,
2466 3266 2516 3316 et
2551 3261 2883 3329 AlacrioreS,

2917 1516 2969 1554 10

2915 2047 2964 2088 15

592 3355 856 3423 scriptum
895 3369 1028 3407 esse.-
1065 3357 1114 3407 et
1151 3356 1344 3406 eontra
1382 3350 1656 3420 Virculta‚
1693 3357 1742 3406 et
1777 3350 2020 3420 Fricora,
2050 3367 2157 3419 pro
2205 3350 2479 3421 Viryulta,
2516 3356 2566 3406 et
2603 3351 2879 3422 Friqora’
2969 3397 2972 3398 ν

604 3442 881 3498 Victorius

738 3537 770 3586 8
808 3532 948 3586 haec
983 3531 1105 3585 fieri
1140 3530 1263 3586 AB
1308 3530 1582 3585 Victorius
1617 3530 1758 3585 haec
1794 3530 1915 3585 fieri
1953 3529 2160 3584 debent
2199 3530 2252 3583 V
2388 3529 2618 3584 herbam
2657 3545 2687 3583 e
2725 3547 2883 3600 sege-

593 3621 744 3675 tibus
802 3618 1100 3690 expurgari
1156 3620 1348 3674 delevit
1412 3619 1645 3675 Ursinus
1675 3662 1686 3673 .
1715 3621 1946 3687 fortasse
1998 3618 2060 3672 id.
2115 3620 2203 3672 est
2246 3617 2477 3672 herbam
2523 3634 2633 3687 sqq.
2820 3624 2885 3674 10

593 3709 905 3780 oportuerit
935 3710 1117 3763 PAB
1155 3709 1478 3778 oportuerat
1504 3726 1535 3764 v
1683 3715 1746 3762 11
1791 3707 1984 3773 ‘Quod
2022 3705 2071 3761 si
2109 3722 2251 3775 quae
2289 3705 2427 3761 folia
2454 3706 2715 3762 amittere
2747 3750 2758 3761 .
2789 3708 2884 3762 Ita

593 3789 768 3854 locum
804 3799 1038 3867 restitui,
1077 3804 1231 3865 recte,
1266 3803 1329 3852 ut
1355 3799 1586 3867 opinor:
1607 3804 1672 3853 ut
1698 3804 1877 3853 autem
1904 3797 2130 3874 facilius
2156 3796 2404 3850 iudicari
2420 3797 2618 3864 possit,
2654 3802 2884 3852 ueterem

593 3889 899 3954 lectionem,
941 3889 1171 3942 multum
1208 3905 1244 3942 a
1272 3889 1612 3959 perualqata
1648 3888 2069 3956 discrepantem,
2105 3887 2381 3954 adponam
2412 3906 2424 3938 ε
2456 3883 2614 3949 Quod
2652 3886 2700 3939 si
2740 3902 2882 3954 quae

592 3977 730 4032 folia.
764 3976 989 4032 mittere
1028 3977 1210 4032 solent
1238 3978 1370 4032 ante
1396 3976 1657 4032 frondere
1686 3976 2002 4052 inciperunt
2031 3976 2223 4028 statim
2253 3974 2324 4027 ad
2354 3972 2651 4028 serendum
2678 3974 2884 4029 idonea

593 4082 706 4120 non
770 4067 901 4121 sunt
930 4108 943 4121 .
976 4067 1228 4121 Primam
1279 4067 1549 4136 syllabam
1605 4067 1892 4133 indefinito
1947 4066 2175 4133 tempori
2221 4064 2529 4119 addendam
2574 4065 2788 4130 censui,
2836 4069 2884 4117 et

584 4171 692 4225 pro
730 4155 970 4222 Mittere,
1008 4154 1273 4211 Amittere
1307 4156 1651 4210 scribendum
1667 4156 1682 4180 ’
1727 4154 2001 4209 Victorius
2183 4158 2247 4207 12
2286 4152 2614 4222 inceperunt
2650 4153 2709 4208 B
2743 4152 2880 4207 inci-

591 4245 795 4312 perunt
822 4244 935 4298 PA
959 4244 1322 4314 incoeperint
1356 4260 1389 4298 v

739 4339 806 4386 14
841 4332 1017 4388 tercio
1055 4333 1112 4388 A
1282 4331 1620 4401 ‘uergilirum
1657 4330 1713 4385 A
1896 4331 2206 4386 solsticium
2246 4332 2303 4386 B
2485 4334 2551 4384 15
2590 4333 2649 4384 et
2683 4333 2884 4401 postea.

596 4437 790 4475 occare
827 4421 886 4475 id
923 4423 1007 4477 est
1044 4422 1422 4477 comminuere
1450 4421 1675 4475 Nonius
1700 4438 1761 4490 p.
1794 4426 1885 4487 61,
1922 4425 1999 4477 25
2039 4423 2096 4475 et
2131 4420 2330 4490 postea
2368 4436 2562 4474 occare
2602 4421 2660 4473 et
2687 4422 2884 4489 postea

596 4510 969 4566 comminuere
1011 4510 1193 4566 PAB
1230 4512 1288 4566 et
1322 4511 1520 4580 postea
1557 4526 1750 4566 occa-re
1790 4513 1849 4565 et
1881 4509 2080 4565 deinde
2119 4509 2494 4564 comminuere
2529 4525 2561 4563 v
