3178 5185
599 404 683 469 58
1283 413 1666 470 COMMENT.
1704 415 1784 469 IN
1821 413 2197 471 VARRONIS

596 575 821 644 suqant
865 587 1209 644 mammam,
1254 566 1315 651 4,
1358 566 1439 630 18
1489 573 1550 630 in
1597 588 1713 645 quo
1763 573 1915 631 illud
1959 572 2444 645 antiquissimum
2498 569 2700 646 fuisse
2749 573 2910 632 scri·

599 678 781 758 bitur,
818 675 897 735 ΙΙΙ
929 674 1027 759 16,
1058 674 1139 738 27
1180 675 1246 737 in
1284 695 1400 752 quo
1439 681 1764 752 diliqenter
1801 679 2085 738 habenda
2124 695 2297 739 cura.
2347 676 2613 737 eiusdem
2657 680 2910 757 generis

598 783 862 864 exempla
902 803 972 844 ex
1019 783 1185 844 libris
1233 782 1304 843 de
1353 783 1552 861 lingua
1600 783 1776 844 latina
1816 783 1987 844 ‘dedit
2027 782 2086 844 L.
2129 783 2481 863 Spengelius
2529 786 2590 844 in
2631 785 2908 846 editione

595 909 645 951 a.
688 887 859 953 1885
903 893 1087 971 praef.
1134 910 1189 970 p.
1231 889 1449 951 LXVII.

771 995 816 1059 4
863 998 994 1069 Qui
1044 998 1321 1058 litteris
1369 997 1607 1076 aliqua
1646 1000 1794 1058 sint
1830 998 2280 1059 humanitate
2321 995 2600 1075 imbuti]
2643 999 2909 1060 Litteris

596 1105 886 1184 glossema
943 1123 1073 1165 esse
1124 1104 1385 1182 Scaliger
1442 1103 1768 1185 adnotavit,
1817 1107 2095 1183 quoniam
2152 1104 2383 1167 litterae
2441 1114 2500 1166 et
2555 1106 2909 1167 humanitas

596 1211 753 1272 idem
792 1218 965 1272 esset.
1032 1214 1255 1271 rectius
1292 1211 1596 1271 Iucundus
1634 1215 1742 1286 qui
1777 1215 1968 1272 literis
2004 1215 2127 1283 sint
2163 1219 2224 1273 et
2259 1215 2467 1287 aliqua
2514 1215 2910 1273 humanitate

597 1319 685 1378 vel
751 1317 1152 1379 Schneiderus
1217 1322 1326 1393 qui
1387 1321 1582 1378 literis
1646 1325 1705 1378 et
1769 1321 1978 1394 aliqua
2042 1322 2163 1379 sint
2227 1320 2604 1380 humanitate
2668 1322 2910 1380 imbuti.

597 1444 730 1485 nam
771 1425 986 1486 litteris
1024 1423 1289 1485 imbutus
1328 1432 1419 1484 est
1457 1426 1560 1503 qui
1591 1423 1892 1485 scribendi
1929 1423 2283 1504 legendique
2314 1425 2653 1486 facultatem
2689 1425 2905 1486 habet:

598 1531 821 1592 Colum.
860 1532 884 1590 Ι
925 1529 982 1614 8,
1019 1530 1063 1593 4
1120 1539 1320 1609 potest
1381 1534 1561 1592 etiam
1630 1534 2022 1606 inlitteratus,
2085 1535 2400 1593 dummodo
2466 1536 2907 1594 tenacissimae

584 1642 946 1719 memoriae,
993 1657 1122 1699 rem
1167 1642 1317 1700 satis
1364 1641 1672 1700 commode
1729 1641 2181 1700 administrare.
2274 1641 2472 1718 itaque
2521 1641 2751 1718 scripsi
2801 1644 2911 1715 qui

593 1749 810 1806 litteris
858 1752 1041 1820 atque
1087 1749 1297 1820 aliqua
1335 1749 1455 1806 sint
1491 1747 1871 1806 humanitate
1911 1747 2137 1821 imbuti,
2177 1747 2333 1807 sicut
2371 1755 2575 1825 postea
2615 1744 2657 1807 6
2699 1751 2906 1808 minus

592 1873 657 1913 se
691 1858 918 1929 putant
965 1856 1198 1931 despici
1226 1853 1424 1927 ‘atque
1471 1856 1676 1927 aliquo
1724 1870 1976 1912 numero
2022 1853 2256 1912 haberi.

772 1959 1092 2020 Facilius
1140 1961 1323 2019 enim
1382 1961 1432 2018 ii
1482 1977 1684 2038 quam
1740 1960 2014 2018 minore
2072 1967 2239 2018 natu
2299 1968 2465 2021 sunt
2519 1959 2723 2021 dicto
2785 1981 2903 2022 au-

593 2065 904 2143 dientes]
962 2069 1234 2127 Facilius
1299 2069 1456 2127 enim
1521 2067 1616 2126 his
1671 2083 1852 2141 quam
1905 2068 2243 2126 minoribus
2310 2074 2458 2127 natu
2524 2071 2689 2129 dicto
2760 2077 2906 2129 sunt

592 2177 909 2235 audientes
955 2172 1276 2233 IucunduS.
1350 2172 1666 2232 lectionem
1715 2171 2045 2252 archetypi,
2094 2190 2269 2251 quain
2318 2173 2614 2234 Victorius
2672 2176 2901 2236 indica·

593 2288 782 2361 verat,
829 2282 909 2340 ita
967 2279 1232 2340 defendit
1281 2279 1572 2361 Scaliger,
1621 2287 1686 2339 ut
1743 2278 1938 2340 dativo
1986 2297 2126 2339 casu
2177 2283 2223 2339 ii
2274 2299 2383 2358 pro
2431 2284 2490 2341 ei
2542 2290 2603 2342 et
2657 2286 2904 2344 minore

592 2395 740 2447 natu
786 2403 896 2465 pro
945 2382 1031 2445 ‘ei
1081 2389 1182 2465 qui
1230 2397 1322 2447 est
1370 2388 1599 2446 minore
1647 2381 1822 2446 natu'
1872 2384 2096 2445 dictum
2155 2395 2329 2447 esset.
2419 2387 2675 2463 facilius
2736 2393 2901 2450 enim

593 2497 642 2553 ii
683 2511 864 2568 quam
910 2496 1172 2554 minores
1219 2500 1368 2553 natu
1408 2496 1569 2554 dicto
1608 2499 1750 2553 sunt
1795 2496 2110 2554 audientes
2148 2492 2479 2554 Pontedera
2516 2514 2571 2573 p.
2607 2493 2739 2558 108
2786 2495 2898 2556 hac

597 2601 792 2661 addita
830 2602 1339 2681 interpretatione,
1383 2596 1779 2679 ‘praecipitur
1817 2602 1976 2660 enim
2015 2603 2116 2678 qui
2159 2608 2349 2662 aetate
2396 2611 2700 2681 praestant
2750 2605 2896 2665 saci·

597 2708 711 2768 lius
759 2726 936 2787 quam
983 2710 1249 2767 iuniores
1297 2707 1534 2767 domino
1583 2725 1715 2767 esse
1764 2706 1920 2767 dicto
1969 2705 2329 2768 audientes'.
2412 2728 2530 2770 non
2577 2709 2649 2769 de
2700 2710 2898 2771 vilicis

595 2816 697 2894 qui
745 2814 1001 2896 domino,
1041 2812 1142 2874 sed
1195 2814 1266 2873 de
1314 2815 1602 2893 operariis
1641 2815 1744 2892 qui
1782 2813 1951 2873 vilico
1999 2812 2156 2874 dicto
2206 2814 2513 2876 audientes
2562 2824 2704 2877 sunt
2742 2817 2895 2878 haec

591 2923 854 3000 praecipi
912 2921 1059 2981 disci
1115 2927 1348 2998 poterat
1404 2939 1435 2980 a
1496 2920 1843 3001 Columella,
1901 2922 2003 2998 qui
2060 2921 2134 2981 de
2196 2920 2364 2981 vilico
2423 2923 2630 2983 scribit
2684 2921 2818 3006 18,
2856 2923 2898 2987 3

592 3032 833 3104 iamque
882 3032 931 3089 is
979 3031 1431 3089 transcenderit
1472 3034 1732 3088 aetatem
1773 3031 2015 3104 primae
2053 3031 2333 3089 iuventae
2378 3032 2635 3090 necdum
2680 3049 2894 3094 senec-

590 3140 733 3196 tutis
788 3138 1087 3211 attiyerit,
1144 3137 1249 3195 illa
1315 3153 1392 3195 ne
1455 3137 1515 3195 ei
1578 3136 2007 3194 auctoritatem
2065 3136 2357 3196 detrahat
2411 3138 2498 3196 ad
2550 3125 2893 3212 imperium,

590 3260 727 3304 cum
773 3244 1035 3303 maiores
1102 3245 1510 3317 dediqnentur
1555 3260 1789 3318 parere
1845 3244 2324 3316 adulescentum,
2380 3244 2535 3303 haec
2588 3262 2666 3304 ne
2721 3246 2895 3307 labo-

589 3352 918 3409 riosissimo
963 3350 1322 3410 succumbat
1357 3351 1543 3424 operi.
1611 3365 1795 3426 qnare
1835 3349 2049 3426 scripsi
2082 3345 2340 3422 facilius
2379 3351 2536 3409 enim
2575 3352 2667 3424 iis,
2706 3369 2894 3426 quam

590 3456 699 3527 qui
740 3456 973 3516 minore
1008 3461 1177 3535 natu,
1215 3460 1356 3515 sunt
1403 3458 1564 3516 dicto
1605 3457 1921 3515 audientes
1966 3472 2076 3533 pro
2115 3472 2185 3513 eo
2226 3454 2562 3533 quodolim
2607 3455 2890 3518 dederam

584 3560 838 3636 facilius
885 3564 1043 3622 enim
1080 3565 1142 3622 ei
1183 3579 1364 3636 quam
1402 3564 1628 3622 minori
1663 3568 1829 3622 natu.
1900 3579 2033 3621 nam
2071 3563 2306 3622 minore
2342 3569 2491 3623 natu
2531 3581 2650 3623 non
2691 3566 2891 3625 minus

590 3676 755 3727 recte
795 3667 1015 3727 dicitur
1053 3686 1228 3746 quam
1267 3671 1466 3729 minor
1503 3676 1673 3745 natu,
1712 3667 1784 3727 de
1825 3670 1942 3746 {luo
1981 3674 2116 3746 post
2156 3667 2521 3747 Scaligerum
2553 3668 2891 3731 Gronovius

587 3777 650 3835 in
708 3773 871 3834 Suet.
918 3773 1065 3852 Aug.
1113 3794 1160 3835 c.
1203 3771 1288 3836 53
1335 3775 1500 3835 dixit.
1596 3794 1790 3855 neque
1848 3783 2043 3834 tamen
2103 3774 2389 3836 ablativus
2445 3779 2684 3838 minore
2740 3786 2888 3839 natu

588 3882 714 3940 sine
767 3883 1001 3940 nomine
1051 3881 1140 3940 vel
1188 3884 1537 3960 pronomine
1577 3901 1686 3960 pro
1726 3881 1923 3942 dativo
1962 3883 2105 3960 poni
2151 3891 2401 3961 poterat,
2442 3888 2502 3941 et
2541 3885 2738 3961 aptior
2774 3884 2888 3945 hoc

587 3986 716 4046 loco
764 3986 1009 4065 pluralis
1048 4006 1334 4049 numerus
1373 4007 1548 4067 quam
1589 3988 1923 4067 singularis,
1997 4007 2129 4048 nam
2170 3988 2238 4049 ad
2281 3988 2645 4067 singularem
2683 3999 2885 4070 postea

588 4095 876 4155 transitus
924 4094 1114 4155 sactus
1163 4101 1269 4176 est,
1317 4102 1384 4155 ut
1422 4093 1755 4170 facientem
1805 4098 2089 4155 imitetur.

770 4199 906 4260 Eos
960 4218 1300 4280 praeesse
1358 4200 1677 4280 oportet]
1737 4203 2031 4278 Oportere
2079 4202 2314 4279 scripsi.
2390 4220 2525 4261 nam
2574 4220 2698 4263 non
2749 4204 2883 4264 Var-

587 4308 751 4366 ronis
796 4307 941 4367 haec
997 4309 1313 4387 praecepta
1373 4318 1539 4388 sunt,
1599 4308 1701 4368 sed
1751 4306 1939 4368 Cassii
1986 4326 2057 4367 ex
2111 4307 2269 4368 illius
2318 4307 2485 4367 libris
2543 4327 2575 4368 a
2625 4309 2886 4372 Varrone

591 4415 862 4495 repetita,
910 4415 1067 4474 sicut
1114 4432 1180 4473 ea
1229 4433 1378 4493 quae
1428 4413 1501 4473 de
1550 4412 1756 4474 eadem
1793 4432 1860 4474 re
1900 4415 2119 4492 scripta
2161 4415 2330 4475 erant
2367 4422 2537 4476 antea
2577 4421 2887 4494 mancipia

591 4537 719 4579 esse
767 4525 1047 4595 oportere
1094 4527 1153 4578 et
1200 4539 1350 4599 quae
1399 4520 1611 4580 deinde
1660 4529 1996 4600 sequuntur
2054 4540 2173 4582 non
2218 4526 2408 4583 solum
2456 4525 2617 4583 enim
2667 4527 2887 4586 debere
