3178 5185
522 356 653 421 290
1205 365 1584 420 COMMENT.
1622 366 1704 419 IN
1740 365 2116 419 VARRONIS

524 522 814 596 expediat
857 523 1172 595 memmio,
1211 539 1349 581 eum
1388 520 1507 581 duo
1544 528 1685 581 sunt
1722 522 1932 581 eadem
1972 523 2123 593 alvo,
2162 522 2514 592 interficere
2552 522 2812 594 myrum,

521 643 695 700 quem
740 629 857 687 seit
901 645 1038 687 eum
1084 630 1277 689 altero
1324 646 1471 702 reqe
1517 646 1647 689 esse
1680 629 2030 688 seditiosum
2077 624 2320 708 Merula,
2357 634 2417 686 et
2439 633 2521 687 ut
2565 630 2813 702 quidam

522 734 734 792 dieunt
778 765 866 775 —
911 740 980 793 ut
1024 737 1314 810 expediat
1357 736 1631 795 mellario
1680 752 1808 813 sqq.
1857 732 2157 794 lucundus
2214 742 2273 793 et
2334 732 2549 793 deinde
2597 732 2812 812 reliqui

520 838 797 900 editores,
892 839 964 900 de
1012 840 1333 920 generibus
1381 859 1557 920 apum
1607 848 1666 901 et
1712 841 1932 902 ducum
1980 858 2184 900 earum
2231 839 2384 920 apud
2433 839 2811 900 Aristotelem

517 944 653 1006 hist.
703 947 876 1007 anim.
915 945 995 1006 IX
1032 943 1137 1028 40,
1179 943 1305 1008 175
1355 949 1577 1027 scripta
1626 954 1766 1008 sunt
1812 947 1987 1027 haec,
2036 965 2186 1026 quae
2243 965 2362 1006 non
2409 946 2581 1026 plane
2639 965 2810 1007 accu-

518 1061 644 1114 rate
684 1073 716 1113 a
757 1053 1015 1114 Varrone
1055 1072 1335 1133 expressa
1376 1063 1534 1135 sunt,
1573 1049 1704 1115 εἰσὶ
1743 1047 1817 1116 δὲ
1854 1047 2014 1133 γένη
2053 1052 2188 1116 τῶν
2227 1050 2548 1134 μελιττῶν
2584 1053 2812 1131 πλείω,

463 1150 478 1164 ’
517 1154 821 1239 καθάπερ
869 1163 1121 1242 εἴρηται
1158 1153 1507 1243 πρότερον,
1549 1153 1675 1221 δύο
1714 1154 1837 1241 μὲν
1876 1152 2249 1242 ἡγεμόνων,
2291 1151 2325 1222 ὁ
2365 1154 2488 1241 μὲν
2525 1159 2811 1240 βελτίων

516 1263 800 1350 πυρρός,
850 1258 885 1329 ὁ
937 1261 1012 1329 δὲ
1058 1263 1277 1350 ἕτερος
1322 1263 1520 1348 μέλας
1562 1261 1676 1328 καὶ
1722 1260 2223 1350 ποικιλώτερος,
2270 1259 2334 1329 τί
2405 1259 2479 1328 δὲ
2524 1262 2814 1346 μέγεθος

518 1371 868 1448 διπλάσιος
921 1373 1037 1456 τῆς
1091 1372 1377 1457 χρηστῆς
1431 1374 1750 1456 μελίττης.
1842 1365 1882 1455 ἡ
1933 1368 2008 1436 δὲ
2054 1367 2288 1457 ἀρίστη
2337 1365 2536 1455 μικρὰ
2584 1387 2813 1456 στρογ·

511 1475 684 1563 γύλη
732 1476 841 1544 καὶ
887 1480 1176 1562 ποικίλη,
1226 1473 1393 1562 ἄλλη
1442 1473 1661 1563 μακρὰ
1708 1473 1910 1562 ὁμοία
1953 1480 2033 1565 τῇ
2082 1472 2426 1564 ἄνθρήνῃ·
2504 1475 2727 1563 ἕτερος
2774 1474 2810 1541 ὁ

514 1581 663 1671 φωρ
710 1581 1126 1669 καλούμενος
1170 1583 1370 1669 μέλας
1414 1581 1915 1670 πλατυγάστωρ.
1991 1587 2085 1649 ἔτι
2127 1579 2191 1649 δ’
2238 1578 2273 1649 ὁ
2314 1578 2564 1668 κηφήν·
2615 1572 2811 1660 οὗτος

513 1690 817 1776 μέγιστος
869 1687 1173 1774 πάντων,
1229 1686 1550 1774 ἅκεντρος
1582 1688 1680 1773 ,δὲ
1734 1688 1846 1756 καὶ
1904 1687 2192 1776 νωθρός.
2285 1688 2682 1775 διαφέρουσι
2739 1687 2800 1754 δ’

514 1799 588 1863 αἱ
629 1795 980 1884 γινόμεναι
1026 1799 1160 1864 τῶν
1206 1800 1529 1884 μελιττῶν
1576 1797 1654 1863 αἴ
1690 1794 1749 1863 τ’
1794 1794 1922 1864 ἀπὸ
1972 1799 2108 1864 τῶν
2152 1793 2233 1862 τὰ
2282 1793 2492 1883 ἥμερα
2538 1795 2808 1880 νεμομέ-

512 1930 652 1972 νων
700 1905 809 1972 καὶ
856 1900 983 1972 ἀπὸ
1033 1906 1167 1971 τῶν
1213 1900 1293 1971 τὰ
1331 1895 1580 1989 ὀρεινά.
1657 1903 1785 1970 εἰσὶ
1823 1899 1951 1991 γὰρ
1992 1904 2065 1968 αἱ
2109 1899 2238 1969 ἀπὸ
2276 1905 2412 1969 τῶν
2450 1897 2806 1986 ὑλονόμων

513 2009 873 2099 ὃασύτεραι
918 2009 1028 2076 καὶ
1079 2007 1390 2088 ἐλάττους
1444 2009 1554 2075 καὶ
1613 2007 2120 2097 ἐργατικῶτεραι
2173 2007 2285 2075 καὶ
2341 2005 2806 2095 χαλεπώτεραι.

514 2143 869 2203 quamquam
908 2125 1091 2202 igitur
1133 2122 1250 2182 duo
1289 2141 1508 2201 genera
1547 2122 1766 2183 ducum
1807 2121 1878 2182 ab
1917 2121 2232 2182 Aristotele
2271 2121 2570 2203 dicuntur,
2611 2130 2807 2181 tamen

512 2231 726 2312 Varro,
773 2243 908 2292 cum
970 2233 1082 2292 tria
1138 2231 1379 2290 nomina
1426 2229 1713 2310 appellata
1761 2231 2109 2310 invenisset,
2157 2231 2270 2289 tria
2325 2246 2543 2308 genera
2589 2230 2808 2308 posuit,

514 2341 779 2422 nigrum,
827 2338 1104 2420 rubrum,
1153 2339 1403 2419 varium,
1455 2344 1515 2398 et
1569 2337 1663 2397 his
1717 2347 1962 2398 auctore
2009 2335 2343 2397 Menecrate
2401 2335 2623 2395 addidit
2671 2354 2804 2396 sen—

511 2448 756 2507 tentiam
804 2464 1012 2506 eorum
1060 2447 1163 2525 qui
1210 2445 1327 2506 duo
1374 2462 1771 2524 genera'esse
1802 2437 2122 2522 dicebant,
2169 2445 2404 2522 nigrum
2453 2450 2513 2502 et
2557 2445 2806 2524 varium,

510 2562 570 2616 et
613 2557 861 2632 quidam
909 2557 1137 2634 dicunt,
1178 2555 1302 2613 tria
1344 2569 1581 2628 yenera
1629 2569 1764 2613 cum
1810 2553 1932 2612 sint
1977 2552 2201 2612 dueum
2247 2553 2308 2610 in
2356 2552 2588 2627 apibuS,
2628 2553 2807 2625 m‘qer

511 2665 702 2723 ruber
758 2665 997 2741 varius,
1043 2667 1113 2720 ut
1159 2659 1545 2721 Menecrates
1601 2662 1840 2734 scribit,
1888 2661 2033 2733 duo,
2082 2662 2259 2733 niqer
2307 2664 2366 2717 et
2419 2660 2652 2733 varim,
2700 2661 2810 2733 qui

510 2771 597 2828 ita
644 2771 880 2843 melior,
927 2775 996 2828 ut
1050 2770 1340 2844 expediat
1392 2768 1693 2846 mellaria,
1742 2783 1878 2827 cum
1926 2767 2045 2826 duo
2101 2768 2224 2825 sint
2276 2768 2340 2825 ιή
2396 2767 2604 2825 eadem
2652 2768 2805 2839 αῖνο,

510 2877 859 2947 interficere
914 2878 1186 2954 nigrum,
1243 2891 1381 2934 eum
1434 2876 1512 2932 sit
1567 2890 1704 2933 eum
1762 2876 1954 2932 altero
2019 2885 2190 2947 reye,
2248 2889 2377 2931 esse
2437 2873 2804 2931 seditiosum.

509 2999 645 3041 cum
697 2981 959 3041 mellario
1008 2979 1336 3041 cavendum
1386 2981 1463 3039 sit
1510 2997 1583 3038 ne
1632 2981 1692 3039 in
1743 2997 1858 3038 una
1907 2978 2034 3043 alvo
2081 2978 2283 3057 plures
2322 2977 2514 3056 reguli
2551 2980 2688 3059 sint,
2729 2997 2804 3037 ne

509 3087 831 3148 seditiones
897 3088 1066 3168 fiant,
1134 3106 1206 3147 ex
1270 3088 1448 3147 variis
1512 3085 1834 3162 generibus
1900 3093 2095 3145 autem
2164 3087 2415 3144 maxime
2482 3084 2805 3145 seditiosus

508 3197 676 3273 niger
723 3196 818 3277 sit,
854 3194 1014 3256 hunc
1052 3195 1430 3274 potissimum
1468 3191 1945 3253 interficiendum
1985 3209 2117 3251 esse
2156 3191 2381 3253 dicunt.
2447 3193 2803 3270 compositio

508 3309 705 3361 autem
753 3301 1073 3361 verborum
1132 3300 1501 3380 interpositis
1560 3300 1899 3380 sententiiS‚
1956 3298 2026 3359 ad
2086 3316 2234 3377 quas
2289 3297 2515 3377 reliqua
2571 3316 2803 3359 accom-

507 3406 742 3468 modata
789 3416 947 3488 sunt,
984 3407 1298 3467 obscurata
1346 3412 1454 3466 est.
1530 3423 1663 3465 nam
1712 3406 2026 3485 primariae
2076 3406 2402 3465 sententiae
2448 3411 2509 3464 et
2552 3407 2805 3480 quidam

509 3516 722 3574 dieunt
765 3517 1011 3588 nigrum
1047 3532 1174 3574 esse
1210 3515 1558 3573 seditiosum
1596 3513 1856 3591 primum
1904 3513 2253 3591 interposita
2294 3518 2434 3572 sunt
2471 3511 2636 3594 haec,
2673 3517 2805 3573 tria

501 3639 737 3696 yenera
777 3637 914 3682 cum
950 3623 1174 3681 sint—
1199 3623 1550 3692 interficere
1597 3622 1861 3693 nigrum,
1900 3617 2114 3678 deinde
2160 3617 2324 3699 haec,
2363 3636 2498 3679 eum
2544 3622 2623 3678 sit
2659 3636 2802 3679 cum

508 3731 701 3788 altero
747 3744 912 3803 reqe.
1003 3725 1371 3786 Menecrates
1436 3733 1611 3804 poeta
1672 3724 1967 3804 Ephesius
2028 3723 2356 3803 appellatus
2417 3733 2508 3785 est
2565 3723 2689 3807 11,
2729 3723 2803 3787 9:

505 3832 666 3894 hunc
714 3834 786 3894 de
834 3832 1043 3913 apibus
1090 3834 1402 3912 scripsisse
1451 3831 1676 3891 Plinius
1725 3830 1804 3890 XI
1848 3829 1926 3892 17
1977 3837 2418 3892 commemorat.

694 3937 772 4001 19
842 3940 979 4000 Fur
1029 3942 1146 4019 qui
1204 3938 1585 3999 uocabitur
1642 3938 1723 3998 ab
1785 3937 1948 3999 aliis
2008 3941 2214 3999 fucus
2276 3946 2382 3998 est
2443 3938 2625 3998 alter
2686 3950 2806 4001 est

505 4047 648 4107 lato
696 4044 985 4123 uentre]
1024 4047 1290 4108 Vocatur
1317 4044 1557 4106 Merula.
1591 4034 1778 4120 fucus
1807 4049 1964 4105 alter
1990 4044 2309 4106 IucunduS.
2349 4051 2484 4105 ater
2516 4044 2805 4126 Scaliger.

497 4152 610 4228 fur
657 4156 763 4227 qui
807 4156 1142 4235 vocabitur,
1181 4156 1258 4213 ab
1307 4156 1446 4213 aliis
1485 4152 1689 4228 suem,
1729 4159 1818 4213 est
1861 4159 1998 4213 ater
2035 4161 2095 4213 et
2138 4156 2260 4213 lato
2307 4159 2517 4214 ventre
2562 4156 2807 4235 scripsi,

505 4276 860 4338 quamquam
923 4259 995 4320 de
1058 4260 1258 4320 futuro
1317 4268 1584 4338 tempore
1648 4260 1967 4320 vocabitur
2023 4258 2228 4319 dubito
2286 4267 2346 4319 et
2398 4277 2606 4319 verum
2663 4279 2833 4340 esser

503 4361 649 4442 puto
698 4372 971 4427 vocatur.
1066 4374 1335 4426 ceterum
1384 4367 1549 4426 fures
1599 4373 1658 4425 et
1714 4367 1881 4426 fucos
1929 4365 2275 4426 Aristoteles
2322 4365 2357 4425 l.
2396 4384 2446 4425 c.
2494 4374 2811 4446 tamquam

503 4470 773 4533 diversos
818 4474 1045 4554 posuit3
1093 4472 1417 4533 Varronem
1454 4472 1851 4533 Menecratem
1900 4481 2169 4533 secutum
2219 4490 2368 4555 esse,
2412 4490 2534 4532 non
2571 4475 2809 4537 Aristo·
