3178 5185
808 396 1067 450 RERVM
1102 371 1581 451 RVSTICAR'VM
1617 396 1751 451 Lm.
1789 399 1815 451 1
1854 390 2096 449 33-37
2479 397 2604 463 173

307 562 588 640 pulvinos
650 563 806 642 fieri,
872 581 1020 641 quos
1075 564 1461 641 inrigationes
1517 570 1577 622 et
1632 563 1861 643 pluviae
1919 572 2301 643 tempestates
2357 564 2606 625 abluunt

305 677 368 730 et
454 688 659 748 agrum
741 669 966 731 faciunt
1054 672 1421 730 macriorem.
1541 689 1573 729 a
1657 670 1887 730 favonio
1961 690 2151 750 usque
2225 670 2295 731 ad
2373 673 2654 731 arcturi2

303 786 586 837 exortum
638 785 802 837 recte
857 776 1164 856 serpillum
1211 795 1242 836 e
1291 779 1609 837 seminario
1658 779 1996 858 transferri,
2053 779 2209 857 quod
2258 778 2483 838 dictum
2530 777 2603 838 ab

302 903 404 964 ee,
473 884 631 962 quod
697 886 902 962 serpit.
1002 885 1191 944 fossas
1257 902 1437 944 novas
1494 884 1723 964 fodere,
1789 892 2020 945 veteres
2075 892 2336 964 tergere,
2402 886 2602 944 vineas

244 1006 271 1044 5
302 990 739 1070 arbustumque
794 999 1032 1072 putare,
1089 991 1231 1051 dum
1287 992 1348 1051 in
1404 1006 1500 1052 XV
1558 989 1769 1052 diebus
1825 1000 1960 1052 ante
2017 999 2077 1052 et
2131 998 2267 1071 post
2312 990 2603 1071 brumam,

298 1106 368 1159 ut
444 1097 760 1180 pleraque,
835 1118 911 1159 ne
986 1098 1184 1159 facias,
1294 1116 1406 1158 nec
1468 1116 1587 1158 non
1654 1107 1781 1159 tum
1846 1098 2069 1178 aliquid
2134 1106 2298 1158 recte
2364 1099 2602 1176 seritur,

296 1212 366 1265 ut
418 1204 582 1265 ulmi.

483 1311 702 1372 Octavo
789 1312 1097 1373 intervallo
1171 1313 1328 1372 inter
1401 1310 1672 1373 brumam
1748 1320 1809 1373 et
1880 1313 2179 1372 favonium
2254 1310 2400 1371 haec
2472 1311 2603 1371 fieri
2640 1311 2874 1372 XXXV!

295 1427 559 1498 oportet.
652 1420 726 1480 de
777 1420 1097 1501 segetibuS,
1147 1421 1316 1498 siqua
1364 1426 1458 1479 est
1494 1438 1663 1500 aqua,
1707 1418 1948 1480 deduci:
1995 1420 2086 1479 sin
2127 1420 2425 1479 siccitates
2464 1425 2604 1479 sunt

216 1537 268 1576 10
295 1534 359 1587 et
412 1534 574 1587 terra
620 1528 1089 1588 teneritudinem
1143 1526 1348 1608 habet,
1405 1529 1609 1587 sarire.
1702 1529 1902 1586 vineas
1958 1525 2318 1604 arbustaque
2374 1532 2603 1604 putare.

293 1652 436 1694 cum
487 1634 550 1693 in
597 1635 759 1712 agris
806 1652 956 1713 opus
1003 1635 1135 1694 fieri
1181 1652 1301 1694 non
1347 1640 1560 1713 potest,
1610 1652 1760 1712 quae
1807 1632 1919 1693 sub
1968 1640 2126 1693 tecto
2170 1639 2423 1711 possunt
2459 1638 2602 1692 tunc

291 1740 669 1810 conficienda
709 1742 1058 1802 antelucano
1096 1749 1364 1820 tempore
1402 1740 1678 1801 hiberno.
1755 1759 1903 1820 quae
1943 1740 2066 1799 dixi
2107 1742 2328 1818 scripta
2371 1747 2431 1799 et
2467 1756 2600 1817 pro-

292 1850 493 1928 posita
539 1847 763 1909 habere
811 1850 874 1908 in
919 1846 1055 1909 villa
1101 1854 1363 1927 oportet,
1410 1849 1661 1907 maxime
1708 1855 1777 1908 ut
1821 1846 2031 1907 vilicus
2077 1849 2253 1907 norit.

478 1957 619 2017 Dies
665 1955 906 2016 lunares
953 1973 1191 2035 quoque
1238 1953 1608 2034 observandi,
1656 1955 1760 2033 qui
1805 1954 2059 2033 quodam
2095 1953 2271 2013 modo
2310 1952 2593 2033 bipertiti,
2632 1951 2891 2013 XXXVll

210 2070 264 2110 15
294 2063 460 2144 quod
522 2082 555 2124 a
614 2083 764 2123 nova
820 2062 959 2122 luna
1014 2063 1232 2122 crescit
1288 2061 1358 2120 ad
1415 2060 1649 2141 plenam
1706 2068 1766 2121 et
1820 2061 1956 2121 inde
2013 2077 2225 2120 rursus
2272 2059 2343 2119 ad
2391 2078 2599 2120 novam

292 2171 502 2232 lunam
558 2170 884 2244 decrescit,
948 2168 1136 2247 quaad
1191 2169 1389 2228 veniat
1445 2167 1513 2227 ad
1575 2169 2134 2248 intermenstruum,
2193 2165 2279 2244 [e]
2338 2185 2455 2245 quo
2504 2166 2598 2226 die

289 2278 523 2339 dicitur
575 2277 716 2339 luna
776 2294 906 2336 esse
963 2282 1226 2335 extrema
1284 2283 1344 2336 et
1397 2278 1615 2357 prima3
1679 2294 1710 2334 a
1769 2293 1886 2353 quo
1944 2293 2079 2335 eum
2138 2273 2294 2334 diem
2352 2271 2600 2332 Athenis

290 2383 598 2463 appellant
644 2381 790 2462 ἕνην
834 2381 935 2444 καὶ
977 2380 1136 2461 νέαν,
1184 2378 1468 2464 τριακάδα
1507 2383 1622 2443 alii.
1715 2382 2001 2461 quaedam
2039 2381 2304 2442 facienda
2341 2382 2404 2439 in
2442 2381 2600 2457 agris

288 2493 497 2569 potius
603 2499 912 2551 crescente
1012 2490 1151 2552 luna
1255 2509 1429 2569 quam
1532 2497 1906 2570 senescente,
2008 2489 2291 2568 quaedam
2392 2494 2600 2548 contra

208 2608 260 2647 20
288 2617 446 2678 quae
541 2606 757 2680 metaS,
850 2609 918 2661 ut
1006 2599 1301 2660 frumenta
1393 2607 1453 2659 et
1531 2599 1784 2659 caeduas
1867 2597 2057 2658 silvas.
2185 2596 2310 2675 Ego
2390 2596 2649 2675 istaec,2

436 2840 510 2889 20
548 2850 656 2905 ego
693 2833 872 2889 istaec
909 2833 1061 2891 Ptin.
1098 2839 1189 2903 16,
1229 2837 1338 2890 194

288 3073 651 3134 conseruata,
707 3071 940 3122 ueterem
984 3082 1134 3121 nunc
1179 3070 1366 3120 notam
1412 3064 1650 3131 faciam,
1698 3063 1752 3118 si
1787 3064 1966 3133 possit
2012 3062 2255 3132 aliquam
2301 3061 2597 3115 utilitatem

289 3158 528 3225 afferre.-
576 3157 752 3211 Terra.
788 3155 1076 3210 adruenda
1110 3154 1390 3225 puluin08,
1429 3150 1534 3210 etc.
1612 3152 1838 3208 Caetera
1873 3154 1962 3208 hic
1997 3152 2268 3218 restituta,
2304 3166 2371 3204 ex
2408 3149 2598 3203 iisdem

289 3248 454 3301 libris
490 3251 713 3316 sumpta
748 3252 896 3314 suut,
932 3252 982 3302 et
1017 3246 1158 3300 uitio
1195 3244 1402 3300 carent’
1456 3244 1735 3298 Victorius
1915 3248 1943 3295 1
1983 3239 2346 3310 inrigationes
2384 3237 2441 3293 A
2475 3237 2598 3292 irri-

289 3337 556 3408 gationes
625 3336 741 3391 VB
911 3338 969 3390 et
1020 3335 1248 3405 pluuiae
1316 3336 1683 3404 tempestates
1752 3333 1809 3386 P
1871 3332 2149 3387 Victorius
2212 3330 2270 3382 et
2330 3327 2597 3397 pluuiane

292 3427 669 3495 tempestates
699 3425 755 3479 A
793 3425 853 3479 et
887 3423 1084 3494 pluuia
1121 3427 1180 3479 et
1215 3424 1582 3493 tempestates
1613 3423 1669 3476 B
1707 3425 1765 3477 et
1801 3421 2029 3492 pluuiae
2069 3421 2128 3474 et
2162 3418 2527 3488 tempestates
2563 3433 2596 3471 v

438 3522 472 3569 2
509 3513 723 3569 fatiunt
758 3514 814 3567 A
926 3513 1256 3569 macriorem
1285 3513 1400 3567 PA
1424 3512 1701 3567 Victorius
1737 3512 2006 3566 maiorem
2033 3510 2089 3564 B
2124 3509 2394 3586 minorem
2424 3523 2455 3561 v
2564 3512 2598 3559 4

291 3605 476 3660 fassas
503 3606 559 3658 A
596 3620 738 3659 corr.
777 3604 957 3658 fossas
986 3602 1068 3658 ΑἸ
1213 3608 1245 3656 6
1283 3602 1550 3672 pleraque
1587 3601 1699 3655 VB
1735 3599 2062 3670 plerumque
2091 3597 2148 3653 A
2183 3597 2508 3667 pleramque
2544 3612 2599 3649 m

441 3692 675 3748 serritur
711 3692 767 3745 A
1005 3728 1009 3732 -
2070 3722 2079 3729 -

440 3788 474 3836 8
521 3783 663 3837 haee
708 3780 830 3836 fieri
867 3781 989 3835 AB
1037 3780 1144 3834 hoe
1190 3780 1311 3833 fieri
1368 3779 1421 3833 V
1560 3785 1592 3833 9
1632 3779 1716 3833 sin
1763 3777 1875 3832 VB
1922 3775 1970 3829 si
2015 3794 2069 3831 m
2114 3780 2165 3830 et
2200 3777 2265 3830 in
2304 3790 2509 3829 rasura
2544 3773 2598 3826 A

295 3873 376 3927 vel
415 3870 495 3925 A*
645 3875 712 3925 10
749 3868 1111 3924 teritudinem
1146 3868 1201 3921 B
1348 3874 1414 3922 13
1452 3866 1745 3937 proposita
1785 3865 1970 3921 PAB
2005 3865 2194 3935 posita
2228 3881 2262 3920 v

409 3966 474 4015 15
513 3959 668 4029 quod
713 3976 748 4013 a
782 3974 932 4013 noua.
979 3957 1093 4013 VB
1139 3958 1288 4026 quod
1335 3958 1406 4011 ab
1448 3973 1679 4026 nououa
1715 3955 1771 4011 A
1883 3960 1947 4010 16
1985 3954 2135 4023 quod
2174 3951 2443 4009 adueniat
2479 3950 2600 4005 AB

300 4050 483 4118 quoad
527 4047 723 4103 ueniat
769 4047 823 4102 V
854 4047 1006 4115 quod
1050 4046 1243 4101 ueniat
1291 4046 1568 4101 Victorius
1711 4045 1764 4100 e‘
1780 4045 1971 4099 delevit
2019 4044 2253 4099 Ursinus
2399 4046 2464 4095 17
2504 4056 2598 4094 ex-

301 4139 503 4210 trema]
561 4139 721 4193 extra·
765 4135 821 4191 A
1000 4152 1128 4190 eum
1174 4134 1349 4207 diem]
1397 4153 1522 4190 eum
1571 4133 1722 4189 diem
1768 4133 2026 4188 facienda
2072 4132 2133 4186 in
2178 4130 2329 4202 agris
2366 4128 2423 4184 A

304 4229 536 4283 athenas
583 4244 722 4282 corr.
761 4256 830 4266 —
866 4223 956 4279 nis
992 4225 1047 4278 A
1233 4230 1299 4279 18
1354 4224 1647 4295 appellant
1705 4217 1840 4291 ἕνην
1887 4221 1985 4277 καὶ
2030 4218 2170 4275 νέαν
2218 4217 2523 4288 τριακάδος
2567 4235 2600 4273 v

302 4318 400 4372 ubi
435 4314 717 4387 τριακάδα
752 4315 990 4371 correxit
1025 4320 1073 4368 et
1109 4315 1172 4369 in
1206 4316 1454 4383 maryiue
1482 4329 1658 4368 cenen
1687 4329 1895 4385 cenean
1922 4309 2178 4364 triaeada
2205 4308 2503 4377 adscripsit
2530 4307 2596 4373 P,

305 4406 594 4475 appellant
621 4422 798 4460 cenen
825 4419 960 4458 cene
991 4402 1174 4457 anti-ia
1203 4406 1213 4473 1
1246 4404 1387 4458 cada.
1414 4404 1468 4457 A
1499 4403 1791 4473 appellant
1819 4416 1991 4456 eenen
2020 4397 2519 4454 caeneantriacada
2537 4397 2593 4450 B

447 4537 516 4586 20
554 4532 734 4587 istaec
775 4528 832 4582 P
868 4493 1082 4582 istahec
1118 4526 1175 4582 A
1209 4528 1319 4584 ista
1355 4531 1414 4584 et
1449 4531 1505 4584 B
1541 4529 1652 4584 ista
1686 4529 1828 4581 haec
1862 4542 1917 4579 m
1951 4523 2064 4578 ista,
2100 4522 2273 4579 etiam
2299 4540 2343 4590 υ
