3178 5185
584 423 669 486 26
1269 430 1651 487 COMMENT.
1690 433 1769 486 IN
1806 432 2183 487 VARRONIS

582 586 833 649 debebat
888 586 1033 647 haec
1091 585 1478 665 inaequalitas
1535 586 1801 669 dicendi,
1865 587 2022 666 quod
2090 605 2239 666 quae
2297 589 2657 666 generaliter
2717 590 2875 651 dicta

581 702 776 776 erant,
816 694 1147 770 formosius
1193 697 1359 768 quod
1401 701 1505 767 est,
1552 713 1689 754 mox
1747 693 1814 754 ad
1867 694 2115 755 fundum
2164 695 2640 778 transferuntur,
2686 702 2745 759 si
2786 706 2881 759 est

574 801 931 877 fructuosus
978 804 1191 877 turpis.

757 905 798 968 3
868 906 1127 968 Contra
1185 908 1373 987 quod
1429 911 1501 968 in
1557 908 1940 988 pestilenti
1994 908 2366 970 calamitas
2423 913 2753 989 quamuis
2810 915 2880 972 in

578 1015 802 1076 feraci
858 1033 1025 1094 agro
1082 1015 1405 1075 colonum
1465 1014 1543 1075 ad
1595 1016 1879 1076 fruetus
1940 1019 2328 1094 peruenire
2379 1036 2514 1078 non
2561 1019 2875 1098 patitur]

587 1123 928 1198 Contraque
978 1125 1039 1182 in
1078 1125 1389 1199 pestilenti
1431 1121 1751 1183 IucundnS.
1829 1130 2048 1184 eontra
2094 1126 2260 1198 quod
2295 1142 2365 1183 ex
2411 1125 2736 1206 archetypo
2785 1146 2876 1187 re-

577 1231 770 1289 stitnit
827 1228 1153 1311 VictoriuS,
1214 1228 1317 1289 ubi
1372 1233 1538 1304 quod
1592 1229 1906 1290 delendum
1974 1248 2104 1290 esse
2169 1230 2315 1290 vidit
2374 1230 2645 1293 Ursinus.
2743 1252 2878 1294 nam

576 1355 727 1415 quae
775 1343 1084 1415 praeterea
1141 1338 1387 1397 mutavit
1436 1339 1662 1397 omitto,
1756 1337 1860 1396 sed
1918 1345 2137 1398 eontra
2194 1337 2458 1398 adverbii
2514 1338 2646 1400 loeo
2699 1359 2876 1420 saepe

580 1446 640 1502 in
679 1442 772 1503 his
809 1441 977 1502 libris
1009 1445 1328 1525 invenitur,
1355 1462 1473 1504 non
1505 1451 1725 1504 contra
1754 1447 1919 1519 quod
1952 1444 2043 1504 vel
2082 1448 2248 1519 quod
2281 1453 2518 1507 eontra.
2594 1449 2871 1509 ordinem

579 1548 894 1610 verborum
941 1556 1164 1611 temere
1217 1553 1462 1611 mutavit
1509 1550 1941 1633 SchneideruS,
2002 1556 2064 1612 in
2114 1555 2425 1628 pestilenti
2486 1545 2764 1630 quamvis
2812 1561 2876 1618 in

569 1656 782 1732 feraci
824 1675 979 1732 aqro
1027 1660 1346 1718 calamitas
1384 1663 1661 1718 colonum
1699 1661 1786 1718 ad
1813 1658 2061 1734 fruetus
2092 1663 2421 1735 pervenire
2456 1680 2578 1722 non
2608 1667 2873 1739 patitur.

751 1762 793 1824 4
857 1763 943 1825 Ut
990 1773 1227 1825 tamen
1275 1765 1571 1826 multum
1622 1767 1716 1825 sit
1762 1767 1832 1825 in
1878 1765 2087 1825 nobis
2136 1785 2273 1845 quo
2312 1769 2649 1846 grauiora
2692 1788 2871 1848 qnae

575 1880 743 1931 sunt
789 1890 865 1931 ea
902 1870 1282 1951 diligentia
1320 1872 1599 1933 leuiora
1635 1871 1879 1932 faeere
1910 1872 2310 1950 possimus]
2360 1877 2536 1947 Quod
2564 1881 2873 1951 qraviora

572 1978 795 2040 Merula
853 1988 912 2039 et
967 1978 1180 2039 deinde
1239 1979 1454 2058 reliqui
1512 1978 1791 2040 editores,
1867 1980 2105 2039 restitui
2162 1979 2465 2060 archetypi
2530 1981 2871 2064 lectionem,

572 2088 634 2146 in
692 2105 806 2165 qua
862 2104 1000 2147 oum
1057 2085 1237 2146 verbo
1289 2086 1510 2162 facere
1563 2086 1682 2146 duo
1739 2085 1975 2146 ablativi
2044 2103 2161 2161 quo
2226 2095 2285 2146 et
2351 2091 2671 2163 diligentia
2728 2109 2869 2151 eon-

573 2188 762 2253 iuncti
809 2200 966 2253 sunt.

752 2298 826 2358 Si
870 2309 1170 2380 propter
1225 2308 1495 2361 terram
1550 2310 1671 2361 aut
1718 2320 1966 2379 aquam
2022 2303 2315 2387 odorem
2372 2321 2574 2381 quem
2623 2304 2868 2383 aliquo

524 2406 527 2407 ⁷
571 2407 728 2466 loeo
767 2413 1052 2467 eructat
1096 2406 1568 2486 pestilentior
1616 2415 1725 2468 est
1772 2406 2064 2486 fundus]
2116 2410 2447 2471 Odoremve
2483 2429 2553 2469 ex
2591 2412 2867 2490 principe
