3178 5185
793 436 1053 492 RERVM
1092 436 1571 493 RVSTICARVM
1608 439 1744 496 LIB.
1783 441 1808 494 I
1848 438 1999 495 8—9
2454 433 2535 497 37

305 599 412 653 tuso
460 590 701 674 Merula,
761 589 865 652 ubi
923 610 1060 653 cum
1125 593 1340 653 delevit
1396 592 1675 674 Ursinus,
1733 598 1955 669 fictiles
2010 594 2207 670 fundo
2255 604 2539 673 pertusos

303 699 716 780 SchoettgenuS,
785 700 941 777 quod
999 699 1240 780 probari
1296 718 1414 759 non
1475 699 1775 761 debebat.·
1817 718 1952 761 nam
2002 700 2198 776 fundo
2257 711 2539 779 pertusos

301 810 403 867 sine
455 808 881 886 praepositione
946 825 1055 886 pro
1132 811 1193 868 in
1252 806 1448 882 fundo
1514 808 1629 868 dici
1705 826 1822 867 non
1888 809 2138 887 poterat.
2236 818 2400 870 recte
2466 830 2537 871 ex

299 916 524 993 principe
577 896 838 974 editione
895 932 1033 975 cum
1074 914 1270 990 fundo
1317 921 1572 991 pertuso
1633 923 1940 993 receptum
2005 923 2156 975 erat:
2223 915 2302 977 lIl
2345 913 2455 998 14,
2494 915 2537 978 5

299 1026 444 1082 ollam
483 1038 611 1082 eum
651 1020 1091 1104 foraminibus,
1145 1020 1170 1081 1
1208 1019 1321 1103 52,
1364 1019 1397 1082 1
1450 1024 1673 1083 axibus
1721 1024 1981 1083 dentatis
2029 1041 2165 1084 cum
2212 1027 2502 1087 orbiculis
2512 1048 2537 1098 ;

298 1127 427 1209 111,
467 1126 541 1189 16
601 1131 663 1189 in
719 1131 1047 1189 montuosis
1095 1132 1300 1206 potius
1365 1133 1513 1191 locis
1567 1147 1705 1191 cum
1763 1129 2099 1205 fruticibus
2154 1131 2533 1193 scribendum

300 1238 504 1295 conieci.
560 1235 661 1295 sed
702 1244 1010 1313 praeterea
1048 1254 1218 1312 quas,
1265 1255 1382 1296 non
1422 1255 1586 1312 quos,
1627 1236 2007 1297 scribendum
2038 1245 2183 1321 erat,
2221 1242 2537 1301 demittunt

299 1346 349 1402 in
388 1344 600 1403 tubulos
640 1345 863 1416 fictiles
919 1360 1056 1403 cum
1097 1342 1293 1418 fundo
1333 1352 1612 1424 pertuso,
1669 1362 1822 1419 quas
1878 1347 2157 1421 cuspides
2213 1351 2535 1423 appellant.

295 1469 406 1510 nam
453 1450 718 1530 cuspides
767 1450 1049 1511 dicuntur
1095 1449 1485 1531 harundineS,
1542 1469 1692 1529 quae
1750 1471 1821 1513 ex
1873 1452 2267 1514 harundineto
2316 1457 2534 1533 petitae
2621 1435 2623 1438 ⁸

296 1566 343 1617 et
379 1560 431 1618 in
472 1560 579 1618 ima
627 1565 796 1637 parte
844 1567 1196 1635 praeacutae
1243 1557 1412 1618 libris
1459 1558 1762 1637 colligatae
1810 1560 1870 1619 in
1929 1558 2169 1620 tubulos
2218 1561 2534 1622 demittun-

294 1675 388 1744 tur,
431 1684 535 1725 non
580 1667 694 1744 ipsi
742 1663 962 1744 tubuli,
1024 1666 1180 1725 sicut
1234 1672 1370 1744 post
1416 1664 1748 1725 Gesnerum
1795 1665 2195 1746 lexicographi
2243 1669 2532 1748 interpre-

295 1774 380 1832 tati
419 1780 561 1845 sunt.

440 1876 478 1940 5
537 1881 961 1955 Acratophoro
1008 1878 1334 1942 Politianus
1382 1878 1699 1960 adnotavit,
1746 1898 1865 1940 non
1912 1883 2385 1959 acrathophorO.

437 1985 474 2048 6
534 1986 849 2047 Alterum
898 2004 1125 2065 genus
1173 1985 1434 2062 uiniti]
1505 1987 1695 2047 [liniti
1746 1987 1808 2046 in
1864 1987 2183 2067 archetypo
2242 1991 2533 2067 scriptum

298 2093 449 2153 luisse
484 2093 763 2154 Politiano
795 2092 1157 2153 credendum
1190 2100 1298 2174 est,
1337 2111 1692 2172 quamquam
1731 2096 1926 2154 uineti
1952 2093 2169 2155 habent
2202 2096 2534 2176 apographa

291 2196 554 2280 Italorum,
610 2200 767 2280 quod
829 2218 1032 2260 verum
1094 2207 1200 2260 est.
1277 2218 1412 2259 nam
1459 2203 1681 2260 uineae
1727 2202 1788 2259 in
1847 2200 2153 2261 codicibus
2200 2201 2247 2261 Α
2299 2221 2354 2262 m
2403 2222 2531 2264 cor-

291 2307 579 2369 rectoribus
645 2307 914 2368 debetur.
998 2311 1207 2368 uineta
1274 2325 1480 2367 omnes
1544 2306 1681 2392 libri
1746 2305 1966 2368 habent
2029 2307 2054 2367 I
2109 2307 2217 2389 11,
2255 2307 2325 2391 2,
2390 2312 2531 2372 item

289 2416 449 2474 uineti
485 2415 508 2475 Ι
545 2414 647 2496 18,
676 2412 716 2476 9
767 2423 828 2475 et
874 2418 1095 2475 uinetis
1141 2414 1166 2473 I
1205 2410 1309 2492 54,
1343 2411 1400 2474 1.

435 2521 561 2583 Sub
603 2541 749 2583 eam
788 2521 909 2582 ubi
945 2523 1272 2581 nascitur
1313 2540 1461 2584 uua,
1491 2520 1957 2582 subiciuntur
1996 2524 2304 2583 circiter
2334 2523 2532 2605 bipe-

291 2625 450 2689 dales
509 2650 537 2691 e
605 2629 927 2691 surculis
995 2628 1331 2690 furcillae
1388 2648 1471 2689 ne
1538 2630 1899 2689 uindemia
1965 2629 2155 2690 sacta
2220 2631 2532 2711 denique

291 2732 480 2798 discat
529 2737 846 2817 pendere
901 2739 972 2796 in
1026 2735 1254 2815 palma
1311 2745 1430 2796 aut
1491 2734 1856 2814 funiculo]
1924 2735 2191 2798 Facetias
2240 2743 2532 2801 sermonis

292 2858 386 2901 non
441 2845 856 2906 intellexerunt
922 2843 1209 2924 editoreS‚
1279 2845 1381 2922 qui
1445 2842 1904 2922 interpolatione
1968 2843 2220 2904 Iucundi
2286 2845 2531 2924 probata

291 2951 615 3029 scripserunt
661 2970 739 3012 ne
784 2954 1088 3013 vindemia
1117 2958 1340 3028 pereat
1384 2959 1443 3012 et
1479 2954 1782 3012 vindemia
1816 2950 1993 3026 facta
2037 2954 2297 3026 denique
2334 2957 2535 3015 discat

287 3060 513 3128 pendere
558 3064 620 3120 in
661 3063 946 3136 palmam.
1023 3077 1156 3119 nam
1197 3057 1458 3119 furcillas
1505 3057 1699 3119 subici
1748 3058 1964 3119 vitibus
2012 3058 2178 3120 iubet
2226 3058 2426 3143 Varro,
2467 3070 2533 3122 ut

292 3178 428 3245 uvae,
463 3186 602 3245 quae
645 3168 796 3227 sacta
826 3167 1116 3228 vindemia
1145 3167 1613 3247 suspenduntur,
1652 3175 1822 3226 antea
1861 3166 2122 3245 pendere
2162 3165 2531 3230 adsuescant.

289 3268 442 3344 palma
486 3293 628 3352 quae
678 3276 773 3356 sit,
821 3273 995 3335 docet
1040 3273 1222 3334 Varro
1272 3273 1297 3333 I
1335 3271 1440 3348 31,
1470 3270 1510 3334 3
1549 3277 1728 3334 vitem
1763 3292 1945 3349 quam
1983 3280 2204 3335 vocant
2239 3278 2530 3336 minorem

285 3377 563 3456 flagellum,
609 3384 903 3458 maiorem
949 3388 1009 3443 et
1054 3385 1174 3442 iam
1221 3384 1384 3442 unde
1429 3400 1585 3442 uvae
1631 3389 1973 3442 nascuntur
2012 3386 2298 3458 palmam.

431 3494 499 3547 IX
533 3487 572 3550 2
637 3489 715 3550 In
771 3489 894 3549 illa
942 3491 1131 3550 enim
1178 3508 1332 3550 cum
1380 3491 1476 3550 sit
1531 3488 1874 3550 dissimili
1921 3490 1993 3550 ui
2040 3507 2116 3550 ac
2154 3471 2529 3568 potestate

291 3601 490 3664 partes
550 3596 953 3676 permultae
1019 3599 1088 3657 in
1154 3599 1314 3676 quis
1379 3596 1563 3676 Iapis
1637 3615 1942 3657 marmor
2015 3597 2241 3659 rudus
2316 3616 2530 3659 arena

292 3697 497 3762 sabulo
553 3703 810 3783 argilla
865 3703 1156 3765 rubrica
1216 3703 1461 3783 puluis
1519 3712 1721 3764 creta
1784 3705 1972 3782 ignis
2039 3703 2529 3769 carbunculus

291 3801 343 3860 id
383 3817 475 3869 est
509 3830 683 3891 quae
725 3810 873 3871 sole
912 3812 1244 3890 perserve
1284 3813 1381 3872 ita
1421 3810 1512 3872 fit
1548 3818 1626 3871 ut
1662 3810 1947 3871 radices
1985 3819 2302 3872 satorum
2344 3831 2528 3872 com-

292 3904 491 3994 burat]
535 3920 679 3979 Cum
715 3920 838 3978 sint
871 3917 1118 4000 Merula,
1165 3918 1322 3997 quod
1361 3917 1662 3978 Gesnerus
1701 3920 1947 3996 recepit.
2024 3937 2159 3979 cum
2204 3921 2525 3997 superiori-

291 4010 379 4076 bus
417 4019 547 4085 haec
591 4028 672 4086 ita
721 4025 1131 4104 coniungenda
1177 4043 1309 4086 esse
1359 4025 1762 4086 Schneiderus
1810 4027 2081 4106 coniecit,
2123 4033 2378 4103 propter
2418 4030 2523 4087 ad-

294 4125 562 4193 mixtiones
599 4136 756 4194 enim
797 4137 859 4193 iu
897 4136 1002 4194 illa
1040 4151 1177 4194 cum
1213 4136 1349 4193 sint.
1418 4151 1593 4193 manu
1632 4135 1991 4212 scriptorum
2031 4131 2319 4193 librorum
2349 4132 2525 4222 lectio

295 4245 401 4292 cum
430 4235 513 4312 sit,
550 4259 727 4319 quam
766 4241 904 4301 inde
943 4239 1014 4300 ab
1053 4239 1261 4300 Aldina
1301 4239 1557 4301 editione
1598 4240 1812 4319 reliqui
1852 4240 2110 4324 editores
2150 4248 2526 4323 receperunt,

295 4332 356 4394 ita
394 4341 607 4409 defendi
644 4347 841 4426 aliquo
880 4347 1054 4407 modo
1094 4355 1307 4429 potest,
1346 4355 1413 4408 ut
1441 4355 1658 4425 partes
1690 4352 2032 4424 permultae
2079 4365 2186 4425 per
2226 4367 2288 4407 se
2328 4349 2524 4409 dican·
2633 4382 2636 4385 ·

296 4446 461 4511 turin
501 4453 652 4517 hunc
701 4455 962 4535 modum,
1008 4449 1101 4515 ‘in
1149 4458 1450 4517 communi
1496 4463 1674 4535 terra,
1736 4467 1871 4515 cum
1921 4473 1987 4514 ea
2035 4453 2305 4514 dissimili
2353 4457 2409 4515 vi
2456 4475 2525 4517 ac

295 4556 535 4622 potestate
581 4565 675 4644 sit,
724 4562 1049 4642 permultae
1097 4570 1295 4642 partes
1345 4557 1533 4644 sunt',
1597 4561 1810 4622 deinde
1858 4580 2006 4640 quae
2057 4570 2390 4640 sequuntur
2447 4566 2524 4624 ab
