3178 5185
553 383 680 448 128
1534 381 1904 439 VARRONIS

553 571 726 630 quam
783 553 1049 631 sinistra,
1107 552 1186 610 ita
1242 558 1311 610 ut
1367 558 1562 610 tamen
1622 553 1700 611 sit
1757 551 2011 629 quodam
2059 550 2232 611 modo
2280 553 2623 631 coniuncta,
2683 553 2840 630 quod

552 667 645 719 est
691 657 873 719 altera
921 658 1187 718 eiusdem
1235 652 1513 718 carminis
1554 658 1867 718 modorum
1905 660 2217 738 incentiva,
2265 658 2447 719 altera
2486 660 2843 720 succentiva.

458 767 536 822 16
559 767 634 827 Et
680 767 919 845 quidem
966 765 1106 825 licet
1152 765 1389 845 adiciaS,
1435 767 1694 845 inquam,
1741 773 2046 843 pastorum
2083 768 2258 826 vitam
2300 784 2431 826 esse
2468 768 2842 847 incentivam,
2901 798 2904 799 ν

548 873 939 952 agricolarum
1007 874 1408 933 succentivam
1469 879 1712 931 auctore
1769 872 2113 933 doctissimo
2169 875 2407 934 homine
2464 873 2841 954 Dicaearcho,

548 983 649 1060 qui
705 980 984 1040 Graeciae
1044 981 1161 1039 vita
1218 978 1408 1057 qualis
1465 978 1648 1038 fuerit
1702 977 1773 1038 ab
1830 981 2000 1039 initio
2055 979 2228 1040 nobis
2283 982 2364 1040 ita
2420 981 2707 1061 ostendit,
2772 988 2840 1041 ut

548 1087 959 1168 superioribus
1014 1085 1384 1164 temporibus
1432 1086 1617 1146 fuisse
1664 1086 1898 1166 doceat,
1960 1106 2095 1147 cum
2144 1086 2414 1147 homines
2461 1089 2841 1165 pastoriciam

548 1198 726 1256 vitam
765 1200 1009 1274 agerent
1047 1212 1239 1272 neque
1279 1195 1501 1254 scirent
1539 1196 1716 1254 etiam
1754 1213 1921 1254 arare
1961 1202 2179 1255 terram
2218 1201 2319 1254 aut
2358 1212 2557 1254 serere
2596 1193 2842 1254 arbores

549 1310 649 1362 aut
682 1290 924 1381 ¹putare3
962 1300 1034 1359 ab
1073 1302 1146 1359 iis
1184 1300 1466 1361 inferiore
1514 1301 1702 1380 gradu
1740 1301 1949 1361 aetatis
1989 1309 2325 1380 susceptam
2364 1303 2490 1379 agri
2528 1300 2839 1361 culturam.

548 1411 825 1488 quocirca
893 1409 950 1466 ei
1015 1409 1271 1497 succinit
1333 1409 1617 1486 pastorali
1675 1407 1801 1489 [L],
1871 1410 2029 1487 quod
2087 1417 2178 1469 est
2233 1409 2507 1488 inferior,
2574 1416 2640 1468 ut
2696 1407 2840 1468 tibia

456 1517 533 1572 17
560 1518 799 1577 sinistra
847 1533 878 1574 3
926 1514 1166 1574 dextrae
1215 1515 1619 1575 foraminibus
1712 1515 1955 1594 AgriUS,
2011 1516 2125 1596 Tu,
2183 1517 2401 1595 inquit,
2455 1515 2675 1575 tibicen
2722 1534 2839 1575 non

544 1623 735 1685 solum
793 1623 1003 1683 adimis
1061 1622 1299 1682 domino
1330 1641 1568 1704 ·pecuS,
1625 1623 1729 1683 sed
1778 1625 1955 1683 etiam
2004 1625 2191 1682 servis
2237 1621 2564 1703 peculium,
2621 1621 2839 1700 quibus

543 1733 769 1791 domini
833 1731 975 1790 dant
1029 1737 1096 1789 ut
1149 1737 1418 1807 pascant,
1484 1737 1662 1809 atque
1722 1732 1898 1790 etiam
1956 1730 2117 1808 leges
2175 1730 2471 1790 colonicas
2526 1729 2711 1811 tollis,
2776 1731 2837 1788 in

545 1838 762 1917 quibus
828 1836 1172 1917 scribimus,
1239 1837 1484 1897 colonus
1549 1839 1611 1896 in
1676 1823 1817 1915 agro
1883 1837 2214 1897 surculario
2270 1856 2345 1897 ne
2402 1847 2576 1916 capra
2633 1845 2837 1897 natum

544 1953 771 2024 pascat:
839 1963 984 2022 quas
1040 1945 1218 2003 etiam
1273 1943 1586 2022 astrologia
1644 1946 1706 2002 in
1762 1943 1988 2004 caelum
2045 1946 2296 2024 recepit,
2361 1962 2481 2004 non
2538 1944 2708 2023 longe
2766 1943 2837 2003 ab

447 2043 528 2108 18
551 2061 740 2114 tauro,
832 2051 943 2111 Cui
987 2050 1358 2131 FundaniuS,
1414 2050 1585 2132 Vide,
1632 2052 1851 2130 inquit,
1900 2069 2001 2132 ne,
2047 2050 2216 2132 Agri,
2263 2053 2419 2111 istuc
2467 2053 2543 2112 sit
2590 2051 2661 2110 ab
2708 2050 2837 2131 hoc,
2911 2075 2924 2099 ›

543 2180 678 2221 cum
728 2163 789 2220 in
837 2157 1068 2237 legibus
1116 2161 1292 2218 etiam
1341 2158 1639 2219 scribatur
1676 2153 1884 2237 ‘pecus
1925 2153 2260 2236 quoddam'.
2354 2158 2641 2237 quaedam
2679 2160 2838 2218 enim

540 2268 802 2348 pecudes
858 2265 1126 2326 culturae
1185 2274 1324 2326 sunt
1380 2267 1652 2325 inimicae
1712 2284 1778 2325 ac
1836 2283 2091 2344 veneno,
2148 2274 2215 2325 ut
2272 2268 2447 2345 istae,
2506 2283 2651 2344 quas
2699 2265 2837 2340 dixi,

542 2393 769 2453 caprae.
863 2392 965 2433 eae
1015 2376 1170 2432 enim
1220 2374 1416 2432 omnia
1463 2371 1690 2431 novella
1738 2379 1861 2431 sata
1908 2373 2205 2450 carpendo
2254 2379 2671 2451 corrumpunt,
2718 2390 2837 2432 non

449 2479 526 2535 19
550 2484 861 2542 minimum
918 2482 1067 2539 vites
1123 2487 1300 2558 atque
1348 2479 1522 2539 oleas
1614 2481 1813 2557 itaque
1861 2486 2174 2558 propterea
2221 2481 2557 2540 institutum
2608 2481 2836 2539 diversa

541 2591 613 2652 de
662 2608 838 2651 causa
885 2596 952 2648 ut
998 2607 1069 2647 ex
1118 2589 1359 2666 caprino
1407 2605 1625 2665 genere
1673 2586 1743 2646 ad
1793 2585 1892 2645 alii
1938 2587 2034 2647 dei
2082 2606 2240 2647 aram
2281 2586 2472 2647 hostia
2511 2586 2832 2648 adducere-

541 2706 666 2773 tur,
722 2696 794 2757 ad
852 2695 952 2755 alii
998 2714 1117 2754 non
1167 2696 1631 2776 sacrificaretur,
1687 2711 1823 2755 cum
1871 2693 2198 2754 ab⁰eodem
2248 2695 2382 2755 odio
2431 2695 2579 2756 alter
2635 2694 2834 2754 videre

685 2885 750 2933 13
789 2878 1018 2932 colonus
1052 2875 1113 2928 in
1149 2893 1286 2945 agro
1326 2877 1426 2944 II,
1464 2882 1499 2930 3
1538 2880 1575 2932 7

688 3055 714 3102 1
773 3048 1129 3117 quodamodo
1176 3063 1281 3100 cun
1329 3047 1484 3114 (corr.
1535 3046 1662 3114 con)
1707 3045 1901 3100 iuncta.
1943 3045 1999 3099 A
2155 3052 2187 3099 3
2233 3044 2483 3100 addicias
2529 3046 2648 3101 Am
2799 3053 2836 3101 4

541 3140 737 3193 autore
782 3139 840 3192 B
984 3135 1279 3191 dicearcho
1333 3134 1510 3188 VAB
1657 3142 1688 3189 6
1734 3135 2079 3205 temporibus
2125 3150 2225 3188 om.
2271 3135 2327 3188 A
2470 3136 2673 3191 docent
2716 3136 2836 3192 Am

684 3269 714 3316 7
752 3279 909 3317 arare
938 3262 1096 3318 Amv
1125 3260 1272 3315 arari
1298 3261 1413 3314 PB
1524 3265 1556 3313 8
1594 3237 1789 3329 ρὸὲειτθ
1809 3261 1867 3314 Β
1975 3267 2005 3314 9
2038 3261 2088 3315 ei
2118 3257 2357 3314 succinit
2383 3260 2764 3329 pastorali-L·
2782 3264 2838 3315 P

540 3355 593 3406 ei
631 3352 867 3407 succinit
900 3351 1173 3421 pastorali
1197 3380 1207 3391 ·
1229 3349 1249 3402 l
1271 3379 1283 3391 ·
1306 3349 1427 3404 AB
1464 3349 1515 3403 ei
1544 3349 1785 3404 succinit
1810 3349 2110 3417 pastoralis
2138 3366 2169 3403 v
2201 3366 2267 3403 ea
2296 3349 2536 3404 succinit
2562 3350 2834 3419 pastorali

549 3442 781 3497 Ursinus
927 3447 994 3495 10
1040 3457 1075 3493 a,
1121 3440 1349 3494 dextrae
1397 3439 1511 3493 VB
1557 3439 1827 3493 addextre
1864 3438 1920 3492 A
2063 3438 2250 3507 agrius
2296 3456 2391 3493 mv
2429 3438 2611 3493 acrius
2649 3440 2835 3495 PAB

678 3532 866 3601 inquit
913 3530 1028 3584 VB
1071 3529 1269 3599 inquid
1305 3529 1361 3583 A
1508 3535 1572 3581 11
1620 3527 1862 3597 addimis
1898 3528 1956 3583 A
2100 3533 2166 3581 12
2218 3529 2387 3596 atque
2424 3545 2457 3582 v
2495 3528 2679 3597 adque
2717 3531 2835 3584 PA

540 3622 612 3677 ad
649 3639 793 3691 quae
831 3622 887 3674 Β
1035 3626 1099 3674 13
1149 3618 1413 3673 ‘Colonus
1459 3618 1516 3671 in
1554 3634 1689 3688 agro
1728 3616 2035 3673 surculario
2073 3633 2143 3671 ne
2181 3632 2349 3685 capra.
2383 3618 2580 3672 natum
2618 3624 2833 3686 paseat.

540 3714 641 3766 Ita
694 3711 981 3766 emendam
1034 3727 1101 3764 ex
1155 3714 1366 3764 uetusto
1396 3709 1625 3775 codice,
1680 3713 1730 3761 et
1785 3724 1852 3761 ex
1904 3707 2002 3761 illo
2047 3708 2160 3761 loco
2207 3706 2338 3761 libri
2384 3707 2467 3759 II
2501 3708 2600 3777 [3,
2637 3707 2708 3776 7]
2743 3708 2836 3763 Ne

538 3802 760 3855 colonus
787 3817 959 3869 capra
986 3804 1179 3854 natum
1205 3799 1270 3852 in
1294 3798 1472 3863 fundo
1492 3801 1709 3866 pascat.
1853 3795 2005 3850 Nam
2032 3801 2234 3849 ueteres
2262 3794 2396 3849 libri
2422 3796 2834 3865 aliquantulum

539 3890 858 3960 deprauati,
894 3889 974 3943 sic
1010 3889 1151 3942 enim
1187 3888 1404 3954 habent,
1443 3886 1527 3939 Ne
1566 3902 1738 3955 capra.
1762 3886 1886 3937 tum
1913 3886 2124 3953 pascat.
2192 3883 2388 3938 Prima
2414 3885 2590 3953 ὁρίων
2615 3886 2834 3954 syllaba

537 3982 704 4035 huius
748 3980 905 4033 uerbi
950 3978 1183 4044 Natum,
1241 3976 1526 4042 defecerat’
1588 3975 1867 4029 Victorius
2007 3974 2370 4042 necapratum
2415 3975 2612 4042 pascat
2649 3974 2834 4029 PAB

538 4085 609 4122 ne
657 4085 853 4138 capras
901 4084 1025 4120 cum
1072 4069 1271 4136 pascat
1305 4082 1359 4118 m
1404 4080 1474 4117 ne
1521 4079 1718 4132 capras
1758 4064 2081 4131 compascat
2115 4079 2147 4117 v
2295 4068 2361 4116 14
2399 4063 2472 4116 ab
2508 4064 2672 4117 tauro
2719 4063 2833 4117 VA

538 4174 573 4211 a
608 4159 770 4212 tauro
798 4159 854 4211 Β
1002 4161 1066 4209 15
1103 4154 1292 4223 inquit
1326 4153 1436 4207 VB
1472 4151 1670 4220 inquid
1697 4150 1753 4204 A
1801 4169 1804 4172 ’
1894 4150 2032 4220 Agri
2063 4169 2134 4206 ne
2174 4152 2410 4206 Ursinus
2556 4157 2620 4206 16
2659 4168 2832 4220 quae—

541 4246 671 4299 dam
705 4248 1134 4316 superscriptum
1167 4245 1231 4297 in
1259 4242 1313 4296 A
1442 4246 1503 4294 17
1545 4238 1741 4293 dixisti
1770 4241 2064 4295 Iucundws
2193 4247 2257 4295 18
2288 4241 2513 4311 caprae]
2545 4258 2746 4311 capere
2773 4241 2831 4294 A

684 4352 746 4408 ee
783 4335 932 4389 enim
968 4334 1082 4387 PB
1119 4333 1224 4386 hec
1262 4329 1410 4384 enim
1438 4329 1559 4383 Am
1596 4329 1704 4383 bae
1742 4330 1891 4383 enim
1926 4347 1960 4384 v
2107 4336 2171 4384 19
2210 4332 2379 4398 atque
2416 4329 2528 4383 VB
2564 4330 2746 4398 adque
2775 4332 2833 4384 A

683 4429 752 4477 20
797 4425 862 4477 ut
906 4440 973 4476 ex
1020 4421 1247 4491 caprino
1285 4421 1382 4474 Bv
1429 4420 1494 4471 ut
1538 4418 1569 4470 e
1618 4416 1845 4487 caprino
1890 4424 1954 4472 ut
1989 4418 2204 4473 videtur
2243 4419 2300 4472 P
2341 4420 2406 4472 ut
2444 4418 2672 4489 caprino
2709 4418 2832 4474 Am

680 4513 869 4568 hostia.
913 4529 1048 4567 corr.
1092 4543 1149 4548 ——
1195 4527 1230 4562 a.
1266 4510 1318 4561 A

2872 1528 2926 1565 10

2866 2597 2926 2635 20
