3178 5185
525 419 654 484 306
1209 428 1592 485 COMMENT.
1628 431 1709 485 IN
1748 430 2121 485 VARRONIS

532 595 658 645 tum
708 593 852 665 erat,
899 584 1113 665 delevi,
1159 589 1662 647 salsamentorum
1711 590 1772 647 in
1831 605 1935 648 eas
1975 589 2249 662 piscinas
2295 593 2552 663 emptum
2599 590 2817 648 coicie-

524 692 643 771 bat,
683 709 817 751 cum
854 709 1027 753 mare
1064 693 1344 754 turbaret
1382 712 1459 754 ac
1491 713 1608 769 per
1645 700 2054 770 tempestatem
2092 697 2406 754 macellum
2427 696 2814 770 piscinarum

523 799 832 857 obsonium
873 802 1223 874 praeberet.
1317 818 1449 859 nam
1500 802 1808 877 genetivus
1853 804 2352 861 salsamentorum
2406 818 2539 859 cum
2598 809 2812 860 neutro

525 905 821 983 participii
879 913 1135 981 emptum
1202 908 1556 967 coniunctus
1624 918 1731 967 est.
1823 909 2183 985 piscinarum
2245 906 2558 966 obsonium
2613 915 2812 967 autem

520 1008 804 1071 dicuntur
852 1011 1091 1091 cibaria,
1139 1031 1288 1091 quae
1336 1012 1648 1074 macellum
1698 1016 1942 1092 piscinis
1990 1011 2251 1092 praebet.

699 1116 1026 1179 Celerius
1073 1118 1454 1181 uoluntate
1503 1120 1834 1180 hortensi
1891 1139 1969 1180 ex
2020 1118 2243 1198 equili
2300 1119 2647 1179 educeres
2700 1139 2810 1179 re-

520 1223 757 1283 darias
804 1233 880 1285 ut
927 1226 1061 1286 tibi
1111 1224 1418 1286 haberes
1477 1226 1700 1286 mulas
1757 1244 1962 1304 quam
2020 1245 2051 1285 e
2099 1227 2378 1304 piscina
2437 1224 2810 1307 barbatum

520 1329 780 1391 mulum
839 1332 1063 1410 adque
1122 1332 1245 1392 ille
1303 1333 1559 1411 inquid
1608 1351 1744 1392 non
1794 1335 2025 1393 minor
2083 1351 2250 1392 cura
2307 1341 2459 1393 erat
2514 1334 2668 1393 eius
2725 1332 2808 1393 de

519 1441 836 1517 aegrotis
885 1438 1216 1517 piscibus
1265 1458 1467 1517 quam
1517 1441 1599 1499 de
1648 1441 1878 1499 minus
1919 1439 2336 1499 ualentibus
2376 1439 2646 1516 seruis]
2696 1440 2809 1500 Re-

520 1549 736 1606 darias
789 1545 880 1607 vel
937 1550 1247 1608 rhetianas
1302 1556 1371 1608 ut
1425 1551 1538 1609 tibi
1591 1550 1850 1609 haberes
1906 1551 2099 1608 mulas
2153 1546 2287 1607 libri
2340 1526 2520 1607 'manu
2582 1549 2810 1629 scripti,

516 1656 840 1713 rhedarios
887 1661 953 1713 ut
998 1657 1112 1714 tibi
1154 1657 1412 1715 haberes
1458 1659 1651 1715 mulos
1696 1655 1850 1715 edita
1900 1663 2035 1714 ante
2083 1654 2406 1714 Victorium
2455 1653 2810 1731 exemplaria

514 1767 574 1820 et
621 1779 693 1819 ex
740 1760 832 1819 his
881 1760 1297 1821 SchneideruS.
1375 1764 1705 1822 rhedarias
1754 1770 1820 1820 ut
1867 1764 1979 1821 tibi
2022 1763 2280 1822 haberes
2328 1766 2524 1821 mulas
2572 1779 2641 1819 ex
2684 1763 2812 1820 suis

515 1865 684 1926 libris
732 1866 1031 1927 Victorius
1081 1869 1444 1928 restituerat.
1538 1875 1606 1927 at
1652 1871 1848 1942 inquit
1895 1871 2010 1946 ille,
2058 1885 2177 1927 non
2224 1870 2422 1926 minor
2474 1884 2632 1926 cura
2679 1871 2812 1927 eius

516 1977 592 2034 de
639 1978 906 2048 aeqrotis
949 1977 1221 2050 piscibus
1268 1972 1508 2054 Merula,
1556 1982 1623 2034 at
1669 1978 1865 2049 inquit
1911 1978 2026 2048 ille,
2073 1991 2193 2034 non
2241 1977 2440 2034 minor
2477 1991 2634 2033 cura
2679 1977 2812 2034 eius

516 2088 654 2140 erat
701 2083 776 2140 de
823 2084 1091 2155 aeyrotis
1130 2083 1405 2157 piscibus
1452 2080 1772 2155 iucunduS,
1833 2099 1910 2141 ac
1959 2084 2048 2140 illi
2100 2098 2220 2140 non
2275 2083 2472 2141 minor
2528 2098 2685 2140 cura
2735 2084 2814 2141 de

514 2188 782 2259 aeqrotis
820 2189 1096 2261 piscibus
1145 2187 1415 2249 Ursinus,
1509 2188 1830 2268 disputatio
1871 2187 2019 2266 Axii,
2058 2189 2158 2247 cui
2195 2187 2340 2246 haec
2379 2195 2696 2266 praecepta
2733 2186 2810 2246 de

513 2293 759 2369 piscinis
816 2294 1040 2356 tributa
1097 2305 1264 2374 sunt,
1330 2293 1401 2355 ab
1469 2297 1597 2374 ipso
1656 2294 1917 2355 Varrone
1986 2313 2102 2353 nou
2169 2293 2422 2353 indicata
2481 2295 2810 2354 mutatione

513 2398 811 2476 loquentis
848 2402 1327 2483 interrumpitur,
1366 2406 1628 2463 celerius
1666 2408 1973 2464 voluntate
2002 2403 2292 2462 Hortensi
2326 2420 2406 2462 ex
2443 2404 2631 2475 equili
2661 2404 2809 2461 edu-

513 2525 684 2567 ceres
729 2510 1034 2583 redariaS,
1081 2517 1150 2570 ut
1188 2511 1300 2570 tibi
1334 2512 1610 2584 babereS,
1650 2514 1859 2583 mulas,
1907 2527 2089 2584 quam
2137 2528 2170 2569 e
2200 2512 2443 2585 piscina
2482 2509 2810 2568 barbatum

511 2618 770 2675 mullum.
864 2634 998 2675 nam
1048 2619 1324 2695 quoniam
1374 2618 1555 2678 Axius
1603 2620 1662 2677 in
1722 2620 1904 2677 asinis
1952 2615 2177 2678 alendis
2224 2635 2288 2676 se
2340 2634 2580 2695 operam
2629 2615 2808 2675 collo·

511 2740 644 2781 care
693 2721 938 2802 dixerat,
986 2726 1129 2784 item
1176 2722 1351 2804 1112,
1396 2722 1466 2804 7,
1521 2727 1723 2785 iocose
1772 2724 1917 2784 baec
1966 2724 2038 2784 de
2096 2723 2273 2785 mulis
2322 2723 2571 2783 redariis
2620 2722 2807 2782 Varro

510 2828 687 2888 addit.
778 2828 992 2889 deinde
1040 2829 1222 2891 Axius
1269 2833 1328 2891 in
1378 2833 1653 2892 instituto
1703 2849 1976 2892 sermone
2035 2833 2254 2910 pergit,
2304 2838 2511 2910 atque,
2568 2833 2668 2890 ille
2716 2833 2808 2890 in·

509 2939 653 3014 quit,
700 2953 821 2995 non
866 2939 1064 2996 minor
1112 2956 1269 2997 cura
1317 2944 1454 2998 erat
1500 2941 1631 2999 eius
1670 2956 1795 3016 sqq.

688 3040 726 3103 8
794 3041 1022 3102 Minus
1070 3042 1449 3105 laborabat
1497 3063 1580 3104 ne
1629 3062 1887 3104 seruos
1926 3027 2139 3122 aeger
2183 3062 2429 3122 aquam
2468 3045 2805 3124 frigidam

511 3158 873 3209 recentem
902 3147 1245 3209 biberent
1287 3151 1398 3210 sui
1435 3148 1716 3228 pisces]
1759 3152 1847 3210 Ne
1885 3169 2097 3210 servus
2136 3168 2323 3226 aeqer
2361 3169 2540 3225 quam
2579 3170 2807 3226 aquam

502 3256 802 3331 friqidam
849 3257 1124 3316 biberent
1176 3259 1276 3315 sui
1329 3259 1530 3332 pisces
1587 3257 1741 3316 edita
1790 3256 1927 3317 inde
1982 3276 2011 3316 a
2069 3258 2340 3336 principe
2398 3257 2654 3318 editione
2704 3276 2803 3316 ex-

510 3362 803 3441 emplaria.
886 3361 1092 3438 lacuna
1143 3371 1484 3441 corruptam
1533 3363 1823 3424 librorum
1865 3365 2224 3442 scripturam
2263 3365 2324 3423 in
2363 3364 2520 3423 hunc
2559 3363 2803 3423 modum

510 3469 792 3547 supplevi,
831 3473 1027 3528 minus
1065 3471 1389 3529 laborabat
1424 3488 1500 3530 ne
1537 3488 1744 3531 servos
1779 3488 1967 3544 aeqer
2005 3487 2226 3544 aquam
2259 3469 2579 3549 friyidam,
2617 3488 2803 3545 quam

508 3582 575 3634 ut
619 3593 752 3635 eam
798 3583 1102 3636 recentem
1149 3579 1424 3637 biberent
1468 3580 1566 3636 sui
1601 3580 1827 3653 pisces.

685 3681 1012 3743 Piscinas
1076 3685 1232 3743 eius
1298 3683 1757 3760 despiciebat
1832 3684 2017 3762 quod
2084 3685 2477 3744 aestiuaria
2544 3684 2803 3743 idonea

508 3808 644 3848 non
692 3788 991 3850 haberet
1038 3808 1112 3849 ac
1161 3789 1400 3849 reside
1450 3808 1625 3869 aqua
1674 3792 1746 3849 in
1793 3790 1975 3850 locis
2024 3790 2553 3870 pestilentibus
2599 3789 2800 3849 habi-

510 3903 746 3956 tarent
791 3899 1029 3974 pisces
1080 3894 1279 3973 eius]
1331 3897 1421 3956 Ac
1469 3900 1728 3957 residem
1777 3915 1999 3972 aquam
2047 3901 2109 3957 in
2149 3900 2297 3958 locis
2335 3895 2576 3975 Merula,
2617 3915 2695 3956 ac
2737 3900 2801 3956 in

459 4044 464 4049 .
507 4006 765 4063 residem
823 4022 1045 4078 aquam
1102 4010 1161 4063 et
1227 4006 1375 4063 locis
1434 4002 1753 4063 IucunduS.
1846 4008 2163 4064 aestuaria
2229 4002 2609 4063 scribendum
2665 4021 2802 4062 esse

509 4110 653 4169 vidit
705 4108 983 4190 Ursinus,
1041 4109 1196 4188 quod
1260 4109 1664 4170 Schneiderus
1724 4112 2089 4170 confirmavit
2146 4110 2459 4189 adscriptis
2516 4111 2588 4168 iis
2647 4127 2799 4187 quae

506 4217 578 4275 de
627 4215 687 4276 C.
737 4215 943 4295 Sergio
992 4215 1170 4276 Orata
1221 4225 1422 4277 narrat
1471 4216 1739 4276 Valerius
1786 4216 2076 4277 Maximus
2123 4216 2200 4276 IX
2245 4214 2297 4295 1,
2341 4214 2372 4276 1
2418 4219 2593 4295 idem,
2637 4218 2800 4275 vide·

505 4326 647 4382 licet
699 4340 775 4382 ne
825 4326 1032 4396 qulam
1093 4324 1357 4398 Neptuni
1410 4299 1681 4384 arbitrio*
1728 4325 2062 4385 subiectam
2116 4326 2394 4402 haberet,
2447 4325 2799 4398 peculiaria

503 4430 623 4487 sibi
666 4431 867 4487 maria
905 4432 1278 4504 excoyitavit
1313 4433 1643 4490 aestuariis
1684 4434 2126 4507 intercipiendo
2157 4434 2385 4504 fluctus
2415 4431 2801 4504 pisciumque

506 4537 773 4592 diversos
815 4553 1036 4608 crepes
1073 4539 1376 4610 separatis
1414 4539 1669 4596 molibus
1719 4539 2100 4616 includendo,
2137 4545 2204 4596 ut
2241 4540 2408 4596 nulla
2446 4543 2569 4594 tam
2611 4553 2798 4594 saeva
