3178 5185
520 420 605 484 76
1204 430 1585 486 COMMENT.
1626 432 1705 485 IN
1742 430 2118 487 VARROMS

521 587 722 665 inepta
761 592 901 646 sunt
940 603 1089 663 quae
1129 585 1199 645 ad
1239 585 1621 647 indicativum
1652 586 1891 647 modum
1932 593 1999 647 ut
2036 589 2333 647 adserunt
2368 585 2820 646 defendendum

522 691 787 771 Scaliger
832 700 1205 753 commentus
1253 699 1362 775 est,
1410 688 1628 771 ‘neque
1676 702 1922 772 propter
1961 711 2064 753 eos
2103 693 2343 754 ordines
2384 709 2821 771 cupressorum

518 800 597 858 ita
644 808 950 879 ponuntur
998 800 1163 880 viteS,
1212 808 1280 860 ut
1315 800 1510 861 adseri
1548 799 1741 860 solent
1779 794 2004 861 ulmis'.
2080 798 2184 859 sed
2221 806 2532 879 praeterea
2559 803 2819 875 patiun-

518 914 621 966 tur
677 905 1058 966 scribendum
1118 915 1271 983 erat,
1335 926 1531 983 neque
1599 925 1699 968 eos
1755 925 2038 968 crescere
2093 909 2276 967 altius
2330 924 2513 982 quam
2573 908 2824 967 ridicas

508 1014 852 1094 patiuntur,
899 1031 1094 1088 neque
1133 1021 1389 1090 propter
1435 1032 1535 1075 eos
1580 1021 1653 1075 ιιι
1687 1017 1984 1075 adserant
2018 1017 2182 1074 vites.
2258 1030 2392 1072 nam
2437 1015 2636 1073 minus
2675 1020 2820 1092 apte

517 1117 664 1179 haec
713 1137 950 1199 quoque
999 1119 1071 1179 ad
1118 1118 1263 1180 illud
1310 1120 1468 1199 quod
1527 1139 1707 1199 supra
1760 1122 2050 1199 scriptum
2107 1129 2235 1180 erat
2288 1122 2616 1181 observant
2657 1121 2819 1180 refe-

518 1235 754 1286 runtur.
829 1234 897 1287 ut
961 1230 1257 1288 adserunt
1320 1236 1515 1287 autern
1573 1235 1856 1288 consueta
1918 1226 2072 1306 apud
2129 1225 2451 1286 Varronem
2517 1225 2819 1286 brevitate

515 1332 739 1393 dictum
780 1341 871 1393 est
907 1352 1017 1413 pro
1058 1351 1127 1393 eo
1177 1332 1334 1412 quod
1385 1332 1630 1394 uberius
1669 1334 1983 1394 dicendum
2032 1342 2160 1394 erat
2198 1328 2423 1411 ‘neque
2462 1334 2542 1394 ita
2583 1333 2820 1393 faciunt

516 1447 581 1499 ut
629 1434 967 1502 adserant':
1031 1439 1057 1499 I
1105 1437 1218 1519 20,
1256 1438 1298 1501 2
1343 1444 1451 1501 hos
1496 1448 1816 1502 veteranos
1863 1460 1942 1502 ex
1996 1442 2436 1516 campestribus
2490 1443 2642 1501 locis
2691 1458 2820 1500 non

510 1549 825 1607 emendum
874 1550 935 1607 in
986 1550 1147 1607 dura
1195 1565 1273 1608 ac
1317 1555 1623 1622 montana,
1670 1567 1783 1610 nec
1829 1566 1948 1609 non
1997 1555 2216 1609 contra
2252 1550 2309 1607 si
2344 1550 2576 1621 incidit,
2627 1554 2699 1607 ut
2736 1550 2819 1606 sit

514 1656 840 1728 vitandum,
887 1652 940 1712 11
979 1651 1038 1735 4,
1076 1651 1157 1715 12
1195 1672 1354 1730 quae
1393 1673 1553 1732 prae
1581 1658 2018 1731 pinquitudine
2055 1657 2265 1715 carnis
2301 1671 2420 1715 non
2457 1656 2634 1714 modo
2673 1672 2817 1713 sur-

504 1779 660 1837 qere
705 1778 825 1822 non
858 1767 1075 1838 posset,
1121 1764 1233 1822 sed
1276 1765 1456 1822 etiam
1494 1770 1561 1822 ut
1601 1765 1662 1822 in
1701 1765 1830 1822 eius
1868 1779 2130 1844 corpore
2166 1779 2352 1822 sorex
2388 1778 2575 1821 exesa
2616 1778 2821 1821 carne

509 1871 717 1929 nidum
759 1866 1022 1943 fecisset.
1098 1868 1366 1928 eiusdem
1415 1868 1538 1929 fere
1588 1872 1826 1948 generis
1872 1869 2019 1930 haec
2067 1876 2233 1950 sunt,
2286 1865 2364 1926 111
2405 1864 2462 1948 7,
2490 1864 2534 1927 4
2583 1870 2817 1928 colum-

510 1976 691 2036 baria
737 1977 982 2051 sinqula
1027 1993 1158 2036 esse
1203 1982 1441 2051 oportet
1485 1983 1553 2036 ut
1598 1994 1665 2036 os
1709 1978 1958 2052 habeat,
2013 1972 2071 2056 8,
2113 1973 2146 2036 1
2198 1979 2393 2036 locum
2440 1976 2816 2034 constituen-

512 2085 653 2142 dum
698 2113 786 2124 -—-
834 2099 1088 2157 eumque
1152 2084 1291 2142 item
1356 2089 1424 2142 ut
1489 2085 1564 2142 de
1631 2085 1920 2143 columbis
1985 2086 2212 2143 dictum
2277 2089 2389 2161 est,
2453 2088 2521 2140 ut
2584 2082 2823 2141 babeat

513 2192 747 2264 ostium,
801 2184 902 2268 16,
932 2184 968 2248 7
1018 2206 1213 2263 neque
1260 2191 1484 2264 iqnava
1531 2196 1602 2248 ut
1645 2205 1765 2249 non
1801 2221 1889 2230 --
1927 2192 2188 2249 resistat.

690 2295 1017 2355 Fiscinas
1076 2294 1414 2373 expediet
1469 2293 1745 2373 urnam]
1803 2298 2113 2357 Fiscinam
2177 2298 2400 2373 expedi
2462 2302 2520 2357 et
2584 2311 2816 2355 urnam

511 2403 828 2463 Victorius,

688 2514 900 2568 XXVII
924 2506 957 2569 1
1015 2509 1481 2585 Comprehendit
1508 2509 1690 2569 editio
1721 2511 2002 2589 princeps
2032 2527 2064 2569 a
2094 2508 2383 2569 Politiano
2415 2526 2529 2568 non
2560 2514 2814 2590 mutata,

510 2618 653 2676 item
701 2615 726 2674 Ι
765 2612 870 2695 50,
899 2613 959 2696 2,
1007 2615 1111 2675 sed
1158 2619 1540 2693 comprendit
1582 2616 1836 2694 plurima
1890 2617 2251 2700 apographa,
2307 2629 2367 2677 et
2421 2616 2572 2677 hanc
2624 2615 2814 2676 solam

510 2724 758 2782 sormam
817 2721 999 2782 Varro
1058 2724 1116 2782 in
1174 2721 1372 2783 verbis
1429 2726 1780 2799 conprendo
1837 2731 1898 2784 et
1952 2726 2261 2800 deprendo
2317 2732 2376 2783 et
2431 2724 2491 2782 in
2550 2722 2817 2802 simplici

502 2831 742 2904 prendo
807 2832 867 2887 in
926 2828 1015 2889 his
1082 2827 1250 2889 libris
1316 2827 1659 2908 probavisse
1725 2829 1988 2912 videtur,
2053 2829 2076 2889 1
2140 2830 2201 2910 1,
2257 2826 2356 2890 10.
2417 2827 2480 2900 7,
2520 2827 2577 2889 3.
2639 2827 2711 2910 9,
2758 2828 2814 2890 1.

508 2932 623 3017 40,
662 2932 721 2996 6.
777 2931 890 3017 50,
920 2934 979 2997 2.
1038 2935 1089 2995 11
1134 2934 1186 3012 1,
1217 2934 1279 3000 4.
1324 2935 1404 2996 111
1441 2932 1510 3019 5,
1553 2933 1653 2997 18.
1706 2933 1813 3017 10,
1845 2932 1903 2997 5.
1977 2936 2162 2998 semel
2220 2938 2347 2997 sine
2404 2935 2812 3014 discrepantia

510 3040 799 3102 librorum
875 3041 1093 3120 legitur
1158 3045 1624 3120 comprehensas
1700 3042 1751 3102 11
1807 3041 1875 3124 2,
1932 3041 1971 3103 2
2039 3053 2100 3103 et
2172 3043 2380 3104 eodem
2456 3042 2631 3102 modo
2711 3062 2813 3104 re-

507 3151 841 3225 prehendis
886 3148 911 3207 1
950 3146 1018 3229 2,
1057 3146 1161 3210 24.
2115 3140 2122 3143 ’

689 3253 976 3315 Claeuis
1023 3273 1099 3315 ac
1148 3255 1299 3316 sole
1347 3255 1868 3336 percalefactis
1915 3258 2237 3337 aptiores
2284 3257 2525 3317 facere
2566 3257 2649 3317 ad
2691 3276 2809 3317 ac·

510 3361 927 3441 cipiendum
973 3360 1270 3422 imbrem
1310 3371 1379 3423 et
1417 3362 1495 3422 ad
1536 3381 1715 3442 opus
1753 3363 2130 3424 faciliores
2169 3338 2568 3440 relaxatas]
2627 3365 2810 3423 Cavis

510 3470 588 3528 ab
634 3472 759 3529 sole
796 3468 1238 3545 percalefactis
1294 3474 1562 3547 aptiores
1618 3474 1766 3545 fieri
1818 3474 1905 3531 ad
1957 3474 2382 3548 accipiendum
2438 3472 2695 3531 imbrem
2754 3480 2809 3530 et

509 3578 596 3636 ad
648 3593 796 3651 opus
845 3573 1167 3650 faciliores
1223 3579 1523 3637 relaxatis
1569 3574 1891 3636 Iucundos,
1961 3578 2198 3650 ylaebis
2252 3581 2388 3655 post
2443 3574 2806 3636 Politianum

508 3681 807 3742 Victorius
854 3681 1134 3743 restituit.
1204 3684 1398 3756 alebis
1436 3684 1513 3742 ab
1551 3686 1676 3742 sole
1707 3681 2146 3758 percalefactis
2184 3681 2274 3741 vel
2308 3683 2522 3756 alebas
2561 3684 2641 3743 ab
2682 3687 2809 3744 sole

505 3787 965 3866 percalefactas
1012 3792 1280 3865 aptiores
1320 3791 1468 3862 fieri
1512 3792 1600 3849 ad
1643 3791 2068 3865 accipiendum
2116 3789 2363 3848 imbrem
2419 3796 2478 3849 et
2524 3792 2611 3849 ad
2655 3808 2809 3866 opus

502 3894 822 3971 faciliores
868 3898 1052 3956 reddi
1088 3894 1357 3956 Ursinus,
1433 3906 1635 3956 utrum
1686 3894 1879 3955 deleto
1913 3913 2030 3969 ac,
2078 3893 2235 3973 quod
2281 3896 2343 3954 in
2401 3894 2608 3955 codice
2668 3905 2805 3956 ante

507 4007 631 4064 sole
678 4004 969 4082 scriptum
1019 4010 1161 4082 erat,
1205 4005 1441 4077 alaebis
1484 4006 1610 4064 sole
1649 4001 2089 4079 percalefactis
2137 4000 2517 4062 scribendum
2567 4004 2674 4085 sit,
2731 4020 2802 4062 an

510 4109 707 4171 addita
773 4110 1214 4189 praepositione
1276 4111 1512 4185 qlaebis
1569 4128 1610 4169 a
1664 4113 1789 4170 sole
1835 4106 2302 4188 percalefactis‚
2368 4126 2484 4168 non
2554 4117 2803 4169 constat.

510 4235 644 4278 nam
694 4219 821 4277 sine
869 4217 1307 4296 praepositione
1357 4216 1581 4277 dictum
1640 4225 1730 4276 est
1778 4214 1802 4274 Ι
1841 4212 1898 4296 9,
1921 4213 1971 4283 2
2018 4231 2172 4291 quae
2215 4219 2338 4276 sole
2377 4214 2670 4291 perferve
2717 4219 2802 4276 ita

506 4328 597 4399 fit,
645 4342 782 4384 cum
829 4325 1265 4402 praepositione
1314 4322 1338 4381 1
1380 4320 1481 4404 12,
1509 4320 1550 4383 3
1599 4341 1639 4383 ιι
1683 4325 1809 4383 sole
1846 4330 1966 4383 toto
2006 4325 2104 4383 die
2144 4325 2526 4383 inlustratur.
2589 4322 2800 4403 proba·

513 4431 691 4492 bilius
738 4440 933 4491 tamen
982 4431 1175 4490 visum
1214 4438 1305 4490 est
1354 4448 1392 4489 a
1438 4434 1578 4503 sole,
1628 4448 1802 4508 qnam
1853 4429 2008 4508 quod
2059 4429 2196 4488 oiim
2246 4427 2382 4488 dedi
2425 4433 2567 4503 sole,
2617 4438 2678 4490 et
2722 4427 2800 4488 111

511 4536 570 4618 8,
599 4535 640 4598 3
691 4543 1048 4597 a·stercore
1093 4555 1171 4597 ne
1216 4537 1611 4611 offendantur
1657 4537 1856 4616 potius
1905 4554 2081 4614 quam
2131 4542 2429 4609 stercore,
2487 4533 2591 4595 ubi
2638 4537 2799 4596 simi·
