3178 5185
875 401 1130 458 RERVM
1166 402 1639 458 RVSTICARVM
1677 402 1814 458 LIB.
1851 402 1878 456 1
1917 406 2070 463 3—5
2509 404 2633 469 133

309 569 475 630 aliud
531 580 638 631 est
688 579 862 650 atque
911 569 1031 630 alea
1079 571 1303 631 domini
1341 573 1490 631 vitae
1529 590 1597 632 ac
1636 573 1725 632 rei
1762 572 2081 632 familiaris,
2173 591 2284 633 nec
2322 571 2468 634 haec
2505 592 2623 633 non
2646 579 2684 634 4

310 677 711 738 deminuitur
767 680 1028 739 scientia.
1128 679 1208 738 ita
1265 681 1421 738 enim
1479 679 1823 761 salubritaS‚
1881 698 2029 758 quae
2087 679 2326 740 ducitur
2383 700 2415 740 e
2472 680 2632 741 caelo

308 804 379 845 ac
430 793 643 867 terra,
699 804 819 846 non
867 793 958 846 est
1003 787 1065 845 in
1112 792 1316 845 nostra
1363 792 1685 866 potestate,
1743 786 1845 846 sed
1894 788 1956 846 in
2002 795 2275 867 naturae,
2323 795 2389 848 ut
2438 797 2632 849 tamen

307 892 590 953 multum
639 895 719 953 sit
764 896 826 953 in
872 891 1062 972 nobiS‚
1111 910 1227 970 quo
1275 895 1543 970 graviora
1592 912 1742 972 quae
1791 900 1931 953 sunt
1968 912 2037 952 ea
2075 893 2374 972 diligentia
2413 894 2632 955 leviora

257 1010 282 1049 ⁵
310 1000 522 1060 facere
597 1002 917 1079 possimus.
1018 1001 1240 1059 etenim
1305 1001 1355 1059 si
1420 1008 1665 1080 propter
1730 1008 1951 1060 terram
2008 1009 2110 1061 aut
2165 996 2375 1080 aquam
2432 1002 2631 1082 odore,

311 1125 502 1185 quem
578 1106 778 1186 aliquo
834 1105 963 1167 loco
1021 1113 1277 1188 eructat,
1342 1107 1715 1185 pestilentior
1772 1115 1863 1168 est
1918 1107 2164 1188 funduS‚
2230 1115 2329 1168 aut
2384 1115 2630 1188 propter

312 1213 470 1273 caeli
521 1216 839 1292 regionem
886 1231 1026 1292 ager
1073 1213 1318 1274 calidior
1365 1217 1459 1296 sit,
1507 1222 1609 1275 aut
1655 1223 1867 1275 ventus
1913 1232 2034 1274 non
2081 1214 2273 1274 bonus
2317 1214 2436 1295 sset,
2484 1214 2628 1276 haec

312 1321 458 1381 vitia
522 1321 835 1406 emendari
884 1319 1075 1380 solent
1122 1321 1343 1382 domini
1390 1322 1640 1382 scientia
1687 1341 1753 1383 ac
1801 1330 2069 1404 sumptu,
2118 1323 2275 1402 quod
2322 1323 2629 1409 permagni

311 1429 608 1509 interest,
656 1426 772 1488 ube
821 1429 939 1488 sint
984 1429 1209 1506 positae
1259 1428 1446 1511 villae,
1496 1436 1750 1509 quantae
1796 1431 1931 1510 sint,
1980 1449 2097 1508 quo
2137 1438 2408 1508 spectent
2445 1433 2628 1509 porti-

234 1547 284 1584 10
312 1534 523 1615 cibuS‚
587 1536 759 1595 ostiis
807 1554 873 1595 ac
930 1535 1228 1595 fenestriS.
1327 1554 1401 1595 an
1457 1553 1576 1595 non
1634 1535 1731 1596 ille
1787 1536 2179 1615 Hippocrates
2235 1537 2502 1597 medicus
2558 1540 2680 1600 in5

313 1659 537 1720 magna
598 1641 937 1721 pestilentia
992 1660 1112 1702 non
1167 1660 1353 1702 unum
1411 1661 1644 1721 agrum,
1711 1643 1814 1703 sed
1872 1644 2053 1704 multa
2111 1645 2326 1724 oppida
2383 1646 2631 1704 scientia

313 1745 632 1809 servavit?
732 1749 834 1809 sed
894 1749 1036 1828 quid
1094 1767 1201 1827 ego
1257 1748 1424 1810 illum
1483 1769 1626 1810 voco
1685 1751 1756 1810 ad
1813 1748 2264 1812 testimonium?
2355 1770 2476 1811 non
2531 1751 2628 1811 hic

311 1854 510 1916 Varro
572 1864 806 1938 noster),
862 1875 999 1917 cum
1046 1855 1336 1934 Corcyrae
1393 1865 1552 1917 esset
1600 1859 1901 1918 exercitus
1948 1877 2015 1918 ac
2062 1859 2269 1919 classis
2317 1867 2377 1919 et
2422 1877 2629 1918 omnes

314 1963 543 2024 domus
611 1963 870 2043 repletae
938 1970 1138 2024 essent
1204 1965 1460 2042 aegrotis
1509 1984 1576 2024 ac
1626 1965 1962 2046 funerihuS,
2028 1968 2293 2026 inmissis
2347 1966 2627 2026 fenestris

235 2079 284 2117 1⁵
310 2071 490 2130 novis
572 2071 846 2149 aquilone
922 2078 982 2130 et
1055 2070 1381 2131 obstructis
1453 2070 1873 2151 pestilentibus
1933 2073 2225 2152 ianuaque
2291 2080 2627 2151 permutata

309 2184 646 2256 ceteraque
701 2178 830 2237 eius
885 2179 1120 2256 generis
1178 2176 1485 2256 diligentia
1538 2197 1677 2238 suos
1727 2180 1973 2238 comites
2021 2196 2088 2238 ac
2140 2176 2418 2238 familiam
2463 2179 2624 2237 inco-

310 2282 517 2343 lumes
569 2280 850 2344 reduxit?
1692 2276 1734 2285 ”

505 2390 624 2450 Sed
684 2392 963 2469 quoniam
1020 2394 1144 2470 agri
1199 2390 1465 2452 culturae
1522 2392 1680 2472 quod
1730 2400 1889 2453 esset
1937 2390 2049 2470 [id]
2097 2392 2333 2451 initium
2382 2398 2440 2450 et
2487 2390 2622 2450 finis
2660 2392 2707 2452 V

315 2497 461 2579 dixi,
512 2495 878 2574 relinquitur
927 2505 1070 2575 quot
1116 2505 1316 2577 partes
1359 2517 1428 2558 ea
1466 2488 1777 2577 disciplina
1816 2498 2029 2559 habeat
2070 2506 2134 2559 ut
2173 2500 2250 2558 sit
2286 2498 2624 2558 videndum.

242 2612 290 2651 2⁰
317 2604 625 2685 Equidem
681 2604 1144 2665 innumerabiles
1199 2605 1347 2666 mihi
1404 2606 1706 2687 videntur,
1763 2609 1958 2685 inquit
2004 2608 2245 2686 AgriuS‚
2302 2624 2439 2666 cum
2494 2605 2623 2684 lego

320 2712 513 2772 libros
564 2711 962 2790 Theophrasti
1009 2712 1351 2793 conplureS‚
1410 2715 1514 2792 qui
1560 2712 1976 2773 inscribuntur
2022 2716 2229 2792 φυτῶν
2265 2713 2520 2793 ἱστορίας
2566 2723 2625 2772 et

322 2818 500 2879 alteri
558 2820 824 2897 φυτικῶν
878 2818 1096 2879 αἰτίων.
1136 2875 1145 2884 ,
1190 2818 1352 2879 Stolo
1363 2866 1380 2901 ‚
1436 2818 1569 2901 Isti,
1625 2820 1844 2901 inquit,
1899 2818 2041 2879 libri
2085 2838 2205 2880 non
2251 2828 2369 2880 tam
2417 2819 2615 2880 idonei
2639 2824 2673 2881 2

469 3083 500 3130 1
542 3078 670 3133 alea
696 3094 728 3133 v
758 3077 873 3133 alia,
895 3077 1079 3132 PAB
1195 3084 1227 3132 2
1267 3077 1491 3133 ducitur
1514 3093 1547 3133 v
1577 3073 1783 3132 dicitur
1810 3078 1991 3134 PAB
2100 3083 2133 3132 ὅ
2171 3077 2398 3134 odorem
2438 3078 2625 3135 PAB

323 3168 630 3222 odoremue
665 3183 698 3222 v
845 3173 877 3219 6
926 3165 1141 3238 aliquo]
1190 3165 1336 3221 alico
1373 3167 1428 3220 A
1575 3173 1607 3222 7
1647 3165 1883 3223 calidior
1919 3168 1993 3221 sit
2040 3168 2153 3225 VB
2191 3167 2422 3223 calidior
2467 3169 2532 3222 fit
2566 3168 2622 3222 A

470 3291 569 3346 flet
602 3308 635 3345 v
672 3292 773 3346 fiet
808 3289 990 3346 PAB
1134 3297 1167 3346 8
1188 3291 1357 3360 quod
1391 3268 1589 3361 &agni
1625 3292 1680 3345 A
1826 3299 1858 3347 9
1896 3294 2003 3348 ube
2031 3292 2088 3346 P
2121 3292 2227 3348 ube
2264 3310 2403 3349 corr.
2442 3293 2540 3348 ubi
2568 3294 2622 3347 A

322 3379 421 3434 ubi
450 3381 508 3434 Β
546 3379 634 3434 uti
657 3379 800 3435 bene
828 3397 861 3434 v
1007 3381 1263 3449 spectent
1289 3397 1320 3434 v
1350 3381 1610 3449 spectant
1639 3381 1823 3436 PAB
1971 3387 2037 3436 10
2066 3381 2222 3437 ostiis
2261 3383 2313 3435 V
2336 3382 2538 3437 hostiis
2566 3383 2620 3436 A

321 3468 564 3524 hoostiis
601 3470 658 3524 Β
805 3475 868 3522 11
919 3466 1155 3524 scientia.
1194 3470 1625 3539 superscriptum
1660 3471 1725 3525 in
1760 3470 1816 3523 A
1963 3476 2027 3524 12
2074 3470 2211 3540 quid
2248 3486 2353 3541 ego
2390 3488 2530 3527 uoco
2567 3473 2622 3526 A

324 3575 466 3613 corr.
515 3558 651 3627 quid
698 3576 825 3613 eum
872 3575 977 3628 ego
1023 3575 1164 3613 uoco
1211 3557 1294 3612 Α.2
1439 3563 1504 3611 13
1562 3575 1629 3613 ac
1676 3558 1871 3613 classis
1917 3559 2039 3614 AB
2096 3561 2154 3613 et
2191 3559 2383 3614 classis
2432 3560 2485 3613 V

329 3652 396 3701 14
434 3646 679 3715 aegrotis
717 3647 906 3701 essent
940 3664 1080 3703 corr.
1119 3648 1308 3701 essent
1343 3646 1592 3716 aegrotis
1628 3648 1685 3704 Β
1827 3646 2072 3703 inmissis
2107 3649 2163 3702 A
2200 3647 2463 3703 immissis
2504 3649 2621 3704 PB

326 3735 580 3790 immisso
616 3753 648 3790 v
796 3741 862 3790 15
900 3737 1060 3792 nouis
1100 3738 1158 3804 et
1202 3734 1261 3805 ol
1293 3736 1556 3809 aquilone
1671 3756 1675 3760 ⁴
1705 3742 1769 3791 16
1810 3738 2141 3807 caeteraque
2183 3738 2235 3792 V

473 3830 539 3879 18
596 3823 707 3878 Sed
761 3824 1054 3896 quoniam]
1111 3825 1193 3881 De
1247 3824 1500 3896 partibus
1528 3826 1620 3884 ‚in
1671 3827 1918 3895 marqine
1971 3828 2200 3883 rubrica
2234 3827 2289 3880 A
2470 3826 2622 3895 quod

330 3915 476 3969 esset
521 3912 747 3967 initium
793 3913 1089 3969 Iucwndus
1248 3913 1479 3969 inicium
1519 3915 1570 3968 A
1716 3918 1773 3970 et
1817 3914 1942 3968 finis
1991 3915 2103 3970 VA
2150 3933 2216 3970 ac
2259 3916 2385 3970 finis
2422 3917 2479 3971 Β

333 4010 398 4058 19
453 4003 594 4072 quot
646 4004 835 4073 partes
871 4021 903 4058 v
964 4005 1117 4073 quod
1168 4007 1357 4075 partes
1399 4005 1456 4057 P
1511 4004 1662 4073 quod
1713 4007 1904 4074 patres
1958 4022 2094 4061 corr.
2140 4004 2291 4074 quod
2336 4007 2527 4072 partes
2564 4007 2620 4059 A

330 4091 482 4161 quod
535 4092 724 4160 partes
762 4092 819 4147 B
971 4099 1041 4147 20
1093 4092 1266 4149 michi
1301 4094 1358 4150 B
1509 4093 1695 4163 inquit
1743 4094 1856 4148 VB
1901 4093 2096 4162 inquid
2139 4094 2196 4149 A
2339 4098 2406 4146 21
2459 4094 2618 4148 theo-

328 4179 520 4249 phrati
554 4178 610 4233 A
755 4181 1068 4251 complures
1118 4181 1296 4237 VAB
1456 4183 1678 4252 phyton
1731 4181 1993 4238 historias
2042 4186 2100 4237 et
2145 4181 2310 4237 alteri
2347 4175 2620 4251 physicon

330 4270 517 4324 aetion
576 4270 690 4334 VB
730 4265 929 4339 phiton
974 4269 1252 4339 hystorias
1291 4272 1349 4325 et
1385 4270 1552 4325 alteri
1587 4270 1844 4346 phisicon
1882 4272 2068 4326 aetion
2105 4272 2177 4327 A.
2256 4270 2389 4337 ‘Qui
2423 4271 2617 4326 inscri-

327 4359 536 4414 buntur
572 4365 767 4428 φυτῶν
799 4354 1058 4429 ἱστορίας.
1124 4360 1195 4413 Et
1233 4358 1396 4414 alteri
1425 4367 1677 4429 φυτικῶν
1707 4357 1917 4415 αἰτιῶν.
1993 4359 2157 4413 Vetus
2183 4360 2314 4415 haec
2340 4365 2417 4415 est
2444 4361 2617 4429 lectio,

327 4465 396 4504 ‘ne
434 4464 638 4518 puerum
673 4449 888 4518 quidem
926 4467 962 4504 a
996 4450 1154 4505 nobis
1189 4450 1498 4505 immutata’
1548 4450 1822 4505 Victorius
1964 4454 2031 4502 22
2070 4449 2256 4505 stolon
2290 4450 2389 4505 isti
2436 4450 2615 4505 VAB

469 4536 656 4607 inquit
692 4537 797 4592 VB
832 4536 1027 4608 inquid
1062 4539 1117 4592 A
