3178 5185
529 375 660 438 214
1221 378 1603 434 COMMENT.
1641 377 1723 432 IN
1759 375 2134 431 VARRONIS
2200 422 2203 426 Α

531 537 749 618 quibus
811 536 1076 618 aluntur,
1138 537 1299 613 ipsae
1362 552 1599 612 quoque
1663 551 1912 611 corpora
1970 549 2223 610 purgare
2281 529 2525 590 soleant.
2618 530 2811 606 itaque

533 645 761 723 expleta
811 643 1016 703 lacuna
1074 652 1412 720 corruptam
1472 640 1776 720 archetypi
1833 640 2188 718 scripturam
2243 639 2303 697 in
2360 637 2521 723 hunc
2581 635 2814 695 modum

440 828 445 835 ¹
536 753 786 825 correxi,
826 769 864 811 a
905 751 1305 827 pastionibus,
1344 751 1509 824 quoa
1543 750 1630 808 ad
1673 750 1954 808 alendum
1992 749 2137 807 utile
2175 748 2338 821 quod
2365 747 2441 818 fit
2477 745 2554 804 ab
2593 745 2815 804 hordeo

534 867 592 920 el
636 862 835 935 stapla
883 864 942 918 et
988 860 1224 918 omnino
1273 858 1452 916 arido
1500 863 1560 916 et
1599 858 1780 929 firmo
1827 856 1961 915 cibo
2002 856 2241 931 pecude
2280 859 2494 929 pasta‚·
2558 853 2644 910 ad
2681 869 2816 926 per-

528 968 921 1043 purqandam
969 966 1046 1024 ab
1094 982 1196 1039 ea,
1244 981 1403 1039 quae
1449 981 1487 1023 a
1535 965 1726 1022 viridi
1762 969 1971 1038 pasta,
2020 978 2089 1021 eo
2135 962 2352 1040 maqis,
2399 962 2456 1019 si
2502 957 2700 1033 fuerit
2745 960 2837 1017 ex·

534 1075 764 1146 herbiS,
822 1090 980 1148 quae
1036 1074 1204 1148 ipsae
1257 1076 1530 1145 sumptae
1580 1086 1975 1145 perpurqare
2027 1071 2219 1129 solent
2273 1083 2539 1143 corpora
2594 1072 2817 1125 nostra.

538 1178 746 1240 similia
788 1187 1099 1258 praecepta
1138 1176 1211 1237 de
1250 1184 1460 1237 natura
1500 1175 1671 1236 lactis
1710 1185 1850 1235 sunt
1888 1175 2042 1254 apud
2073 1173 2476 1233 Dioscoridem
2516 1173 2588 1232 de
2621 1180 2819 1232 mater.

541 1287 691 1346 med.
737 1285 790 1346 11
831 1281 915 1346 75
960 1282 1095 1346 πᾶν
1145 1276 1218 1345 δὲ
1265 1275 1433 1362 γάλα
1478 1282 1735 1355 κοιλίας
1780 1274 1889 1343 καὶ
1937 1273 2273 1361 στομάχου
2319 1269 2819 1360 ἀνατρεπτικόν,

542 1384 712 1454 ὅπου
760 1385 894 1452 ἐστὶ
942 1381 1114 1471 νομὴ
1157 1387 1547 1469 σκαμμωνία
1596 1378 1634 1468 ἢ
1678 1383 2028 1468 ἐλλέβορος
2073 1377 2115 1467 ἢ
2165 1380 2547 1461 λινόζωστις
2591 1375 2633 1465 ἢ
2681 1387 2821 1465 κλη-

540 1498 749 1579 ματίς,
798 1488 1017 1577 ὥσπερ
1063 1490 1173 1558 καὶ
1223 1492 1294 1557 ἐν
1340 1503 1479 1569 τοῖς
1530 1486 1924 1568 Οὐεστίνοις
1971 1487 2196 1575 ὄρεσιν
2241 1483 2361 1574 ὑφ’
2416 1484 2606 1573 ἡμῶν
2656 1486 2820 1555 ἱστό-

543 1624 753 1685 ρηται.
843 1607 1042 1681 stupla
1092 1621 1162 1663 ex
1211 1602 1530 1682 archetypo
1579 1603 1832 1662 restitui.
1927 1601 2129 1661 eadem
2180 1599 2447 1661 vocabuli
2504 1600 2691 1660 forma
2738 1613 2827 1661 est

545 1715 604 1773 in
663 1710 991 1789 menologio
1057 1712 1280 1770 rustico
1339 1708 1475 1770 CIL
1542 1729 1592 1770 v.
1640 1709 1665 1768 Ι
1713 1730 1766 1788 p.
1806 1705 1933 1770 359
1994 1707 2155 1768 XXII
2182 1708 2246 1788 Β,
2295 1704 2378 1769 15
2433 1698 2698 1788 stuplae,
2752 1706 2825 1768 ib.

546 1818 706 1879 XXII
736 1819 800 1900 A,
843 1815 924 1879 14
970 1821 1263 1894 stupidae.
1339 1820 1535 1878 viride
1581 1817 1655 1877 de
1704 1816 1918 1896 pabulo
1966 1809 2182 1895 legitur
2224 1816 2249 1875 I
2288 1812 2390 1896 31,
2419 1813 2462 1876 4
2509 1835 2590 1877 ex
2629 1815 2829 1891 fabali

549 1934 749 2002 seqete
794 1928 990 1986 viride
1035 1932 1279 1999 sectum,
1327 1924 1402 1986 ib.
1443 1922 1483 1986 5
1521 1927 1743 2002 pabuli
1785 1943 1975 1986 causa
2024 1927 2236 1985 viride.

724 2033 770 2091 Α
816 2031 1197 2110 mulgendo
1246 2032 1472 2112 adque
1521 2039 1682 2092 ortu
1730 2033 2069 2112 optimum
2109 2041 2217 2091 est
2264 2031 2331 2091 id
2370 2031 2553 2110 quod
2604 2049 2826 2110 neque

549 2142 731 2201 enim
790 2158 943 2199 cum
1000 2139 1207 2218 longe
1265 2137 1465 2199 abest
1514 2158 1544 2198 a
1593 2137 1817 2199 mulso
1866 2157 2093 2217 neque
2143 2156 2173 2197 a
2230 2146 2439 2217 partu
2488 2141 2827 2199 continuo

549 2256 656 2307 est
722 2243 1105 2325 sumptum]
1181 2248 1356 2318 Quod
1407 2264 1600 2321 neque
1655 2253 1994 2307 emunctam
2058 2249 2233 2322 lonye
2290 2248 2459 2306 abest
2513 2245 2827 2306 Iucundus.

550 2356 902 2415 sententiam
969 2353 1395 2414 demonstravit
1460 2354 1801 2413 coniectura
1866 2351 2092 2432 Ursini,
2161 2371 2200 2413 a
2264 2356 2609 2429 mulqendo,
2676 2356 2832 2429 quod

551 2466 833 2538 optimum
880 2468 968 2521 est
1014 2464 1096 2541 id,
1142 2463 1305 2536 quod
1348 2478 1541 2535 neque
1585 2464 1763 2536 lonqe
1809 2461 1978 2520 abest
2015 2478 2208 2535 neque
2252 2478 2290 2519 a
2321 2467 2510 2536 partu
2551 2464 2828 2522 continuo

439 2602 448 2610 ·
553 2577 639 2631 est
685 2572 987 2630 mulctum.
1063 2566 1237 2628 verba
1277 2567 1431 2628 facili
1470 2567 1879 2628 emendatione
1919 2567 2185 2647 egebant,
2224 2585 2262 2628 a
2300 2570 2620 2644 mulqendo
2661 2575 2834 2643 alque

552 2683 691 2739 orta
740 2680 1022 2752 optimum
1070 2683 1158 2736 est
1213 2679 1279 2735 id
1331 2678 1495 2751 quod
1547 2693 1742 2751 neque
1796 2678 2044 2736 nimium
2100 2679 2275 2751 lonqe
2334 2677 2502 2735 abest
2556 2694 2597 2735 a
2651 2680 2831 2735 malso
2922 2673 2925 2674 ⁷

555 2802 749 2859 neque
795 2801 833 2842 a
874 2790 1063 2859 partu
1122 2785 1404 2843 continuo
1461 2789 1549 2842 est
1604 2789 1916 2859 sumptam.
2010 2780 2264 2841 mulsum
2331 2792 2528 2842 autem
2595 2791 2834 2861 propter

555 2890 928 2950 dulcedinem
977 2889 1194 2949 dicitur
1239 2887 1327 2949 lac
1375 2889 1531 2967 quod
1579 2907 1611 2948 a
1660 2897 1832 2967 partu
1881 2890 2137 2967 primum
2185 2897 2297 2950 est:
2359 2888 2503 2949 Plin.
2544 2888 2594 2949 X
2634 2885 2720 2951 52
2767 2888 2833 2947 de

555 3000 750 3057 iecore
800 2999 1027 3057 anseris
1075 3004 1412 3074 exemptum
1458 3014 1693 3072 quoque
1739 3000 1898 3056 lacte
1942 3000 2128 3057 mulso
2176 3004 2454 3072 auqelur.

733 3102 773 3166 3
822 3103 906 3163 Et
944 3107 1154 3164 eti-am
1193 3111 1303 3164 est
1340 3101 1762 3179 discrimen]
1794 3104 1902 3163 Est
1939 3106 2119 3164 eliam
2158 3106 2482 3164 discrimen
2521 3102 2836 3165 Iucundos.

559 3220 618 3272 et
654 3215 834 3272 etiam
872 3211 1088 3289 legitur
1127 3211 1152 3270 I
1183 3209 1283 3290 17,
1313 3208 1354 3271 2
1393 3218 1452 3272 et
1487 3214 1669 3271 etiam
1706 3229 1870 3271 nunc
1905 3216 2045 3270 sunt
2082 3213 2143 3270 in
2183 3210 2346 3284 Asia,
2384 3206 2488 3289 48,
2510 3209 2543 3271 1
2588 3215 2838 3272 aristam

561 3326 619 3379 et
656 3322 854 3392 eliam,
884 3321 1171 3395 primitus
1207 3321 1379 3395 spica
1419 3335 1554 3379 cam
1594 3321 1811 3398 oritur,
1849 3320 2149 3395 vayinam,
2188 3312 2290 3397 59,
2329 3312 2369 3377 3
2409 3320 2647 3394 punica
2684 3322 2841 3379 mala

566 3458 641 3468 —
684 3433 928 3485 matura
975 3434 1034 3486 et
1080 3430 1259 3486 etiam
1308 3429 1634 3501 inmatura,
1682 3424 1733 3484 Π
1771 3424 1952 3505 praef.
1993 3420 2035 3485 5
2082 3427 2462 3500 disciplinam
2490 3458 2579 3466 —-
2600 3429 2840 3501 pecoris

555 3536 857 3609 pascendi
901 3540 959 3593 et
1004 3536 1184 3593 eliam
1230 3535 1536 3593 villaticae
1574 3534 1900 3609 pastionis,
1951 3529 2006 3605 7,
2045 3529 2086 3592 2
2135 3538 2306 3591 aetas
2352 3536 2745 3608 coqnoscitur
2788 3539 2845 3592 et

563 3656 853 3714 equorum
905 3672 980 3681 —
1034 3647 1093 3700 et
1137 3642 1317 3699 etiam
1364 3646 1790 3712 cornatarum,
1839 3637 1917 3697 111
1955 3634 2015 3719 9,
2053 3633 2092 3697 9
2139 3656 2299 3712 quae
2352 3645 2496 3698 ante
2553 3647 2666 3701 aut
2711 3646 2845 3716 post

564 3754 714 3808 nata
759 3754 900 3807 sant
944 3755 1004 3807 et
1047 3750 1227 3807 etiam
1261 3749 1471 3823 prima
1520 3764 1589 3806 eo
1646 3753 1909 3822 tempore
1963 3763 2082 3805 non
2136 3748 2547 3822 supponenda.
2642 3755 2843 3807 contra

566 3842 746 3915 eliam
792 3873 900 3934 per
949 3872 1011 3913 se
1060 3856 1118 3913 in
1167 3854 1479 3932 iungendis
1527 3853 1723 3914 verbis
1769 3855 2028 3933 positum
2076 3860 2168 3913 est
2211 3852 2232 3912 1
2271 3851 2353 3914 47
2404 3870 2577 3914 omne
2623 3856 2843 3913 iumen·

568 3970 690 4022 tam
738 3964 919 4022 etiam
957 3963 1269 4037 hominem,
1316 3959 1369 4018 ΙΙ
1406 3957 1465 4040 4,
1511 3957 1593 4020 10
1631 3963 1832 4036 prisci
1865 3978 2100 4035 qaoque
2136 3960 2346 4020 Latini
2380 3962 2560 4020 etiam
2606 3961 2842 4032 Graeci,

565 4067 645 4127 111
687 4065 786 4148 12,
828 4066 862 4129 1
914 4074 1132 4144 iuqera
1181 4071 1598 4143 quadraqinta
1647 4071 1728 4109 —'—
1778 4070 1958 4128 etiam
2004 4069 2118 4127 hoc
2163 4069 2374 4126 maius.

744 4172 787 4235 4
852 4174 1106 4234 Tamen
1155 4177 1213 4234 si
1259 4174 1412 4234 loca
1460 4181 1760 4253 propter
1808 4182 1876 4233 et
1921 4172 2257 4252 pabulum
2305 4172 2653 4252 disparile
2716 4190 2843 4233 non

567 4301 788 4362 usque
837 4300 1113 4361 quaque
1159 4281 1341 4342 idem
1391 4282 1475 4342 fit
1531 4281 1742 4341 lactis
1790 4280 1965 4342 duos
2012 4282 2313 4360 congios
2362 4279 2633 4340 addunt
2679 4267 2839 4340 coa·

522 4429 525 4434 -
567 4387 834 4469 guium]
871 4389 1134 4450 Tametsi
1159 4397 1417 4466 propter
1453 4393 1588 4449 loca
1619 4389 1772 4448 edita
1810 4388 1947 4448 inde
1986 4407 2015 4447 a
2056 4389 2322 4467 principe
2362 4387 2621 4447 editione
2653 4403 2843 4446 exem-

572 4496 770 4575 plaria.
846 4498 1206 4574 postpositae
1244 4505 1379 4574 post
1417 4513 1631 4555 nomen
1670 4496 2122 4574 praepositionis
2151 4501 2408 4572 propter
2436 4492 2546 4553 alia
2586 4492 2843 4572 exempla

690 4685 715 4725 D
