3178 5185
570 400 611 462 2
622 400 701 466 10,
1552 397 1927 453 VARRONIS

570 564 734 626 Italia
789 564 1049 644 Reatini,
1116 582 1303 643 usque
1361 582 1458 644 e0‚
1525 573 1591 624 ut
1647 582 1773 624 mea
1840 566 2124 624 memoria
2178 566 2382 624 asinus
2437 565 2695 624 venierit
2761 580 2891 623 ses·

572 673 766 732 tertiis
829 671 1070 732 milibus
1136 673 1438 749 sexaginta
1505 678 1564 731 et
1621 689 1772 731 unae
1830 671 2149 749 quadrigae
2213 670 2432 731 Romae
2487 672 2893 731 constiterint

478 782 556 840 15
580 778 1027 858 quadringentis
1075 778 1329 839 milibus,
1422 786 1631 857 quarta
1677 796 1815 857 pars
1853 785 1944 837 est
1981 778 2052 838 de
2092 779 2222 837 iure
2261 779 2322 837 in
2361 778 2642 858 parando,
2694 796 2891 856 quem

570 886 640 946 ad
679 885 921 946 modum
961 904 1255 964 quamque
1296 885 1584 963 pecudem
1626 887 1744 945 emi
1780 892 2050 963 oporteat
2088 883 2247 944 civili
2286 886 2433 945 iure.
2509 885 2673 964 quod
2712 886 2889 944 enim

568 992 815 1053 alterius
871 993 1010 1072 fuit,
1065 991 1125 1051 id
1186 999 1250 1051 ut
1306 992 1406 1051 fiat
1460 1010 1686 1072 meum,
1741 1010 1987 1052 necesse
2046 1000 2137 1052 est
2198 990 2418 1070 aliquid
2476 993 2889 1053 intercedere.
2945 1010 2970 1050 5

492 1180 499 1186 .
569 1119 762 1179 neque
818 1102 880 1160 in
937 1098 1213 1159 omnibus
1272 1101 1415 1158 satis
1463 1107 1555 1159 est
1602 1099 1903 1178 stipulatio
1952 1107 2055 1159 aut
2101 1098 2316 1159 solutio
2364 1117 2757 1160 nummorum
2810 1098 2886 1159 ad

568 1208 956 1290 mutationem
1015 1205 1255 1273 domini.
1347 1207 1410 1265 in
1467 1208 1767 1284 emptione
1815 1205 1958 1266 alias
2006 1205 2410 1283 stipulandum
2458 1223 2670 1266 sanum
2721 1225 2887 1285 esse,

475 1317 553 1373 16
576 1311 719 1373 alias
766 1332 798 1373 e
847 1331 988 1372 sano
1036 1330 1270 1392 pecore,
1318 1312 1460 1373 alias
1507 1321 1807 1375 neutrum.
1874 1312 2092 1374 alterae
2139 1320 2340 1391 partes
2381 1321 2664 1391 quattuor
2706 1321 2881 1393 sunt,

568 1439 704 1481 cum
752 1422 869 1480 iam
916 1421 1159 1499 emeriS‚
1219 1418 1656 1500 observandae‚'
1705 1420 1777 1480 de
1825 1422 2119 1501 pastione,
2168 1420 2240 1480 de
2289 1420 2508 1501 fetura,
2556 1420 2628 1480 de
2679 1422 2885 1480 nutri-

569 1533 722 1605 catu,
771 1525 842 1585 de
891 1518 1158 1585 sanitate.
1224 1526 1507 1603 pascendi
1554 1528 1812 1605 primum
1859 1526 2026 1586 locus
2077 1528 2179 1604 qui
2228 1534 2336 1608 est,
2384 1530 2513 1587 eius
2559 1528 2715 1587 ratio
2769 1529 2883 1588 tri·
2914 1547 2965 1585 ιο

567 1633 720 1710 plex‚
758 1633 821 1692 in
858 1650 972 1710 qua
1010 1635 1250 1709 regione
1291 1652 1585 1712 quamque
1623 1635 1997 1711 potissimum
2036 1651 2243 1710 pascas
2283 1641 2343 1694 et
2381 1633 2615 1711 quando
2655 1643 2717 1694 et
2750 1637 2883 1714 qui,

490 1759 491 1762 ¹
542 1747 637 1804 ,ut
673 1757 881 1817 capras
919 1740 982 1797 in
1020 1741 1349 1799 montuosis
1387 1742 1584 1817 potius
1624 1739 1769 1801 locis
1812 1738 2042 1819 [quam]
2084 1739 2401 1800 fruticibus
2435 1758 2608 1818 quam
2639 1742 2705 1800 in
2734 1741 2881 1801 her-

568 1845 724 1915 bidis
772 1830 1013 1924 campis,
1061 1864 1243 1924 equas
1290 1854 1512 1906 contra.
1609 1846 1802 1925 neque
1851 1846 2056 1906 eadem
2094 1846 2220 1907 loca
2260 1849 2478 1907 aestiva
2518 1856 2575 1907 et
2614 1847 2880 1908 hiberna

568 1950 1109 2016 idonea-omnibus
1166 1952 1235 2012 ad
1294 1953 1675 2031 pascendum.
1769 1956 1967 2031 itaque
2023 1972 2234 2031 greges
2283 1956 2478 2014 ovium
2524 1954 2699 2033 longe
2748 1955 2880 2015 abi-

568 2068 791 2139 guntur
848 2078 921 2120 ex
967 2060 1177 2138 Apulia
1233 2061 1296 2119 in
1345 2059 1651 2120 Samnium
1710 2061 2061 2119 aestivatum
2117 2067 2295 2138 atque
2352 2060 2422 2120 ad
2479 2060 2876 2139 publicanum
2909 2080 2958 2120 15

568 2167 950 2254 profitentur,
1009 2185 1125 2254 ne,¹
1160 2168 1211 2226 si
1257 2167 1614 2244 inscriptum
1660 2185 1844 2245 pecus
1892 2168 2188 2247 paverint,
2236 2166 2363 2244 lege
2412 2169 2678 2226 censoria
2723 2186 2878 2228 con·

571 2276 821 2334 mittant.
904 2272 1050 2333 muli
1106 2291 1138 2333 e
1186 2272 1376 2333 Rosea
1433 2276 1754 2353 campestri
1810 2283 2030 2334 aestate
2091 2275 2411 2351 exiguntur
2458 2276 2517 2333 in
2565 2273 2878 2335 burbures

478 2385 554 2441 17
578 2380 726 2444 altos
764 2389 1011 2440 montes,
1079 2382 1182 2459 qui
1218 2382 1594 2458 potissimum
1634 2398 1903 2458 quaeque
1940 2380 2237 2458 pecudum
2266 2388 2559 2459 pascatur,
2598 2380 2879 2442 habenda

571 2489 747 2566 ratio,
804 2505 912 2547 nec
972 2486 1162 2546 solum
1220 2487 1376 2565 quod
1425 2487 1594 2547 faeno
1644 2487 1711 2547 fit
1758 2495 1956 2547 satura
2006 2506 2156 2566 equa
2204 2494 2305 2547 aut
2351 2486 2484 2567 hos,
2542 2506 2678 2547 cum
2727 2506 2874 2548 sues

570 2595 683 2654 hoc
731 2596 918 2654 vitent
965 2602 1024 2654 et
1071 2603 1360 2674 quaerant
1406 2594 1698 2676 glandem,
1745 2595 1848 2655 sed
1889 2595 2046 2675 quod
2086 2595 2376 2655 hordeum
2416 2602 2475 2654 et
2511 2594 2655 2655 faba⁴
2681 2598 2873 2656 inter·
2903 2615 2956 2654 20

571 2703 712 2763 dum
777 2703 855 2761 sit
920 2700 1273 2780 quibusdam
1323 2688 1715 2762 obiciendum
1779 2709 1868 2780 et⁴
1902 2683 2196 2762 dandum⁴
2225 2701 2423 2762 bubus
2477 2701 2747 2779 lupinum
2808 2711 2873 2762 et

715 3023 743 3071 1
783 3014 1056 3072 momoria
1099 3015 1155 3069 Β
1299 2993 1518 3070 uen¹erit
1560 3014 1619 3068 A
1798 3015 2074 3069 sextertiis
2117 3015 2173 3069 Β
2354 3021 2385 3068 2
2442 3015 2774 3084 sexanginta
2811 3017 2869 3071 A

712 3112 744 3159 3
800 3105 858 3159 in
913 3105 1163 3174 parando
1211 3105 1266 3158 A
1321 3104 1649 3179 imparando
1700 3103 1817 3158 PB
1861 3105 2185 3174 imperando
2231 3122 2262 3158 v
2410 3110 2440 3158 7
2499 3104 2712 3159 domini
2748 3107 2870 3160 Am

582 3193 859 3249 Victorius
913 3192 1157 3270 dominii
1216 3192 1327 3247 VB
1416 3230 1423 3269 3
1504 3192 1563 3246 in
1629 3194 1910 3263 emptione
1964 3211 2018 3248 m
2074 3193 2132 3246 in
2188 3193 2473 3263 emptione
2541 3193 2653 3246 VB
2704 3193 2867 3264 Inep-

571 3283 721 3338 tione
751 3285 805 3336 A
953 3272 1148 3355 sanum
1178 3270 1294 3337 esse
1330 3282 1565 3336 Ursinus
1594 3283 1789 3337 statim
1817 3299 1937 3338 esse
1972 3283 2153 3336 PAB
2192 3299 2314 3336 esse
2345 3283 2535 3336 statim
2565 3299 2597 3336 v
2697 3288 2731 3336 8
2768 3301 2866 3352 pe-

571 3388 698 3445 core
730 3372 782 3426 V
811 3387 1003 3426 recore
1041 3371 1160 3425 AB
1278 3370 1419 3425 alias
1455 3372 1654 3426 neutro
1702 3371 1879 3425 VAB
2008 3378 2038 3424 9
2089 3370 2287 3426 emeris
2333 3370 2442 3439 Vm
2475 3388 2693 3426 emeresv
2721 3372 2779 3425 Β
2818 3378 2868 3431 et

570 3466 634 3515 ut
686 3461 900 3515 videtwr
954 3461 1009 3514 A
1187 3460 1409 3515 foetura
1465 3460 1536 3513 V·
1702 3467 1768 3515 10
1822 3460 2065 3530 primum
2125 3459 2306 3514 PAB
2360 3459 2572 3528 primus
2626 3478 2722 3515 mv

571 3550 758 3617 locum
797 3565 935 3604 corr.
973 3547 1128 3605 locus
1165 3548 1223 3601 Β
1369 3555 1431 3619 111
1473 3566 1732 3618 quanque
1782 3549 1834 3603 V
1972 3551 2032 3603 et
2068 3548 2290 3617 quando
2331 3550 2389 3605 et
2425 3547 2521 3617 qui
2558 3551 2623 3603 ut
2654 3548 2771 3602 ΡΒ
2810 3554 2867 3604 et

574 3637 798 3707 quando
835 3639 955 3707 (qui
992 3639 1119 3692 add.
1160 3637 1263 3706 A2)
1301 3638 1366 3691 ut
1399 3637 1457 3691 A
1495 3641 1559 3692 et
1592 3639 1815 3707 quando
1854 3638 1911 3691 et
1947 3638 2012 3691 ut
2046 3655 2099 3691 m
2137 3642 2194 3692 et
2230 3638 2453 3705 quando
2492 3655 2523 3692 e
2561 3638 2686 3705 quis
2723 3640 2789 3692 ut
2815 3656 2863 3694 v.

575 3727 672 3780 ‘Et
725 3728 974 3795 quando,
1031 3744 1061 3781 e
1118 3727 1258 3795 quis,
1346 3726 1529 3781 Locus
1583 3713 1930 3797 depravatus
1971 3727 2175 3796 corriyi
2219 3728 2408 3794 debet,⁷
2449 3732 2512 3780 ut
2557 3727 2622 3779 in
2663 3728 2866 3795 optimo

574 3817 898 3886 exemplari,
945 3817 1174 3885 aliisque
1209 3816 1493 3871 nonnullis
1530 3816 1754 3885 leyitur,
1800 3817 1874 3868 Et
1909 3816 2149 3884 quando,
2195 3817 2253 3870 et
2288 3815 2385 3884 qui
2421 3816 2486 3869 ut
2522 3815 2652 3869 etc.’
2743 3816 2864 3870 Vic·
2903 3884 2906 3885 ⁷

573 3907 748 3959 torius
893 3911 957 3958 12
997 3905 1302 3959 montuosis
1335 3905 1517 3958 PAB
1553 3904 1824 3960 montosis
1861 3921 1893 3958 v
2036 3904 2331 3958 fruticibus
2370 3904 2422 3957 V
2453 3904 2785 3970 fructicibus
2812 3905 2867 3957 Β

573 3982 898 4048 fructicibus
926 3995 980 4046 A
1084 4001 1148 4048 13
1178 3994 1429 4064 hyberna
1459 3994 1511 4047 V
1608 4000 1672 4048 16
1702 3993 2061 4049 committant
2090 3992 2267 4046 VAB
2360 3999 2423 4048 17
2455 3993 2595 4048 muli
2621 4011 2650 4047 e
2681 3995 2866 4049 Rosea

585 4082 861 4137 Victorius
899 4082 1160 4138 mulieros
1198 4089 1256 4138 et
1292 4101 1326 4138 a
1364 4084 1476 4137 ΡΒ
1515 4084 1776 4138 mulieres
1817 4085 1876 4137 et
1911 4099 1947 4136 a
1973 4082 2090 4136 Am
2118 4080 2382 4136 mulietos
2412 4082 2472 4136 et
2498 4098 2532 4135 a
2558 4099 2606 4137 v.
2669 4082 2863 4138 ‘Vetu-

572 4173 868 4226 stissimum
904 4174 1196 4242 exemplar,
1235 4171 1497 4226 Mulieros
1537 4175 1597 4226 et
1634 4190 1668 4227 a
1704 4171 2004 4241 campestri
2035 4171 2163 4226 etc.’
2208 4171 2484 4227 Victorius
2590 4171 2862 4226 bui-bures

579 4261 759 4314 PAB
809 4260 1086 4317 Victorius
1131 4278 1400 4330 gurgures
1437 4277 1485 4317 v.
1564 4260 1869 4329 ‘Gurqures
1908 4260 1971 4313 in
2006 4277 2178 4314 manu
2213 4260 2435 4329 scriptis
2469 4260 2665 4313 inueni
2701 4265 2864 4315 antea

575 4351 760 4404 eoecusi
804 4350 1093 4404 Bwrbures
1137 4349 1426 4404 habebant’
1480 4349 1785 4418 Victorius,
1831 4351 1929 4419 qui
1974 4350 2147 4404 voluit
2189 4350 2341 4404 haud
2385 4350 2547 4404 dubie
2592 4349 2865 4403 burbures

577 4440 639 4492 in
664 4455 807 4492 man.
840 4444 889 4491 et
914 4424 1107 4493 deinde
1134 4440 1320 4493 excusi
1348 4455 1616 4507 gurgures
1728 4444 1792 4492 19
1823 4439 1950 4506 feno
1979 4438 2035 4492 A
2062 4438 2227 4494 foeno
2259 4438 2369 4492 VB
2478 4443 2546 4492 20
2575 4437 2767 4492 fabam
2799 4468 2862 4479 ——-

576 4527 849 4581 medicam
898 4528 1132 4581 Ursinus
1274 4534 1339 4581 21
1381 4526 1757 4582 obiiciendum
1805 4528 1858 4582 V
