<?xml version="1.0" encoding="UTF-8"?>
<!DOCTYPE html PUBLIC "-//W3C//DTD XHTML 1.0 Transitional//EN"
    "http://www.w3.org/TR/xhtml1/DTD/xhtml1-transitional.dtd">
<html xmlns="http://www.w3.org/1999/xhtml" xml:lang="en" lang="en">
 <head>
  <title>
</title>
<meta http-equiv="Content-Type" content="text/html;charset=utf-8" />
  <meta name='ocr-system' content='tesseract 3.04.00' />
  <meta name='ocr-capabilities' content='ocr_page ocr_carea ocr_par ocr_line ocrx_word'/>
</head>
<body>
  <div class='ocr_page' id='page_1' title='image "./mporcicatonisde01catogoog_0414.png"; bbox 0 0 3178 5185; ppageno 0'>
   <div class='ocr_carea' id='block_1_1' title="bbox 612 413 2201 481">
    <p class='ocr_par' dir='ltr' id='par_1_1' title="bbox 612 413 2201 481">
     <span class='ocr_line' id='line_1_1' title="bbox 612 413 2201 481; baseline -0.003 0"><span class='ocrx_word' id='word_1_1' title='bbox 612 417 741 481; x_wconf 89' lang='grc'>160</span> <span class='ocrx_word' id='word_1_2' title='bbox 1162 449 1172 460; x_wconf 83' lang='grc'><em>·</em></span> <span class='ocrx_word' id='word_1_3' title='bbox 1293 424 1672 481; x_wconf 87' lang='lat' dir='ltr'>COMMENT.</span> <span class='ocrx_word' id='word_1_4' title='bbox 1709 424 1790 477; x_wconf 89' lang='lat' dir='ltr'>IN</span> <span class='ocrx_word' id='word_1_5' title='bbox 1826 413 2201 478; x_wconf 83' lang='lat' dir='ltr'><strong>VARRONIS</strong></span> 
     </span>
    </p>
   </div>
   <div class='ocr_carea' id='block_1_2' title="bbox 533 577 2961 4622">
    <p class='ocr_par' dir='ltr' id='par_1_2' title="bbox 599 577 2961 1944">
     <span class='ocr_line' id='line_1_2' title="bbox 603 577 2882 659; baseline -0.002 -18"><span class='ocrx_word' id='word_1_6' title='bbox 603 583 837 657; x_wconf 80' lang='lat' dir='ltr'><em>possint</em></span> <span class='ocrx_word' id='word_1_7' title='bbox 876 583 1303 656; x_wconf 73' lang='lat' dir='ltr'>pinqueseere.</span> <span class='ocrx_word' id='word_1_8' title='bbox 1379 580 1684 659; x_wconf 77' lang='lat' dir='ltr'>archetypi</span> <span class='ocrx_word' id='word_1_9' title='bbox 1731 581 2086 659; x_wconf 89' lang='lat' dir='ltr'>scripturam</span> <span class='ocrx_word' id='word_1_10' title='bbox 2127 578 2422 639; x_wconf 87' lang='lat' dir='ltr'>Victorius</span> <span class='ocrx_word' id='word_1_11' title='bbox 2470 579 2746 659; x_wconf 85' lang='lat' dir='ltr'>restituit,</span> <span class='ocrx_word' id='word_1_12' title='bbox 2787 577 2882 637; x_wconf 87' lang='lat' dir='ltr'>sed</span> 
     </span>
     <span class='ocr_line' id='line_1_3' title="bbox 604 684 2887 765; baseline -0.003 -16"><span class='ocrx_word' id='word_1_13' title='bbox 604 694 923 765; x_wconf 82' lang='lat' dir='ltr'>permanet</span> <span class='ocrx_word' id='word_1_14' title='bbox 976 693 1044 746; x_wconf 90' lang='lat' dir='ltr'>ut</span> <span class='ocrx_word' id='word_1_15' title='bbox 1099 695 1158 747; x_wconf 91' lang='lat' dir='ltr'>et</span> <span class='ocrx_word' id='word_1_16' title='bbox 1217 689 1436 748; x_wconf 90' lang='lat' dir='ltr'>deinde</span> <span class='ocrx_word' id='word_1_17' title='bbox 1492 690 1540 747; x_wconf 89' lang='lat' dir='ltr'>it</span> <span class='ocrx_word' id='word_1_18' title='bbox 1602 693 1772 748; x_wconf 85' lang='lat' dir='ltr'>retro</span> <span class='ocrx_word' id='word_1_19' title='bbox 1831 688 2086 765; x_wconf 81' lang='lat' dir='ltr'><strong>scripsit.</strong></span> <span class='ocrx_word' id='word_1_20' title='bbox 2162 688 2248 746; x_wconf 84' lang='lat' dir='ltr'>ad</span> <span class='ocrx_word' id='word_1_21' title='bbox 2307 689 2553 746; x_wconf 90' lang='lat' dir='ltr'>trimum</span> <span class='ocrx_word' id='word_1_22' title='bbox 2620 684 2887 763; x_wconf 81' lang='lat' dir='ltr'>Scaliger.</span> 
     </span>
     <span class='ocr_line' id='line_1_4' title="bbox 611 791 2887 875; baseline -0.001 -22"><span class='ocrx_word' id='word_1_23' title='bbox 611 801 875 854; x_wconf 88' lang='lat' dir='ltr'>ceterum</span> <span class='ocrx_word' id='word_1_24' title='bbox 922 791 1107 853; x_wconf 88' lang='lat' dir='ltr'>Varro</span> <span class='ocrx_word' id='word_1_25' title='bbox 1156 800 1399 854; x_wconf 88' lang='lat' dir='ltr'>secutus</span> <span class='ocrx_word' id='word_1_26' title='bbox 1448 801 1540 853; x_wconf 84' lang='lat' dir='ltr'>est</span> <span class='ocrx_word' id='word_1_27' title='bbox 1587 792 1992 875; x_wconf 80' lang='lat' dir='ltr'><strong>Aristotelem,</strong></span> <span class='ocrx_word' id='word_1_28' title='bbox 2041 794 2141 871; x_wconf 91' lang='lat' dir='ltr'>qui</span> <span class='ocrx_word' id='word_1_29' title='bbox 2189 792 2260 852; x_wconf 89' lang='lat' dir='ltr'>de</span> <span class='ocrx_word' id='word_1_30' title='bbox 2298 794 2679 871; x_wconf 82' lang='lat' dir='ltr'>generatione</span> <span class='ocrx_word' id='word_1_31' title='bbox 2723 810 2887 852; x_wconf 88' lang='lat' dir='ltr'>suum</span> 
     </span>
     <span class='ocr_line' id='line_1_5' title="bbox 612 883 2890 981; baseline -0.001 -20"><span class='ocrx_word' id='word_1_32' title='bbox 612 900 857 961; x_wconf 85' lang='lat' dir='ltr'>uberius</span> <span class='ocrx_word' id='word_1_33' title='bbox 914 900 1234 979; x_wconf 85' lang='lat' dir='ltr'>disputavit</span> <span class='ocrx_word' id='word_1_34' title='bbox 1289 900 1425 961; x_wconf 89' lang='lat' dir='ltr'>hist.</span> <span class='ocrx_word' id='word_1_35' title='bbox 1465 901 1640 961; x_wconf 85' lang='lat' dir='ltr'>anim.</span> <span class='ocrx_word' id='word_1_36' title='bbox 1680 898 1729 958; x_wconf 89' lang='lat' dir='ltr'><strong>V</strong></span> <span class='ocrx_word' id='word_1_37' title='bbox 1769 897 1870 981; x_wconf 84' lang='lat'>14,</span> <span class='ocrx_word' id='word_1_38' title='bbox 1910 895 1996 960; x_wconf 84' lang='lat'>50</span> <span class='ocrx_word' id='word_1_39' title='bbox 2035 918 2161 978; x_wconf 87' lang='lat' dir='ltr'><strong>sqq.</strong></span> <span class='ocrx_word' id='word_1_40' title='bbox 2252 883 2332 971; x_wconf 81' lang='grc' dir='ltr'><strong><em>ῦς</em></strong></span> <span class='ocrx_word' id='word_1_41' title='bbox 2389 890 2450 958; x_wconf 78' lang='grc' dir='ltr'>δ’</span> <span class='ocrx_word' id='word_1_42' title='bbox 2504 890 2720 980; x_wconf 82' lang='grc' dir='ltr'><strong><em>ὀχεύει</em></strong></span> <span class='ocrx_word' id='word_1_43' title='bbox 2774 891 2890 978; x_wconf 73' lang='grc' dir='ltr'>μὲν</span> 
     </span>
     <span class='ocr_line' id='line_1_6' title="bbox 609 995 2891 1087; baseline -0.001 -19"><span class='ocrx_word' id='word_1_44' title='bbox 609 1002 721 1068; x_wconf 86' lang='grc' dir='ltr'><strong><em>καὶ</em></strong></span> <span class='ocrx_word' id='word_1_45' title='bbox 770 998 1065 1087; x_wconf 84' lang='grc' dir='ltr'><strong><em>ὀχεύεται</em></strong></span> <span class='ocrx_word' id='word_1_46' title='bbox 1104 1004 1368 1083; x_wconf 77' lang='grc' dir='ltr'><strong><em>πρῶτον</em></strong></span> <span class='ocrx_word' id='word_1_47' title='bbox 1417 998 1811 1086; x_wconf 86' lang='grc' dir='ltr'><strong><em>ὀκτάμηνος,</em></strong></span> <span class='ocrx_word' id='word_1_48' title='bbox 1861 1005 2061 1066; x_wconf 86' lang='grc' dir='ltr'><strong><em>τίκτει</em></strong></span> <span class='ocrx_word' id='word_1_49' title='bbox 2111 995 2173 1065; x_wconf 79' lang='grc' dir='ltr'>δ’</span> <span class='ocrx_word' id='word_1_50' title='bbox 2225 995 2267 1084; x_wconf 78' lang='grc' dir='ltr'>ἡ</span> <span class='ocrx_word' id='word_1_51' title='bbox 2311 997 2554 1084; x_wconf 79' lang='grc' dir='ltr'><strong><em>θήλεια</em></strong></span> <span class='ocrx_word' id='word_1_52' title='bbox 2600 997 2724 1085; x_wconf 72' lang='grc' dir='ltr'>μὲν</span> <span class='ocrx_word' id='word_1_53' title='bbox 2771 1000 2891 1066; x_wconf 91' lang='grc' dir='ltr'><strong><em>ε’νι-</em></strong></span> 
     </span>
     <span class='ocr_line' id='line_1_7' title="bbox 611 1102 2893 1193; baseline -0.001 -18"><span class='ocrx_word' id='word_1_54' title='bbox 611 1113 837 1175; x_wconf 90' lang='grc' dir='ltr'><strong><em>αυσία·</em></strong></span> <span class='ocrx_word' id='word_1_55' title='bbox 878 1107 1051 1175; x_wconf 92' lang='grc' dir='ltr'><strong><em>οῦτω</em></strong></span> <span class='ocrx_word' id='word_1_56' title='bbox 1089 1105 1219 1193; x_wconf 79' lang='grc' dir='ltr'>γὰρ</span> <span class='ocrx_word' id='word_1_57' title='bbox 1259 1112 1611 1193; x_wconf 85' lang='grc' dir='ltr'><strong><em>συμβαίνει</em></strong></span> <span class='ocrx_word' id='word_1_58' title='bbox 1641 1103 1677 1173; x_wconf 84' lang='grc' dir='ltr'>ὁ</span> <span class='ocrx_word' id='word_1_59' title='bbox 1718 1104 1966 1193; x_wconf 80' lang='grc' dir='ltr'><strong><em>χρόνος</em></strong></span> <span class='ocrx_word' id='word_1_60' title='bbox 1994 1108 2108 1191; x_wconf 81' lang='grc' dir='ltr'>τῆς</span> <span class='ocrx_word' id='word_1_61' title='bbox 2135 1103 2458 1191; x_wconf 82' lang='grc' dir='ltr'><strong><em>κυήσεως·</em></strong></span> <span class='ocrx_word' id='word_1_62' title='bbox 2508 1102 2543 1171; x_wconf 86' lang='grc' dir='ltr'>ὁ</span> <span class='ocrx_word' id='word_1_63' title='bbox 2584 1104 2646 1171; x_wconf 83' lang='grc' dir='ltr'>δ’</span> <span class='ocrx_word' id='word_1_64' title='bbox 2683 1103 2893 1192; x_wconf 75' lang='grc' dir='ltr'><strong><em>ἄρρην</em></strong></span> 
     </span>
     <span class='ocr_line' id='line_1_8' title="bbox 610 1211 2896 1303; baseline -0.002 -21"><span class='ocrx_word' id='word_1_65' title='bbox 610 1218 816 1303; x_wconf 77' lang='grc' dir='ltr'><strong><em>γεννᾷ</em></strong></span> <span class='ocrx_word' id='word_1_66' title='bbox 864 1214 985 1301; x_wconf 76' lang='grc' dir='ltr'>μὲν</span> <span class='ocrx_word' id='word_1_67' title='bbox 1025 1213 1415 1300; x_wconf 81' lang='grc' dir='ltr'><strong><em>ὀκτάμηνος,</em></strong></span> <span class='ocrx_word' id='word_1_68' title='bbox 1454 1217 1680 1299; x_wconf 87' lang='grc' dir='ltr'><strong><em>φαῦλα</em></strong></span> <span class='ocrx_word' id='word_1_69' title='bbox 1727 1213 1953 1299; x_wconf 81' lang='grc' dir='ltr'><strong><em>μέντοι</em></strong></span> <span class='ocrx_word' id='word_1_70' title='bbox 1991 1212 2151 1299; x_wconf 89' lang='grc' dir='ltr'><strong><em>πρὶν</em></strong></span> <span class='ocrx_word' id='word_1_71' title='bbox 2188 1212 2504 1298; x_wconf 79' lang='grc' dir='ltr'><strong><em>γενέσθαι</em></strong></span> <span class='ocrx_word' id='word_1_72' title='bbox 2547 1211 2896 1291; x_wconf 84' lang='grc' dir='ltr'><strong><em>ἐνιαύσιος.</em></strong></span> 
     </span>
     <span class='ocr_line' id='line_1_9' title="bbox 612 1316 2904 1409; baseline -0.001 -20"><span class='ocrx_word' id='word_1_73' title='bbox 612 1318 695 1390; x_wconf 86' lang='grc' dir='ltr'>οὐ</span> <span class='ocrx_word' id='word_1_74' title='bbox 751 1331 1091 1409; x_wconf 87' lang='grc' dir='ltr'><strong><em>πανταχοῦ</em></strong></span> <span class='ocrx_word' id='word_1_75' title='bbox 1149 1321 1256 1405; x_wconf 78' lang='grc' dir='ltr'>δέ,</span> <span class='ocrx_word' id='word_1_76' title='bbox 1322 1318 1541 1405; x_wconf 74' lang='grc' dir='ltr'><strong><em>ὥσπερ</em></strong></span> <span class='ocrx_word' id='word_1_77' title='bbox 1612 1328 1894 1407; x_wconf 77' lang='grc' dir='ltr'><strong><em>εἴρηται,</em></strong></span> <span class='ocrx_word' id='word_1_78' title='bbox 1973 1316 2220 1407; x_wconf 86' lang='grc' dir='ltr'><strong><em>ὁμοίως</em></strong></span> <span class='ocrx_word' id='word_1_79' title='bbox 2285 1324 2777 1405; x_wconf 85' lang='grc' dir='ltr'><strong><em>συμβαίνουσιν</em></strong></span> <span class='ocrx_word' id='word_1_80' title='bbox 2836 1324 2904 1386; x_wconf 76' lang='grc' dir='ltr'><strong><em>αἱ</em></strong></span> 
     </span>
     <span class='ocr_line' id='line_1_10' title="bbox 610 1423 2896 1515; baseline -0.001 -19"><span class='ocrx_word' id='word_1_81' title='bbox 610 1426 881 1515; x_wconf 82' lang='grc' dir='ltr'><strong><em>ἡλικίαι.</em></strong></span> <span class='ocrx_word' id='word_1_82' title='bbox 975 1430 1247 1515; x_wconf 85' lang='grc' dir='ltr'><strong><em>ἐνιαχοῦ</em></strong></span> <span class='ocrx_word' id='word_1_83' title='bbox 1303 1427 1426 1514; x_wconf 72' lang='grc' dir='ltr'>μὲν</span> <span class='ocrx_word' id='word_1_84' title='bbox 1482 1424 1608 1514; x_wconf 79' lang='grc' dir='ltr'>γὰρ</span> <span class='ocrx_word' id='word_1_85' title='bbox 1666 1429 1740 1494; x_wconf 71' lang='grc' dir='ltr'><strong><em>αῖ</em></strong></span> <span class='ocrx_word' id='word_1_86' title='bbox 1788 1425 1907 1506; x_wconf 87' lang='grc' dir='ltr'>ῦες</span> <span class='ocrx_word' id='word_1_87' title='bbox 1954 1423 2303 1513; x_wconf 84' lang='grc' dir='ltr'><strong><em>ὀχεύονται</em></strong></span> <span class='ocrx_word' id='word_1_88' title='bbox 2367 1425 2489 1512; x_wconf 77' lang='grc' dir='ltr'>μὲν</span> <span class='ocrx_word' id='word_1_89' title='bbox 2552 1427 2663 1493; x_wconf 82' lang='grc' dir='ltr'><strong><em>καὶ</em></strong></span> <span class='ocrx_word' id='word_1_90' title='bbox 2723 1424 2896 1514; x_wconf 90' lang='grc' dir='ltr'><strong><em>ὀχεύ-</em></strong></span> 
     </span>
     <span class='ocr_line' id='line_1_11' title="bbox 612 1532 2898 1622; baseline -0.001 -19"><span class='ocrx_word' id='word_1_91' title='bbox 612 1554 763 1603; x_wconf 94' lang='grc' dir='ltr'><strong><em>ουσι</em></strong></span> <span class='ocrx_word' id='word_1_92' title='bbox 816 1534 1245 1622; x_wconf 84' lang='grc' dir='ltr'><strong><em>τετράμηνοι,</em></strong></span> <span class='ocrx_word' id='word_1_93' title='bbox 1305 1535 1472 1602; x_wconf 78' lang='grc' dir='ltr'><strong><em>ὥστε</em></strong></span> <span class='ocrx_word' id='word_1_94' title='bbox 1529 1533 1603 1601; x_wconf 75' lang='grc' dir='ltr'>δὲ</span> <span class='ocrx_word' id='word_1_95' title='bbox 1657 1538 1907 1620; x_wconf 77' lang='grc' dir='ltr'><strong><em>γεννᾶν</em></strong></span> <span class='ocrx_word' id='word_1_96' title='bbox 1963 1534 2073 1600; x_wconf 82' lang='grc' dir='ltr'><strong><em>καὶ</em></strong></span> <span class='ocrx_word' id='word_1_97' title='bbox 2130 1533 2511 1620; x_wconf 80' lang='grc' dir='ltr'><strong><em>ἐκτρέφειν,</em></strong></span> <span class='ocrx_word' id='word_1_98' title='bbox 2569 1532 2898 1621; x_wconf 82' lang='grc' dir='ltr'><strong><em>ἐξάμηνοι.</em></strong></span> 
     </span>
     <span class='ocr_line' id='line_1_12' title="bbox 605 1637 2892 1730; baseline -0.001 -20"><span class='ocrx_word' id='word_1_99' title='bbox 605 1645 879 1730; x_wconf 83' lang='grc' dir='ltr'><strong><em>ἐνιαχοῦ</em></strong></span> <span class='ocrx_word' id='word_1_100' title='bbox 930 1639 991 1709; x_wconf 87' lang='grc' dir='ltr'>δ’</span> <span class='ocrx_word' id='word_1_101' title='bbox 1047 1644 1117 1708; x_wconf 79' lang='grc' dir='ltr'>οἱ</span> <span class='ocrx_word' id='word_1_102' title='bbox 1157 1640 1400 1729; x_wconf 77' lang='grc' dir='ltr'><strong><em>κάπροι</em></strong></span> <span class='ocrx_word' id='word_1_103' title='bbox 1448 1640 1819 1728; x_wconf 81' lang='grc' dir='ltr'><strong><em>δεκάμηνοι</em></strong></span> <span class='ocrx_word' id='word_1_104' title='bbox 1858 1639 2178 1728; x_wconf 74' lang='grc' dir='ltr'><strong><em>ἄρχονται</em></strong></span> <span class='ocrx_word' id='word_1_105' title='bbox 2216 1638 2496 1729; x_wconf 90' lang='grc' dir='ltr'><strong><em>ὀχεύειν,</em></strong></span> <span class='ocrx_word' id='word_1_106' title='bbox 2534 1637 2785 1726; x_wconf 76' lang='grc' dir='ltr'><strong><em>ἀγαθοὶ</em></strong></span> <span class='ocrx_word' id='word_1_107' title='bbox 2822 1640 2892 1708; x_wconf 73' lang='grc' dir='ltr'>δὲ</span> 
     </span>
     <span class='ocr_line' id='line_1_13' title="bbox 599 1727 2961 1837; baseline -0.001 -21"><span class='ocrx_word' id='word_1_108' title='bbox 599 1751 789 1837; x_wconf 85' lang='grc' dir='ltr'><strong><em>μέχρι</em></strong></span> <span class='ocrx_word' id='word_1_109' title='bbox 840 1749 944 1816; x_wconf 88' lang='grc' dir='ltr'>ἐπὶ</span> <span class='ocrx_word' id='word_1_110' title='bbox 982 1748 1243 1833; x_wconf 83' lang='grc' dir='ltr'><strong><em>τριετές.</em></strong></span> <span class='ocrx_word' id='word_1_111' title='bbox 1315 1754 1396 1816; x_wconf 90' lang='lat' dir='ltr'>ib.</span> <span class='ocrx_word' id='word_1_112' title='bbox 1433 1751 1520 1816; x_wconf 86' lang='grc'>55</span> <span class='ocrx_word' id='word_1_113' title='bbox 1557 1749 1810 1836; x_wconf 81' lang='grc' dir='ltr'><strong><em>κάπρος</em></strong></span> <span class='ocrx_word' id='word_1_114' title='bbox 1848 1745 1912 1814; x_wconf 83' lang='grc' dir='ltr'>δ’</span> <span class='ocrx_word' id='word_1_115' title='bbox 1957 1746 2215 1834; x_wconf 79' lang='grc' dir='ltr'><strong><em>ἀγαθὸς</em></strong></span> <span class='ocrx_word' id='word_1_116' title='bbox 2252 1747 2373 1835; x_wconf 74' lang='grc' dir='ltr'>μὲν</span> <span class='ocrx_word' id='word_1_117' title='bbox 2416 1747 2679 1835; x_wconf 87' lang='grc' dir='ltr'><strong><em>ὀχεύειν</em></strong></span> <span class='ocrx_word' id='word_1_118' title='bbox 2715 1749 2895 1836; x_wconf 81' lang='grc' dir='ltr'><strong><em>μέχρι</em></strong></span> <span class='ocrx_word' id='word_1_119' title='bbox 2950 1727 2961 1743; x_wconf 50' lang='grc'>’</span> 
     </span>
     <span class='ocr_line' id='line_1_14' title="bbox 618 1854 2536 1944; baseline 0 -20"><span class='ocrx_word' id='word_1_120' title='bbox 618 1856 722 1924; x_wconf 84' lang='grc' dir='ltr'>ἐπὶ</span> <span class='ocrx_word' id='word_1_121' title='bbox 768 1857 1034 1943; x_wconf 84' lang='grc' dir='ltr'><strong><em>τριετές,</em></strong></span> <span class='ocrx_word' id='word_1_122' title='bbox 1082 1859 1219 1924; x_wconf 78' lang='grc' dir='ltr'>τῶν</span> <span class='ocrx_word' id='word_1_123' title='bbox 1268 1854 1341 1923; x_wconf 73' lang='grc' dir='ltr'>δὲ</span> <span class='ocrx_word' id='word_1_124' title='bbox 1387 1856 1858 1943; x_wconf 86' lang='grc' dir='ltr'><strong><em>πρεσβυτέρων</em></strong></span> <span class='ocrx_word' id='word_1_125' title='bbox 1904 1861 2103 1944; x_wconf 91' lang='grc' dir='ltr'><strong><em>χείρω</em></strong></span> <span class='ocrx_word' id='word_1_126' title='bbox 2149 1854 2229 1924; x_wconf 82' lang='grc' dir='ltr'>τὰ</span> <span class='ocrx_word' id='word_1_127' title='bbox 2278 1861 2536 1942; x_wconf 79' lang='grc' dir='ltr'><strong><em>ἔκγονα.</em></strong></span> 
     </span>
    </p>

    <p class='ocr_par' dir='ltr' id='par_1_3' title="bbox 602 1966 2898 2907">
     <span class='ocr_line' id='line_1_15' title="bbox 799 1966 2895 2050; baseline -0 -20"><span class='ocrx_word' id='word_1_128' title='bbox 799 1966 838 2030; x_wconf 86' lang='grc'><strong>9</strong></span> <span class='ocrx_word' id='word_1_129' title='bbox 909 1969 1043 2030; x_wconf 88' lang='lat' dir='ltr'>Sus</span> <span class='ocrx_word' id='word_1_130' title='bbox 1089 1989 1347 2050; x_wconf 83' lang='lat' dir='ltr'>graece</span> <span class='ocrx_word' id='word_1_131' title='bbox 1398 1969 1676 2030; x_wconf 89' lang='lat' dir='ltr'>dicitur</span> <span class='ocrx_word' id='word_1_132' title='bbox 1715 1988 1840 2049; x_wconf 85' lang='lat' dir='ltr'>uys</span> <span class='ocrx_word' id='word_1_133' title='bbox 1890 1969 2052 2029; x_wconf 89' lang='lat' dir='ltr'>olim</span> <span class='ocrx_word' id='word_1_134' title='bbox 2092 1969 2343 2049; x_wconf 84' lang='lat' dir='ltr'>thysus</span> <span class='ocrx_word' id='word_1_135' title='bbox 2382 1969 2623 2030; x_wconf 88' lang='lat' dir='ltr'>dictus</span> <span class='ocrx_word' id='word_1_136' title='bbox 2662 1970 2743 2031; x_wconf 90' lang='lat' dir='ltr'>ab</span> <span class='ocrx_word' id='word_1_137' title='bbox 2781 1970 2895 2030; x_wconf 93' lang='lat' dir='ltr'>illo</span> 
     </span>
     <span class='ocr_line' id='line_1_16' title="bbox 618 2061 2895 2159; baseline -0 -22"><span class='ocrx_word' id='word_1_138' title='bbox 618 2077 841 2138; x_wconf 85' lang='lat' dir='ltr'>uerbo</span> <span class='ocrx_word' id='word_1_139' title='bbox 890 2077 1077 2156; x_wconf 90' lang='lat' dir='ltr'>quod</span> <span class='ocrx_word' id='word_1_140' title='bbox 1134 2077 1385 2138; x_wconf 86' lang='lat' dir='ltr'>dicunt</span> <span class='ocrx_word' id='word_1_141' title='bbox 1440 2076 1802 2153; x_wconf 78' lang='grc' dir='ltr'><strong><em>ΘΤΕΙΝ]</em></strong></span> <span class='ocrx_word' id='word_1_142' title='bbox 1871 2078 2021 2138; x_wconf 87' lang='lat' dir='ltr'>Olim</span> <span class='ocrx_word' id='word_1_143' title='bbox 2065 2074 2198 2150; x_wconf 91' lang='grc' dir='ltr'><strong><em>θῦς</em></strong></span> <span class='ocrx_word' id='word_1_144' title='bbox 2243 2061 2324 2149; x_wconf 84' lang='grc' dir='ltr'><strong><em>ῦς</em></strong></span> <span class='ocrx_word' id='word_1_145' title='bbox 2378 2079 2578 2137; x_wconf 81' lang='lat' dir='ltr'>dietus</span> <span class='ocrx_word' id='word_1_146' title='bbox 2626 2077 2895 2159; x_wconf 82' lang='lat' dir='ltr'>Scaliger,</span> 
     </span>
     <span class='ocr_line' id='line_1_17' title="bbox 614 2181 2898 2266; baseline 0 -21"><span class='ocrx_word' id='word_1_147' title='bbox 614 2189 752 2246; x_wconf 87' lang='lat' dir='ltr'>olim</span> <span class='ocrx_word' id='word_1_148' title='bbox 801 2187 935 2261; x_wconf 77' lang='lat' dir='ltr'>thys</span> <span class='ocrx_word' id='word_1_149' title='bbox 993 2192 1081 2245; x_wconf 83' lang='lat' dir='ltr'>est</span> <span class='ocrx_word' id='word_1_150' title='bbox 1137 2188 1337 2245; x_wconf 81' lang='lat' dir='ltr'>dictus</span> <span class='ocrx_word' id='word_1_151' title='bbox 1397 2182 1781 2244; x_wconf 86' lang='lat' dir='ltr'>Casauhonns</span> <span class='ocrx_word' id='word_1_152' title='bbox 1827 2186 1888 2243; x_wconf 91' lang='lat' dir='ltr'>in</span> <span class='ocrx_word' id='word_1_153' title='bbox 1926 2183 2136 2244; x_wconf 86' lang='lat' dir='ltr'>Athen.</span> <span class='ocrx_word' id='word_1_154' title='bbox 2174 2183 2254 2242; x_wconf 90' lang='lat' dir='ltr'>IX</span> <span class='ocrx_word' id='word_1_155' title='bbox 2300 2203 2354 2263; x_wconf 89' lang='lat' dir='ltr'>p.</span> <span class='ocrx_word' id='word_1_156' title='bbox 2394 2181 2543 2266; x_wconf 86' lang='lat'>401,</span> <span class='ocrx_word' id='word_1_157' title='bbox 2591 2188 2731 2245; x_wconf 89' lang='lat' dir='ltr'>olim</span> <span class='ocrx_word' id='word_1_158' title='bbox 2773 2182 2898 2256; x_wconf 83' lang='grc' dir='ltr'><strong><em>θῦς</em></strong></span> 
     </span>
     <span class='ocr_line' id='line_1_18' title="bbox 616 2287 2895 2371; baseline 0 -19"><span class='ocrx_word' id='word_1_159' title='bbox 616 2295 814 2353; x_wconf 81' lang='lat' dir='ltr'>dietus</span> <span class='ocrx_word' id='word_1_160' title='bbox 860 2291 1190 2352; x_wconf 87' lang='lat' dir='ltr'>Pontedera</span> <span class='ocrx_word' id='word_1_161' title='bbox 1239 2311 1293 2371; x_wconf 88' lang='lat' dir='ltr'>p.</span> <span class='ocrx_word' id='word_1_162' title='bbox 1332 2287 1464 2352; x_wconf 82' lang='grc'>425</span> <span class='ocrx_word' id='word_1_163' title='bbox 1512 2300 1572 2352; x_wconf 92' lang='lat' dir='ltr'>et</span> <span class='ocrx_word' id='word_1_164' title='bbox 1621 2290 2040 2352; x_wconf 79' lang='lat' dir='ltr'>SchneideruS.</span> <span class='ocrx_word' id='word_1_165' title='bbox 2118 2293 2409 2370; x_wconf 89' lang='lat' dir='ltr'>originem</span> <span class='ocrx_word' id='word_1_166' title='bbox 2465 2293 2724 2352; x_wconf 89' lang='lat' dir='ltr'>nominis</span> <span class='ocrx_word' id='word_1_167' title='bbox 2770 2310 2895 2352; x_wconf 91' lang='lat' dir='ltr'>cum</span> 
     </span>
     <span class='ocr_line' id='line_1_19' title="bbox 610 2387 2891 2480; baseline -0 -21"><span class='ocrx_word' id='word_1_168' title='bbox 610 2401 738 2480; x_wconf 88' lang='lat' dir='ltr'>ipsa</span> <span class='ocrx_word' id='word_1_169' title='bbox 785 2401 971 2461; x_wconf 81' lang='lat' dir='ltr'>forma</span> <span class='ocrx_word' id='word_1_170' title='bbox 1019 2387 1264 2478; x_wconf 86' lang='lat' dir='ltr'>propter</span> <span class='ocrx_word' id='word_1_171' title='bbox 1311 2416 1440 2458; x_wconf 86' lang='lat' dir='ltr'>eam</span> <span class='ocrx_word' id='word_1_172' title='bbox 1483 2399 1721 2457; x_wconf 88' lang='lat' dir='ltr'>inventa</span> <span class='ocrx_word' id='word_1_173' title='bbox 1759 2396 2135 2458; x_wconf 90' lang='lat' dir='ltr'>tradiderunt</span> <span class='ocrx_word' id='word_1_174' title='bbox 2181 2397 2521 2459; x_wconf 89' lang='lat' dir='ltr'>Athenaeus</span> <span class='ocrx_word' id='word_1_175' title='bbox 2560 2397 2638 2458; x_wconf 90' lang='lat' dir='ltr'>IX</span> <span class='ocrx_word' id='word_1_176' title='bbox 2680 2419 2735 2479; x_wconf 88' lang='lat' dir='ltr'>p.</span> <span class='ocrx_word' id='word_1_177' title='bbox 2773 2396 2891 2459; x_wconf 90' lang='grc'>401</span> 
     </span>
     <span class='ocr_line' id='line_1_20' title="bbox 604 2492 2890 2585; baseline -0.001 -18"><span class='ocrx_word' id='word_1_178' title='bbox 604 2503 675 2567; x_wconf 80' lang='grc' dir='ltr'>οἰ</span> <span class='ocrx_word' id='word_1_179' title='bbox 717 2499 791 2567; x_wconf 77' lang='grc' dir='ltr'>δὲ</span> <span class='ocrx_word' id='word_1_180' title='bbox 847 2502 976 2566; x_wconf 92' lang='grc' dir='ltr'><strong><em>σῦν</em></strong></span> <span class='ocrx_word' id='word_1_181' title='bbox 1027 2502 1339 2585; x_wconf 78' lang='grc' dir='ltr'><strong><em>εἰρῆσθαι</em></strong></span> <span class='ocrx_word' id='word_1_182' title='bbox 1396 2497 1608 2566; x_wconf 77' lang='grc' dir='ltr'><strong><em>οἱονεὶ</em></strong></span> <span class='ocrx_word' id='word_1_183' title='bbox 1664 2507 1805 2565; x_wconf 88' lang='grc' dir='ltr'><strong><em>θῦν</em></strong></span> <span class='ocrx_word' id='word_1_184' title='bbox 1863 2496 1982 2565; x_wconf 89' lang='grc' dir='ltr'>τὸν</span> <span class='ocrx_word' id='word_1_185' title='bbox 2030 2502 2124 2577; x_wconf 78' lang='grc' dir='ltr'><strong><em>εἰς</em></strong></span> <span class='ocrx_word' id='word_1_186' title='bbox 2175 2492 2429 2565; x_wconf 81' lang='grc' dir='ltr'><strong><em>θυσίαν</em></strong></span> <span class='ocrx_word' id='word_1_187' title='bbox 2484 2495 2890 2566; x_wconf 81' lang='grc' dir='ltr'><strong><em>εὐθετοῦντα</em></strong></span> 
     </span>
     <span class='ocr_line' id='line_1_21' title="bbox 603 2606 2893 2695; baseline -0.001 -21"><span class='ocrx_word' id='word_1_188' title='bbox 603 2623 662 2674; x_wconf 91' lang='lat' dir='ltr'>et</span> <span class='ocrx_word' id='word_1_189' title='bbox 726 2613 997 2673; x_wconf 86' lang='lat' dir='ltr'>Clemens</span> <span class='ocrx_word' id='word_1_190' title='bbox 1064 2612 1493 2695; x_wconf 85' lang='lat' dir='ltr'>Alexandrinus</span> <span class='ocrx_word' id='word_1_191' title='bbox 1560 2622 1764 2674; x_wconf 89' lang='lat' dir='ltr'>strom.</span> <span class='ocrx_word' id='word_1_192' title='bbox 1802 2612 1854 2672; x_wconf 90' lang='grc' dir='ltr'>ΙΙ</span> <span class='ocrx_word' id='word_1_193' title='bbox 1903 2632 1957 2692; x_wconf 87' lang='lat' dir='ltr'>p.</span> <span class='ocrx_word' id='word_1_194' title='bbox 1995 2609 2128 2674; x_wconf 88' lang='lat'>484</span> <span class='ocrx_word' id='word_1_195' title='bbox 2193 2606 2449 2692; x_wconf 78' lang='grc' dir='ltr'><strong><em>λέγεται</em></strong></span> <span class='ocrx_word' id='word_1_196' title='bbox 2512 2609 2685 2692; x_wconf 77' lang='grc' dir='ltr'><strong><em>γοῦν</em></strong></span> <span class='ocrx_word' id='word_1_197' title='bbox 2753 2632 2893 2673; x_wconf 88' lang='grc' dir='ltr'><strong><em>τινα</em></strong></span> 
     </span>
     <span class='ocr_line' id='line_1_22' title="bbox 602 2704 2896 2799; baseline -0 -19"><span class='ocrx_word' id='word_1_198' title='bbox 602 2717 740 2781; x_wconf 77' lang='grc' dir='ltr'>τῶν</span> <span class='ocrx_word' id='word_1_199' title='bbox 786 2712 1351 2799; x_wconf 84' lang='grc' dir='ltr'><strong><em>φιλοσοφούντων</em></strong></span> <span class='ocrx_word' id='word_1_200' title='bbox 1400 2715 1888 2799; x_wconf 76' lang='grc' dir='ltr'><strong><em>ἐτυμολογῆσαι</em></strong></span> <span class='ocrx_word' id='word_1_201' title='bbox 1933 2710 2056 2799; x_wconf 84' lang='grc' dir='ltr'>τὴν</span> <span class='ocrx_word' id='word_1_202' title='bbox 2103 2704 2191 2781; x_wconf 82' lang='grc' dir='ltr'>ὗν</span> <span class='ocrx_word' id='word_1_203' title='bbox 2250 2717 2391 2781; x_wconf 86' lang='grc' dir='ltr'>θῦν</span> <span class='ocrx_word' id='word_1_204' title='bbox 2449 2709 2624 2780; x_wconf 83' lang='grc' dir='ltr'><strong><em>εἶναι</em></strong></span> <span class='ocrx_word' id='word_1_205' title='bbox 2689 2713 2896 2799; x_wconf 81' lang='grc' dir='ltr'><strong><em>φάναι</em></strong></span> 
     </span>
     <span class='ocr_line' id='line_1_23' title="bbox 606 2817 2274 2907; baseline -0.001 -19"><span class='ocrx_word' id='word_1_206' title='bbox 606 2818 696 2899; x_wconf 78' lang='grc' dir='ltr'>ὥς</span> <span class='ocrx_word' id='word_1_207' title='bbox 745 2825 839 2899; x_wconf 81' lang='grc' dir='ltr'><strong><em>εἰς</em></strong></span> <span class='ocrx_word' id='word_1_208' title='bbox 882 2818 1095 2887; x_wconf 88' lang='grc' dir='ltr'><strong><em>θύσιν</em></strong></span> <span class='ocrx_word' id='word_1_209' title='bbox 1142 2820 1253 2887; x_wconf 89' lang='grc' dir='ltr'><strong><em>καὶ</em></strong></span> <span class='ocrx_word' id='word_1_210' title='bbox 1303 2817 1571 2907; x_wconf 79' lang='grc' dir='ltr'><strong><em>σφαγὴν</em></strong></span> <span class='ocrx_word' id='word_1_211' title='bbox 1620 2818 1835 2906; x_wconf 84' lang='grc' dir='ltr'><strong><em>μόνον</em></strong></span> <span class='ocrx_word' id='word_1_212' title='bbox 1883 2822 2274 2907; x_wconf 79' lang='grc' dir='ltr'><strong><em>ἐπιτήδειον.</em></strong></span> 
     </span>
    </p>

    <p class='ocr_par' dir='ltr' id='par_1_4' title="bbox 599 2927 2901 3532">
     <span class='ocr_line' id='line_1_24' title="bbox 780 2927 2897 3014; baseline 0 -20"><span class='ocrx_word' id='word_1_213' title='bbox 780 2933 876 2994; x_wconf 89' lang='lat' dir='ltr'>Ab</span> <span class='ocrx_word' id='word_1_214' title='bbox 953 2927 1170 2993; x_wconf 89' lang='lat' dir='ltr'>suillo</span> <span class='ocrx_word' id='word_1_215' title='bbox 1246 2936 1433 2994; x_wconf 91' lang='lat' dir='ltr'>enim</span> <span class='ocrx_word' id='word_1_216' title='bbox 1500 2951 1763 3012; x_wconf 90' lang='lat' dir='ltr'>genere</span> <span class='ocrx_word' id='word_1_217' title='bbox 1819 2951 2081 3014; x_wconf 89' lang='lat' dir='ltr'>pecore</span> <span class='ocrx_word' id='word_1_218' title='bbox 2128 2933 2540 2994; x_wconf 89' lang='lat' dir='ltr'>immolandi</span> <span class='ocrx_word' id='word_1_219' title='bbox 2608 2935 2897 2996; x_wconf 90' lang='lat' dir='ltr'>initium</span> 
     </span>
     <span class='ocr_line' id='line_1_25' title="bbox 599 3039 2898 3122; baseline -0.001 -18"><span class='ocrx_word' id='word_1_220' title='bbox 599 3044 904 3122; x_wconf 90' lang='lat' dir='ltr'>primum</span> <span class='ocrx_word' id='word_1_221' title='bbox 962 3048 1324 3120; x_wconf 89' lang='lat' dir='ltr'>sumptum</span> <span class='ocrx_word' id='word_1_222' title='bbox 1382 3039 1730 3119; x_wconf 78' lang='lat' dir='ltr'>uidetur]</span> <span class='ocrx_word' id='word_1_223' title='bbox 1781 3042 1871 3102; x_wconf 80' lang='lat' dir='ltr'>Ab</span> <span class='ocrx_word' id='word_1_224' title='bbox 1927 3043 2106 3102; x_wconf 85' lang='lat' dir='ltr'>suillo</span> <span class='ocrx_word' id='word_1_225' title='bbox 2171 3044 2329 3101; x_wconf 88' lang='lat' dir='ltr'>enim</span> <span class='ocrx_word' id='word_1_226' title='bbox 2381 3059 2612 3115; x_wconf 70' lang='lat' dir='ltr'>yenere</span> <span class='ocrx_word' id='word_1_227' title='bbox 2660 3046 2898 3119; x_wconf 84' lang='lat' dir='ltr'>pecoris</span> 
     </span>
     <span class='ocr_line' id='line_1_26' title="bbox 607 3146 2895 3232; baseline 0 -24"><span class='ocrx_word' id='word_1_228' title='bbox 607 3150 923 3211; x_wconf 79' lang='lat' dir='ltr'>Victorius,</span> <span class='ocrx_word' id='word_1_229' title='bbox 1000 3151 1077 3209; x_wconf 82' lang='lat' dir='ltr'>ab</span> <span class='ocrx_word' id='word_1_230' title='bbox 1126 3152 1302 3209; x_wconf 85' lang='lat' dir='ltr'>suillo</span> <span class='ocrx_word' id='word_1_231' title='bbox 1345 3166 1576 3232; x_wconf 73' lang='lat' dir='ltr'>qenere</span> <span class='ocrx_word' id='word_1_232' title='bbox 1606 3148 1759 3216; x_wconf 8' lang='lat' dir='ltr'>‘olim</span> <span class='ocrx_word' id='word_1_233' title='bbox 1801 3150 2013 3228; x_wconf 88' lang='lat' dir='ltr'>scripsi</span> <span class='ocrx_word' id='word_1_234' title='bbox 2059 3146 2254 3207; x_wconf 89' lang='lat' dir='ltr'>deleto</span> <span class='ocrx_word' id='word_1_235' title='bbox 2286 3165 2531 3224; x_wconf 83' lang='lat' dir='ltr'>pecore,</span> <span class='ocrx_word' id='word_1_236' title='bbox 2578 3157 2647 3210; x_wconf 92' lang='lat' dir='ltr'>ut</span> <span class='ocrx_word' id='word_1_237' title='bbox 2693 3146 2831 3231; x_wconf 87' lang='lat'><strong>115,</strong></span> <span class='ocrx_word' id='word_1_238' title='bbox 2858 3146 2895 3209; x_wconf 88' lang='lat'>6</span> 
     </span>
     <span class='ocr_line' id='line_1_27' title="bbox 612 3243 2892 3337; baseline -0.001 -18"><span class='ocrx_word' id='word_1_239' title='bbox 612 3261 676 3319; x_wconf 91' lang='lat' dir='ltr'>in</span> <span class='ocrx_word' id='word_1_240' title='bbox 725 3260 946 3318; x_wconf 84' lang='lat' dir='ltr'>bubulo</span> <span class='ocrx_word' id='word_1_241' title='bbox 990 3243 1253 3331; x_wconf 72' lang='lat' dir='ltr'>qenere;</span> <span class='ocrx_word' id='word_1_242' title='bbox 1311 3256 1415 3316; x_wconf 91' lang='lat' dir='ltr'>sed</span> <span class='ocrx_word' id='word_1_243' title='bbox 1462 3259 1703 3316; x_wconf 83' lang='lat' dir='ltr'>suillum</span> <span class='ocrx_word' id='word_1_244' title='bbox 1743 3275 1935 3333; x_wconf 80' lang='lat' dir='ltr'>pecus</span> <span class='ocrx_word' id='word_1_245' title='bbox 1991 3262 2192 3335; x_wconf 87' lang='lat' dir='ltr'>postea</span> <span class='ocrx_word' id='word_1_246' title='bbox 2243 3253 2283 3330; x_wconf 63' lang='grc' dir='ltr'>ἓ</span> <span class='ocrx_word' id='word_1_247' title='bbox 2328 3251 2436 3337; x_wconf 90' lang='grc'>10,</span> <span class='ocrx_word' id='word_1_248' title='bbox 2492 3258 2634 3317; x_wconf 90' lang='lat' dir='ltr'>item</span> <span class='ocrx_word' id='word_1_249' title='bbox 2684 3256 2736 3317; x_wconf 94' lang='lat' dir='ltr'>Il</span> <span class='ocrx_word' id='word_1_250' title='bbox 2775 3253 2892 3337; x_wconf 84' lang='lat'>9‚1</span> 
     </span>
     <span class='ocr_line' id='line_1_28' title="bbox 607 3364 2901 3444; baseline -0.001 -19"><span class='ocrx_word' id='word_1_251' title='bbox 607 3368 669 3425; x_wconf 89' lang='lat' dir='ltr'>in</span> <span class='ocrx_word' id='word_1_252' title='bbox 728 3367 904 3425; x_wconf 80' lang='lat' dir='ltr'>suillo</span> <span class='ocrx_word' id='word_1_253' title='bbox 960 3381 1206 3439; x_wconf 79' lang='lat' dir='ltr'>pecore.</span> <span class='ocrx_word' id='word_1_254' title='bbox 1282 3380 1465 3441; x_wconf 85' lang='lat' dir='ltr'>quare</span> <span class='ocrx_word' id='word_1_255' title='bbox 1524 3365 1602 3423; x_wconf 81' lang='lat' dir='ltr'>ab</span> <span class='ocrx_word' id='word_1_256' title='bbox 1658 3366 1833 3423; x_wconf 83' lang='lat' dir='ltr'>suillo</span> <span class='ocrx_word' id='word_1_257' title='bbox 1899 3366 2056 3424; x_wconf 88' lang='lat' dir='ltr'>enim</span> <span class='ocrx_word' id='word_1_258' title='bbox 2104 3379 2334 3438; x_wconf 82' lang='lat' dir='ltr'>pecore</span> <span class='ocrx_word' id='word_1_259' title='bbox 2389 3364 2630 3444; x_wconf 84' lang='lat' dir='ltr'>scripsi,</span> <span class='ocrx_word' id='word_1_260' title='bbox 2681 3382 2901 3439; x_wconf 71' lang='lat' dir='ltr'>qenere</span> 
     </span>
     <span class='ocr_line' id='line_1_29' title="bbox 607 3470 837 3532; baseline -0.004 -1"><span class='ocrx_word' id='word_1_261' title='bbox 607 3470 837 3532; x_wconf 88' lang='lat' dir='ltr'>inclusi.</span> 
     </span>
    </p>

    <p class='ocr_par' dir='ltr' id='par_1_5' title="bbox 533 3574 2898 4086">
     <span class='ocr_line' id='line_1_30' title="bbox 791 3574 2897 3656; baseline -0.003 -17"><span class='ocrx_word' id='word_1_262' title='bbox 791 3576 872 3639; x_wconf 87' lang='lat'>10</span> <span class='ocrx_word' id='word_1_263' title='bbox 954 3577 1258 3656; x_wconf 88' lang='lat' dir='ltr'>Dignum</span> <span class='ocrx_word' id='word_1_264' title='bbox 1324 3578 1597 3655; x_wconf 89' lang='lat' dir='ltr'>insigni</span> <span class='ocrx_word' id='word_1_265' title='bbox 1664 3574 2118 3656; x_wconf 87' lang='lat' dir='ltr'>nuptiarum]</span> <span class='ocrx_word' id='word_1_266' title='bbox 2189 3578 2436 3651; x_wconf 72' lang='lat' dir='ltr'>Insiyne</span> <span class='ocrx_word' id='word_1_267' title='bbox 2500 3595 2569 3635; x_wconf 86' lang='lat' dir='ltr'>ex</span> <span class='ocrx_word' id='word_1_268' title='bbox 2638 3577 2897 3655; x_wconf 86' lang='lat' dir='ltr'>principe</span> 
     </span>
     <span class='ocr_line' id='line_1_31' title="bbox 607 3681 2898 3763; baseline -0.002 -17"><span class='ocrx_word' id='word_1_269' title='bbox 607 3686 870 3746; x_wconf 89' lang='lat' dir='ltr'>editione</span> <span class='ocrx_word' id='word_1_270' title='bbox 911 3685 1130 3763; x_wconf 90' lang='lat' dir='ltr'>recepi.</span> <span class='ocrx_word' id='word_1_271' title='bbox 1212 3687 1460 3758; x_wconf 72' lang='lat' dir='ltr'>diynum</span> <span class='ocrx_word' id='word_1_272' title='bbox 1501 3687 1562 3744; x_wconf 89' lang='lat' dir='ltr'>in</span> <span class='ocrx_word' id='word_1_273' title='bbox 1600 3688 1838 3759; x_wconf 72' lang='lat' dir='ltr'>siqnum</span> <span class='ocrx_word' id='word_1_274' title='bbox 1875 3686 2230 3760; x_wconf 80' lang='lat' dir='ltr'>nuptiarum</span> <span class='ocrx_word' id='word_1_275' title='bbox 2268 3702 2323 3742; x_wconf 89' lang='lat' dir='ltr'>m</span> <span class='ocrx_word' id='word_1_276' title='bbox 2366 3690 2425 3742; x_wconf 86' lang='lat' dir='ltr'>et</span> <span class='ocrx_word' id='word_1_277' title='bbox 2464 3681 2644 3742; x_wconf 89' lang='lat' dir='ltr'>editio</span> <span class='ocrx_word' id='word_1_278' title='bbox 2685 3682 2898 3743; x_wconf 86' lang='lat' dir='ltr'>Aldina.</span> 
     </span>
     <span class='ocr_line' id='line_1_32' title="bbox 608 3789 2898 3868; baseline -0.002 -16"><span class='ocrx_word' id='word_1_279' title='bbox 608 3792 822 3852; x_wconf 87' lang='lat' dir='ltr'>deinde</span> <span class='ocrx_word' id='word_1_280' title='bbox 887 3809 1048 3868; x_wconf 80' lang='lat' dir='ltr'>pecu</span> <span class='ocrx_word' id='word_1_281' title='bbox 1117 3790 1492 3851; x_wconf 83' lang='lat' dir='ltr'>adnotatum.</span> <span class='ocrx_word' id='word_1_282' title='bbox 1527 3810 1659 3852; x_wconf 92' lang='lat' dir='ltr'>esse</span> <span class='ocrx_word' id='word_1_283' title='bbox 1726 3810 1755 3851; x_wconf 92' lang='lat' dir='ltr'>a</span> <span class='ocrx_word' id='word_1_284' title='bbox 1814 3789 2102 3850; x_wconf 86' lang='lat' dir='ltr'>Politiano</span> <span class='ocrx_word' id='word_1_285' title='bbox 2162 3789 2461 3850; x_wconf 86' lang='lat' dir='ltr'>Gesnerus</span> <span class='ocrx_word' id='word_1_286' title='bbox 2526 3791 2732 3850; x_wconf 88' lang='lat' dir='ltr'>nescio</span> <span class='ocrx_word' id='word_1_287' title='bbox 2788 3807 2898 3868; x_wconf 90' lang='lat' dir='ltr'>quo</span> 
     </span>
     <span class='ocr_line' id='line_1_33' title="bbox 608 3895 2896 3976; baseline -0.002 -17"><span class='ocrx_word' id='word_1_288' title='bbox 608 3917 813 3959; x_wconf 86' lang='lat' dir='ltr'>errore</span> <span class='ocrx_word' id='word_1_289' title='bbox 862 3898 1114 3959; x_wconf 89' lang='lat' dir='ltr'>rettulit.</span> <span class='ocrx_word' id='word_1_290' title='bbox 1153 3931 1239 3939; x_wconf 91' lang='lat'>—</span> <span class='ocrx_word' id='word_1_291' title='bbox 1279 3900 1356 3958; x_wconf 84' lang='lat' dir='ltr'>ab</span> <span class='ocrx_word' id='word_1_292' title='bbox 1405 3904 1634 3958; x_wconf 82' lang='lat' dir='ltr'>natura</span> <span class='ocrx_word' id='word_1_293' title='bbox 1682 3898 1726 3957; x_wconf 90' lang='lat' dir='ltr'>A</span> <span class='ocrx_word' id='word_1_294' title='bbox 1777 3907 1837 3957; x_wconf 86' lang='lat' dir='ltr'>et</span> <span class='ocrx_word' id='word_1_295' title='bbox 1884 3896 2069 3957; x_wconf 89' lang='lat' dir='ltr'>codex</span> <span class='ocrx_word' id='word_1_296' title='bbox 2122 3895 2528 3976; x_wconf 83' lang='lat' dir='ltr'>FlorentinnS‚</span> <span class='ocrx_word' id='word_1_297' title='bbox 2586 3915 2627 3956; x_wconf 90' lang='grc' dir='ltr'><strong><em>α</em></strong></span> <span class='ocrx_word' id='word_1_298' title='bbox 2674 3903 2896 3957; x_wconf 83' lang='lat' dir='ltr'>natura</span> 
     </span>
     <span class='ocr_line' id='line_1_34' title="bbox 533 4003 2891 4086; baseline -0.003 -19"><span class='ocrx_word' id='word_1_299' title='bbox 533 4021 540 4028; x_wconf 85' lang='lat'><strong>·</strong></span> <span class='ocrx_word' id='word_1_300' title='bbox 608 4005 942 4086; x_wconf 87' lang='lat' dir='ltr'>apographa</span> <span class='ocrx_word' id='word_1_301' title='bbox 988 4006 1322 4065; x_wconf 88' lang='lat' dir='ltr'>recentiora</span> <span class='ocrx_word' id='word_1_302' title='bbox 1374 4014 1431 4066; x_wconf 89' lang='lat' dir='ltr'>et</span> <span class='ocrx_word' id='word_1_303' title='bbox 1479 4004 1662 4065; x_wconf 91' lang='lat' dir='ltr'>editio</span> <span class='ocrx_word' id='word_1_304' title='bbox 1710 4006 1989 4084; x_wconf 89' lang='lat' dir='ltr'>princeps</span> <span class='ocrx_word' id='word_1_305' title='bbox 2038 4023 2069 4064; x_wconf 91' lang='lat' dir='ltr'>a</span> <span class='ocrx_word' id='word_1_306' title='bbox 2108 4003 2397 4065; x_wconf 89' lang='lat' dir='ltr'>Politiano</span> <span class='ocrx_word' id='word_1_307' title='bbox 2447 4021 2564 4063; x_wconf 91' lang='lat' dir='ltr'>non</span> <span class='ocrx_word' id='word_1_308' title='bbox 2616 4012 2891 4064; x_wconf 89' lang='lat' dir='ltr'>correcta.</span> 
     </span>
    </p>

    <p class='ocr_par' dir='ltr' id='par_1_6' title="bbox 607 4107 2895 4622">
     <span class='ocr_line' id='line_1_35' title="bbox 786 4107 2895 4191; baseline -0.003 -17"><span class='ocrx_word' id='word_1_309' title='bbox 786 4115 1108 4174; x_wconf 89' lang='lat' dir='ltr'>Animam</span> <span class='ocrx_word' id='word_1_310' title='bbox 1148 4112 1379 4173; x_wconf 85' lang='lat' dir='ltr'>datam</span> <span class='ocrx_word' id='word_1_311' title='bbox 1419 4131 1581 4172; x_wconf 90' lang='lat' dir='ltr'>esse</span> <span class='ocrx_word' id='word_1_312' title='bbox 1619 4110 1926 4191; x_wconf 91' lang='lat' dir='ltr'>proinde</span> <span class='ocrx_word' id='word_1_313' title='bbox 1965 4129 2041 4171; x_wconf 91' lang='lat' dir='ltr'>ac</span> <span class='ocrx_word' id='word_1_314' title='bbox 2082 4111 2297 4170; x_wconf 89' lang='lat' dir='ltr'>salem</span> <span class='ocrx_word' id='word_1_315' title='bbox 2330 4128 2508 4189; x_wconf 88' lang='lat' dir='ltr'>qnae</span> <span class='ocrx_word' id='word_1_316' title='bbox 2542 4107 2895 4184; x_wconf 88' lang='lat' dir='ltr'>seruaret]</span> 
     </span>
     <span class='ocr_line' id='line_1_36' title="bbox 611 4215 2891 4300; baseline -0.004 -17"><span class='ocrx_word' id='word_1_317' title='bbox 611 4224 881 4284; x_wconf 80' lang='lat' dir='ltr'>Proinde</span> <span class='ocrx_word' id='word_1_318' title='bbox 938 4220 1076 4282; x_wconf 89' lang='lat' dir='ltr'>libri</span> <span class='ocrx_word' id='word_1_319' title='bbox 1130 4239 1306 4281; x_wconf 85' lang='lat' dir='ltr'>manu</span> <span class='ocrx_word' id='word_1_320' title='bbox 1366 4221 1577 4298; x_wconf 87' lang='lat' dir='ltr'>scripti</span> <span class='ocrx_word' id='word_1_321' title='bbox 1634 4226 1694 4280; x_wconf 89' lang='lat' dir='ltr'>et</span> <span class='ocrx_word' id='word_1_322' title='bbox 1758 4218 1938 4278; x_wconf 89' lang='lat' dir='ltr'>editio</span> <span class='ocrx_word' id='word_1_323' title='bbox 1999 4217 2269 4300; x_wconf 82' lang='lat' dir='ltr'>Victorii,</span> <span class='ocrx_word' id='word_1_324' title='bbox 2329 4215 2517 4294; x_wconf 62' lang='lat' dir='ltr'>proin*</span> <span class='ocrx_word' id='word_1_325' title='bbox 2575 4216 2891 4277; x_wconf 86' lang='lat' dir='ltr'>Politianus</span> 
     </span>
     <span class='ocr_line' id='line_1_37' title="bbox 607 4325 2888 4408; baseline -0.004 -18"><span class='ocrx_word' id='word_1_326' title='bbox 607 4329 923 4408; x_wconf 82' lang='lat' dir='ltr'>adnotavit,</span> <span class='ocrx_word' id='word_1_327' title='bbox 970 4346 1088 4388; x_wconf 90' lang='lat' dir='ltr'>non</span> <span class='ocrx_word' id='word_1_328' title='bbox 1129 4330 1331 4404; x_wconf 84' lang='lat' dir='ltr'>proin,</span> <span class='ocrx_word' id='word_1_329' title='bbox 1390 4334 1456 4387; x_wconf 89' lang='lat' dir='ltr'>ut</span> <span class='ocrx_word' id='word_1_330' title='bbox 1502 4326 1658 4405; x_wconf 86' lang='lat' dir='ltr'>apud</span> <span class='ocrx_word' id='word_1_331' title='bbox 1710 4325 2041 4386; x_wconf 85' lang='lat' dir='ltr'>Gesnerum</span> <span class='ocrx_word' id='word_1_332' title='bbox 2099 4326 2388 4403; x_wconf 89' lang='lat' dir='ltr'>scriptum</span> <span class='ocrx_word' id='word_1_333' title='bbox 2453 4333 2561 4385; x_wconf 87' lang='lat' dir='ltr'>est.</span> <span class='ocrx_word' id='word_1_334' title='bbox 2639 4327 2888 4386; x_wconf 86' lang='lat' dir='ltr'>animam</span> 
     </span>
     <span class='ocr_line' id='line_1_38' title="bbox 609 4430 2886 4512; baseline -0.004 -16"><span class='ocrx_word' id='word_1_335' title='bbox 609 4439 816 4496; x_wconf 84' lang='lat' dir='ltr'>datam</span> <span class='ocrx_word' id='word_1_336' title='bbox 855 4452 973 4511; x_wconf 83' lang='lat' dir='ltr'>pro</span> <span class='ocrx_word' id='word_1_337' title='bbox 1021 4438 1150 4495; x_wconf 82' lang='lat' dir='ltr'>sale</span> <span class='ocrx_word' id='word_1_338' title='bbox 1195 4437 1303 4509; x_wconf 81' lang='lat' dir='ltr'>qui</span> <span class='ocrx_word' id='word_1_339' title='bbox 1335 4440 1617 4495; x_wconf 82' lang='lat' dir='ltr'>servaret</span> <span class='ocrx_word' id='word_1_340' title='bbox 1652 4435 1942 4512; x_wconf 83' lang='lat' dir='ltr'>impressa</span> <span class='ocrx_word' id='word_1_341' title='bbox 1983 4441 2118 4492; x_wconf 88' lang='lat' dir='ltr'>ante</span> <span class='ocrx_word' id='word_1_342' title='bbox 2157 4430 2487 4493; x_wconf 87' lang='lat' dir='ltr'>Victorium</span> <span class='ocrx_word' id='word_1_343' title='bbox 2526 4431 2886 4511; x_wconf 87' lang='lat' dir='ltr'>exemplaria.</span> 
     </span>
     <span class='ocr_line' id='line_1_39' title="bbox 608 4533 2884 4622; baseline -0.002 -22"><span class='ocrx_word' id='word_1_344' title='bbox 608 4541 686 4600; x_wconf 87' lang='lat'>111</span> <span class='ocrx_word' id='word_1_345' title='bbox 717 4539 776 4622; x_wconf 89' lang='grc'>8,</span> <span class='ocrx_word' id='word_1_346' title='bbox 809 4540 839 4600; x_wconf 92' lang='grc'>1</span> <span class='ocrx_word' id='word_1_347' title='bbox 870 4543 1134 4615; x_wconf 79' lang='lat' dir='ltr'>proinde</span> <span class='ocrx_word' id='word_1_348' title='bbox 1162 4558 1444 4614; x_wconf 69' lang='lat' dir='ltr'>maynum</span> <span class='ocrx_word' id='word_1_349' title='bbox 1478 4558 1554 4600; x_wconf 83' lang='lat' dir='ltr'>ae</span> <span class='ocrx_word' id='word_1_350' title='bbox 1583 4542 2025 4600; x_wconf 75' lang='lat' dir='ltr'>multitudinem</span> <span class='ocrx_word' id='word_1_351' title='bbox 2056 4543 2224 4599; x_wconf 84' lang='lat' dir='ltr'>alere</span> <span class='ocrx_word' id='word_1_352' title='bbox 2252 4543 2418 4600; x_wconf 79' lang='lat' dir='ltr'>velis,</span> <span class='ocrx_word' id='word_1_353' title='bbox 2484 4541 2625 4598; x_wconf 86' lang='lat' dir='ltr'>item</span> <span class='ocrx_word' id='word_1_354' title='bbox 2656 4538 2704 4598; x_wconf 89' lang='lat' dir='ltr'>Il</span> <span class='ocrx_word' id='word_1_355' title='bbox 2738 4535 2790 4619; x_wconf 84' lang='lat'>1,</span> <span class='ocrx_word' id='word_1_356' title='bbox 2812 4533 2884 4596; x_wconf 77' lang='lat'>27</span> 
     </span>
    </p>
   </div>
  </div>
 </body>
</html>
