3178 5185
800 370 1056 426 RERVM
1094 372 1566 428 RVSTICARVM
1606 372 1742 429 LIB.
1781 373 1833 428 ΙΙ
1875 371 1949 425 11
2396 375 2522 438 261

289 539 415 617 quod
443 533 629 621 [quod]
662 540 874 601 Graeci
903 540 1197 620 appellant
1226 540 1323 600 alii
1353 533 1542 618 ὀπόν,
1577 540 1676 601 alii
1705 533 2019 623 δάκρυον.
2074 540 2204 601 Non
2233 543 2517 622 negarim,
2540 545 2575 602 5

285 648 505 727 inquam,
559 647 689 708 ideo
748 656 892 726 aput
947 649 1111 708 divae
1171 647 1460 707 Ruminae
1517 647 1796 708 sacellum
1855 668 1886 707 a
1942 648 2282 727 pastoribus
2338 657 2522 709 satam

284 753 442 813 licum.
524 753 601 813 ibi
657 757 818 814 enim
876 755 1069 815 solent
1125 755 1449 815 sacrificari
1503 754 1654 814 lacte
1702 773 1810 833 pro
1858 757 1993 815 vino
2042 764 2102 815 ct
2148 774 2256 834 pro
2306 755 2522 816 lacten-

282 858 425 920 tibus,
505 879 748 921 mamma
806 863 962 921 enim
1021 864 1210 922 rumis
1267 863 1389 921 sive
1448 860 1766 934 ruminare,
1814 869 1880 921 ut
1935 870 2070 922 ante
2127 862 2429 943 dicebant,
2489 882 2521 923 a

236 965 406 1026 ⁵rumi
452 970 614 1028 etiam
669 968 811 1028 inde
868 969 1149 1030 dicuntur
1198 968 1468 1030 subrumi
1513 971 1675 1048 agni,
1728 968 2013 1028 lactantes
2060 987 2092 1028 a
2138 969 2306 1030 lacte.
2399 968 2571 1038 Quis

276 1075 474 1152 aspergi
516 1074 703 1135 solent
751 1075 931 1158 sales,
978 1077 1187 1137 melior
1235 1076 1455 1135 fossilis
1504 1094 1678 1155 quam
1725 1078 2009 1136 marinus,

420 1179 494 1240 De
545 1189 791 1243 tonsura
839 1185 1036 1244 ovium
1082 1185 1342 1262 primum
1391 1183 1820 1263 animadverto,
1877 1191 2193 1261 antequam
2240 1183 2520 1261 incipiam

277 1286 460 1368 facere,
502 1308 640 1350 num
697 1290 958 1350 scabiem
1015 1301 1118 1351 aut
1173 1290 1375 1350 ulcera
1430 1288 1711 1369 habeant,
1757 1297 1852 1371 ut,
1909 1291 1961 1349 si
2016 1308 2164 1369 opus
2211 1298 2327 1369 est,
2384 1298 2519 1350 ante

275 1402 534 1475 curentur,
581 1415 755 1475 quam
805 1398 1180 1459 tondeantur.
1275 1407 1553 1458 tonsurae
1603 1405 1836 1476 tempus
1881 1400 2040 1458 inter
2079 1399 2517 1477 aequinoctium

217 1512 255 1550 1⁰
276 1518 480 1561 vernum
524 1510 581 1562 et
627 1503 968 1586 solstitium,
1016 1525 1152 1566 cum
1200 1505 1413 1565 sudare
1460 1507 1816 1584 inceperunt
1863 1523 2018 1585 oveS‚
2065 1524 2096 1564 a
2144 1523 2262 1583 quo
2301 1504 2518 1564 sudore

277 1624 447 1668 recens
495 1609 617 1671 lana
675 1619 844 1671 tonsa
903 1613 1105 1673 sucida
1163 1612 1447 1691 appellata
1504 1621 1613 1672 est.
1713 1619 1915 1672 tonsas
1970 1618 2244 1671 recentes
2299 1611 2564 1672 eodem7

278 1712 351 1773 die
405 1727 725 1797 perungunt
791 1721 927 1779 vino
993 1727 1053 1780 et
1119 1719 1277 1799 oleo,
1343 1738 1462 1779 non
1528 1738 1701 1779 nemo
1767 1719 2023 1779 admixta
2081 1737 2214 1778 cera
2272 1718 2403 1779 alba
2458 1726 2518 1779 et

281 1819 415 1899 adipe
465 1823 648 1906 suilla;
708 1835 771 1886 et
826 1829 879 1886 si
934 1846 1002 1886 ea
1057 1835 1212 1887 tecta
1270 1826 1421 1886 solet
1478 1845 1639 1906 esse,
1696 1845 1870 1905 quam
1919 1826 2123 1886 habuit
2170 1825 2381 1906 pellem
2430 1828 2515 1886 in-

279 1933 473 2010 tectam,
523 1951 644 1992 eam
693 1935 1059 1993 intrinsecus
1106 1934 1311 1993 eadem
1358 1951 1423 1992 re
1470 1935 1878 2013 perinungunt
1925 1940 1985 1993 et
2031 1941 2240 2011 tegunt
2287 1951 2514 1993 rursuS.

387 2161 415 2207 4
447 2174 673 2211 mamma
710 2157 861 2211 enim
896 2158 1067 2212 rumis
1105 2158 1190 2210 II
1218 2163 1272 2225 1,
1308 2162 1387 2213 20

390 2250 443 2297 13
476 2246 630 2316 adipe
671 2245 840 2301 suilla
879 2247 1159 2303 Priscian.
1200 2249 1233 2302 Ζ.
1280 2247 1413 2316 Vp.
1455 2252 1596 2312 168,
1632 2251 1721 2300 16.
1784 2248 1816 2301 Ζ.
1865 2246 1990 2299 VII
2008 2263 2069 2315 p.
2110 2251 2245 2314 321,
2281 2251 2360 2302 20

278 2370 409 2378 ———

414 2465 438 2512 1
481 2461 623 2528 quod
654 2461 822 2530 -quod
870 2460 1057 2531 graeci
1097 2461 1282 2515 PAB
1327 2461 1476 2530 quod
1520 2459 1713 2530 graeci
1739 2475 1780 2514 ‘v
1960 2459 2039 2514 ali
2084 2478 2230 2530 opon
2268 2461 2346 2515 ali
2384 2463 2510 2517 dra·

278 2561 383 2601 cuan
418 2548 467 2602 P
504 2551 728 2621 aliopon
774 2550 873 2606 alii
920 2550 1183 2607 dracuam
1233 2552 1393 2620 (corr.
1431 2581 1502 2589 —
1537 2550 1633 2618 an)
1682 2551 1734 2604 A
1783 2549 2009 2618 aliopon
2055 2550 2155 2605 alii
2201 2551 2413 2607 drauan
2453 2554 2510 2608 B

274 2634 349 2688 alii
378 2654 505 2708 opon
538 2640 635 2695 alii
675 2642 957 2696 draconon
993 2658 1039 2695 v.
1121 2640 1304 2706 ‘Quod
1342 2640 1544 2694 Graeci
1582 2639 1876 2708 appellant
1912 2639 2012 2694 alii
2051 2636 2224 2709 ὀπὸν,
2274 2641 2373 2696 alii
2411 2639 2508 2697 δά-

273 2743 422 2790 κρυον.
478 2729 645 2785 Hunc
683 2733 875 2796 locum,
915 2732 1142 2786 adiutus
1179 2731 1249 2784 ab
1276 2731 1480 2798 optimo
1507 2729 1823 2798 exemplavi,
1862 2732 2129 2785 commode
2158 2732 2294 2801 (nisi
2316 2733 2508 2801 fallor)

271 2818 528 2873 emendam:
566 2827 686 2875 erat
723 2825 903 2874 autem
938 2821 1031 2873 illc
1065 2821 1130 2873 in
1166 2819 1379 2873 eoecusis
1417 2819 1692 2873 codicibus
1720 2819 2179 2873 ’mendosissimus’
2234 2819 2509 2874 Victorius

356 2911 382 2957 2
415 2911 538 2976 aput
576 2910 693 2963 PA
733 2909 883 2978 apud
919 2910 1015 2964 Bv
1128 2908 1291 2963 diuae
1330 2908 1580 2962 rumniae
1619 2908 1920 2962 saccellum
1954 2908 2009 2960 P
2034 2907 2167 2962 diua
2196 2926 2350 2965 erum
2379 2924 2506 2962 mae

268 2994 514 3050 saccellum
540 3000 591 3051 A
625 2998 789 3052 diuae
817 2997 1050 3052 runniae
1080 2998 1346 3052 sacellum
1376 2998 1433 3051 B
1460 2996 1626 3052 diuae
1655 2997 1868 3052 rumiae
1897 2996 2162 3052 sacellum
2189 3015 2221 3051 v
2330 3004 2362 3050 3
2392 2998 2505 3052 lac-

266 3081 462 3138 tentibus
504 3086 678 3141 VAB
722 3087 1062 3161 lactantibus
1099 3104 1152 3140 m
1259 3093 1294 3139 4
1330 3102 1575 3141 mamma
1613 3085 1761 3140 enim
1798 3086 1969 3140 rumis
2007 3087 2125 3141 siue
2164 3085 2402 3156 rumina,
2440 3088 2505 3140 ut

267 3170 367 3223 ante
399 3171 670 3230 dicebant:
711 3193 747 3229 a
781 3174 927 3228 rumi
952 3175 1084 3229 inde
1114 3174 1375 3228 dicuntur
1404 3175 1653 3229 subrumi
1695 3175 1944 3229 Ursinus.
1999 3176 2231 3242 fortasse
2258 3191 2506 3230 mamma

269 3257 380 3311 enim
419 3264 576 3318 rumis
621 3264 715 3317 vel
762 3279 982 3331 rumen,
1031 3264 1095 3316 ut
1141 3265 1270 3318 ante
1309 3262 1597 3332 dicebant,
1646 3280 1680 3316 a
1716 3264 1862 3317 rumi
1900 3262 2205 3317 etiamnum
2242 3263 2503 3318 dicuntur

267 3344 468 3404 subrumi
604 3369 885 3406 mammae
934 3352 1084 3406 enim
1130 3351 1302 3421 (enim
1348 3354 1776 3422 superscriptwn
1812 3354 1875 3406 in
1910 3353 1988 3422 B)
2028 3370 2218 3406 ramus
2259 3354 2376 3407 sine
2413 3373 2501 3429 ru-

266 3433 432 3492 minare
471 3443 530 3494 ut
577 3442 762 3496 PAB
809 3457 1087 3496 mammae
1133 3440 1284 3496 enim
1326 3440 1502 3495 rumis
1550 3439 1672 3496 siue
1717 3442 1999 3496 ruminare
2046 3442 2110 3495 ut
2153 3460 2184 3496 v
2224 3459 2500 3498 mammae

266 3522 379 3578 enim
416 3530 574 3585 rumis
623 3531 744 3585 siue
790 3548 980 3584 rumae
1026 3533 1091 3585 ut
1126 3530 1430 3586 Iucundus.
1511 3530 1698 3584 ‘Nihil
1741 3532 1999 3598 uariam,
2045 3533 2281 3600 antiqua
2323 3538 2502 3587 tamen

265 3610 382 3667 lectio
404 3618 637 3674 diuersa:
667 3625 732 3674 ut
764 3626 1016 3674 accurate
1039 3621 1341 3688 ponderari
1370 3638 1405 3674 α
1432 3620 1696 3674 studiosis
1715 3621 1909 3688 possit,
1938 3637 2055 3674 eam
2081 3621 2170 3674 hic
2197 3622 2496 3690 adponam:

265 3699 488 3761 Mammas
529 3709 679 3763 enim
727 3726 916 3762 tumus
965 3709 1082 3763 siue
1119 3709 1396 3764 ruminare
1434 3711 1523 3777 ut,
1570 3709 1702 3763 etc.'
1791 3709 2067 3764 Victorius
2246 3714 2277 3763 ὅ
2328 3708 2496 3764 etiam

264 3788 359 3845 inde
378 3795 542 3852 PAB
570 3801 630 3853 et
655 3798 787 3852 inde
807 3816 838 3852 v
912 3799 1188 3861 lactantes
1213 3797 1398 3853 PAB
1427 3799 1698 3853 lactentes
1719 3815 1750 3852 v
1824 3815 1934 3866 qua
1963 3797 2156 3868 spargi
2188 3799 2372 3853 PAB
2400 3808 2498 3867 qui

265 3885 482 3952 aspergiv
503 3931 512 3942 .
534 3890 768 3955 fortasse
796 3887 892 3954 qui
923 3887 1148 3957 aspargi
1175 3888 1319 3942 solet
1346 3887 1446 3957 sal,
1477 3887 1523 3941 is
1552 3887 1751 3941 melior
1781 3886 1989 3941 fossilis
2099 3894 2131 3941 6
2162 3887 2358 3942 melior
2379 3888 2498 3940 AB

264 3969 416 4026 melior
447 3982 474 4028 e
520 3976 570 4030 V
602 3977 863 4031 meliores
899 3994 951 4030 m
1095 3975 1305 4031 fossilis
1344 3977 1466 4032 A²v
1503 3976 1724 4031 fossiles
1762 3977 1876 4031 PB
1912 3977 2105 4031 fusiles
2144 3976 2256 4031 Am

371 4067 396 4115 7
437 4065 510 4119 De
544 4067 777 4120 tonsura
815 4065 1028 4136 ovium]
1069 4065 1150 4119 De
1189 4068 1421 4120 tonsura
1457 4067 1520 4119 i‘n
1554 4068 1803 4135 margine
1837 4067 2065 4120 rubrica
2100 4065 2156 4119 A
2299 4069 2331 4118 8
2378 4083 2491 4119 sca-

265 4143 376 4201 biem
406 4169 435 4205 v
469 4155 709 4209 scaniam
746 4171 883 4211 corr.
924 4155 1168 4209 scabiem
1206 4155 1260 4209 A
1299 4153 1541 4208 scauiem
1585 4156 1698 4210 PB
1844 4161 1875 4208 9
1925 4152 2316 4223 equiuocinum
2355 4170 2492 4208 corr.

266 4236 596 4300 equinocinum
642 4245 698 4296 A
890 4248 954 4297 11
1004 4242 1197 4298 sucida
1234 4245 1351 4299 PB
1397 4244 1622 4298 succida
1667 4244 1763 4298 Av
1947 4250 2010 4296 12
2060 4258 2223 4296 caera
2270 4243 2322 4296 V

270 4323 314 4373 13
348 4327 490 4398 adipe
534 4333 700 4387 suilla
736 4333 1099 4387 Schneiderus
1144 4335 1260 4388 coll.
1300 4334 1472 4387 Prisc.
1512 4335 1546 4387 l.
1599 4333 1660 4386 V.
1691 4351 1750 4402 p.
1793 4338 1905 4387 168
1913 4331 1952 4400 ,“
1977 4338 2050 4387 16
2096 4331 2261 4400 adipe
2300 4330 2493 4400 (allipe

268 4423 367 4466 corr.
407 4418 559 4489 adipe
595 4423 673 4490 B)
722 4422 889 4487 suillo
936 4422 1110 4476 VAB
1298 4423 1481 4477 solent
1526 4423 1582 4475 B
1762 4421 1966 4491 pellem
2011 4420 2278 4474 intectam
2335 4419 2492 4474 VAB

268 4498 426 4564 Pellem
459 4507 716 4565 iniectam
753 4511 1047 4567 Iucundus
