3178 5185
570 404 653 468 10
1262 412 1647 468 ΟΟΜΜΕΝΤ.
1684 414 1756 468 IN
1801 413 2176 469 VARRONIS

565 568 700 630 licta
762 577 956 629 tamen
1023 568 1406 629 collocatione
1477 568 1824 650 verborum,
1886 587 2061 648 quam
2125 569 2427 631 Iucundus
2494 573 2867 632 instituerat.

567 685 623 737 et
670 694 828 751 quae
880 678 1215 750 salubrior,
1266 678 1371 737 illa
1421 675 1829 752 fructuosior,
1881 680 2201 738 dicendum
2257 682 2452 754 maqis
2507 696 2641 740 eam
2700 672 2769 762 (i.
2815 699 2868 739 e.

566 782 1086 862 septentrionalem
1141 778 1429 864 partem),
1484 784 1687 858 ibique
1724 785 2012 860 Italiam,
2070 786 2263 861 luisse
2316 794 2719 862 opportunam
2782 790 2875 848 ad

565 892 897 964 colendum,
946 908 1126 966 quam
1163 891 1369 951 Asiam
1418 892 1673 950 coniecit
1721 890 2148 973 Schneiderus;
2196 899 2255 952 et
2299 896 2431 953 sine
2479 896 2661 955 dubio
2711 913 2866 968 quo-

564 1001 727 1058 niam
772 999 1082 1058 salubrior
1120 1016 1275 1074 pars
1317 1001 1805 1075 septentrionalis
1862 1006 1950 1059 est
1997 1017 2177 1074 quam
2222 1003 2596 1081 meridiana,
2655 1003 2871 1076 ibique

567 1107 782 1186 Italia,
829 1112 888 1165 et
932 1122 1091 1180 quae
1136 1106 1459 1180 salubrior,
1510 1109 1615 1165 illa
1655 1104 2063 1180 fructuosior,
2112 1109 2433 1168 dicendum
2479 1111 2676 1183 maqis
2725 1127 2869 1170 eam

556 1212 750 1288 fuisse
807 1220 1205 1289 opportunam
1262 1215 1348 1273 ad
1404 1215 1720 1274 colendum
1766 1231 1947 1289 quam
1993 1215 2200 1274 Asiam
2246 1213 2568 1293 Madvigius
2623 1215 2867 1276 advers.

563 1319 693 1380 v.11
732 1338 787 1398 p.
826 1317 965 1380 179.
1059 1318 1327 1380 ordinem
1376 1319 1690 1379 verborum
1740 1323 1841 1399 qui
1881 1330 2006 1382 erat
2045 1323 2103 1381 in
2143 1321 2466 1401 archetypo
2504 1324 2585 1383 ita
2622 1331 2868 1383 tantum

562 1427 800 1487 defendi
836 1446 1009 1506 posse
1059 1426 1195 1486 olim
1237 1427 1577 1508 significavi,
1629 1435 1690 1487 ut
1740 1429 1829 1488 ibi
1870 1431 2034 1503 quod
2068 1429 2253 1489 Italia
2301 1428 2685 1490 scriberetur.
2761 1430 2870 1490 sed

562 1553 766 1594 verum
808 1552 937 1594 esse
976 1543 1119 1613 puto
1160 1533 1315 1612 quod
1356 1536 1593 1594 restitui
1631 1534 1827 1595 verbis
1873 1537 1933 1595 in
1972 1534 2131 1596 hunc
2172 1535 2410 1596 modum
2455 1539 2873 1618 transpositiS‚

560 1651 620 1721 et
673 1659 832 1717 quae
886 1643 1267 1717 salubriora,
1325 1646 1430 1703 illa
1480 1641 1933 1724 fructuosiora,
2000 1645 2199 1718 ibique
2256 1644 2469 1718 Italia,
2530 1647 2871 1706 dicendum

559 1753 753 1824 maqis
801 1767 932 1810 eam
981 1747 1175 1824 fuisse
1220 1756 1621 1825 opportunam
1677 1753 1764 1810 ad
1815 1753 2131 1811 colendum
2184 1769 2365 1826 quam
2413 1753 2634 1813 Asiam.
2727 1771 2868 1814 nam

566 1856 1005 1936 neglegentiore
1046 1874 1318 1916 sermone
1358 1874 1501 1917 usus
1542 1855 1745 1939 Varro,
1784 1852 1849 1917 ut
1887 1857 1955 1916 ad
1996 1856 2217 1917 Italiam
2257 1859 2631 1937 potissimum
2666 1866 2866 1918 traus-

561 1953 863 2025 ferrentur
921 1982 1068 2044 quae
1133 1964 1204 2024 de
1263 1962 1725 2043 septemtrionali
1783 1972 1951 2043 parte
2014 1967 2253 2025 omnino
2321 1963 2527 2039 valent,
2593 1968 2866 2044 primum

560 2071 706 2131 haec
755 2070 994 2152 adiecit,
1053 2073 1256 2146 ibique
1304 2072 1515 2145 Italia,
1569 2070 1780 2130 deinde
1830 2073 2163 2132 accuratius
2213 2073 2461 2133 virtutes
2507 2071 2711 2133 Italiae
2766 2074 2865 2134 de-

561 2181 821 2260 scripsit,
861 2182 1127 2256 primum
1173 2181 1337 2253 quod
1380 2185 1468 2238 est
1514 2181 1576 2238 in
1624 2178 1876 2254 Europa
1915 2196 2041 2258 sqq.

737 2285 1043 2346 Primum
1083 2284 1265 2364 quod
1306 2295 1415 2345 est
1453 2283 1743 2364 europa]
1794 2287 1969 2358 Quod
2016 2293 2105 2346 est
2150 2303 2381 2362 europa
2420 2292 2655 2364 praeter
2697 2291 2863 2367 prin·

560 2397 751 2473 cipem
809 2393 1126 2453 editionem
1184 2410 1215 2451 a
1268 2391 1555 2452 Politiano
1615 2410 1731 2451 non
1790 2399 2117 2452 correctam
2177 2391 2392 2452 babent
2447 2395 2493 2453 Α
2550 2402 2610 2454 et
2666 2396 2860 2456 codex

563 2500 966 2582 FlorentinuS,
1025 2502 1188 2576 quod
1242 2503 1303 2559 in
1360 2517 1591 2576 europa
1638 2497 1955 2581 CaesenaS,
2010 2503 2174 2575 quod
2217 2508 2307 2561 est
2360 2504 2423 2562 in
2471 2501 2729 2579 Europa
2789 2522 2861 2564 ex

563 2610 765 2671 codice
816 2627 873 2668 m
920 2607 1105 2669 edidit
1150 2606 1469 2668 IucunduS.

738 2711 779 2775 5
845 2714 1092 2775 Emobi
1155 2724 1228 2776 tu
1295 2717 1683 2795 quicquam
1747 2716 1945 2775 nasci
2002 2723 2212 2794 putes
2267 2734 2478 2795 posse
2535 2726 2656 2778 aut
2714 2718 2860 2779 coli

565 2821 829 2900 natum]
889 2824 983 2883 En
1032 2823 1119 2882 ibi
1171 2830 1235 2882 tu
1283 2826 1607 2897 quicquam
1662 2825 1839 2882 nasci
1884 2829 2067 2899 putas
2114 2840 2293 2899 posse
2346 2822 2668 2884 IucunduS.
2767 2844 2858 2886 em

562 2930 855 2991 Victorius
911 2931 1199 3011 restituit,
1257 2928 1411 3007 quod
1469 2931 1613 2989 item
1658 2928 1876 3007 legitur
1933 2924 2081 2990 156
2131 2947 2221 2989 em
2267 2933 2413 3005 quin
2460 2923 2696 2993 adsum.
2782 2953 2857 2994 en

559 3037 920 3099 Ribbeckius
958 3036 1031 3096 de
1068 3038 1275 3116 partic.
1313 3036 1471 3097 latin.
1512 3056 1565 3114 p.
1608 3033 1693 3096 34
1741 3036 2021 3117 defendit,
2060 3038 2162 3115 qui
2209 3035 2351 3097 illud
2400 3037 2470 3097 ad
2520 3057 2852 3117 pronomen

560 3151 884 3222 quicquam
942 3146 1140 3223 potius
1190 3161 1364 3223 quam
1422 3143 1493 3202 ad
1550 3142 1893 3203 adverbium
1951 3146 2040 3204 ibi
2090 3146 2391 3223 pertinere
2452 3144 2652 3226 voluit.
2749 3155 2860 3207 aut

559 3258 646 3315 ali
689 3261 897 3314 natum
945 3253 1198 3311 coniecit
1247 3250 1496 3311 Ursinus
1543 3249 1673 3311 coll.
1712 3249 1737 3309 1
1775 3248 1882 3334 44,
1921 3248 1964 3311 4
2011 3270 2170 3327 quae
2218 3259 2369 3313 nata
2423 3261 2585 3327 sunt,
2639 3257 2854 3329 inquit,

561 3365 621 3421 in
663 3359 860 3435 fundo
908 3363 1197 3419 alescunt.

736 3466 919 3527 Illud
986 3464 1223 3545 paculi
1289 3464 1399 3525 sol
1465 3467 1522 3525 si
1587 3473 1937 3545 perpetuo
2003 3468 2097 3526 sit
2153 3475 2273 3527 aut
2332 3485 2468 3528 nox
2524 3467 2852 3530 flammeo

563 3593 825 3653 uapore
883 3581 1000 3633 aut
1048 3573 1318 3651 frigore
1368 3580 1606 3632 terrae
1663 3573 1940 3634 fructos
1998 3575 2223 3633 omnis
2279 3575 2628 3654 interire]
2693 3576 2852 3637 Fest.

557 3701 612 3761 p.
653 3677 810 3761 352,
848 3677 932 3741 26
994 3688 1234 3742 torrens
1284 3683 1766 3757 participialiter
1815 3699 1931 3757 pro
1988 3699 2254 3742 exurens
2294 3685 2574 3759 ponitur,
2631 3690 2703 3743 ut
2765 3692 2855 3745 est

560 3793 729 3867 apud
763 3790 1098 3849 Pacuvium
1138 3791 1200 3848 in
1239 3789 1499 3864 Antiopa
1538 3782 1834 3863 ‘flammeo
1873 3806 2099 3864 uapore
2137 3795 2379 3850 torrens
2415 3797 2626 3851 terrae
2655 3790 2852 3866 fetum

558 3890 912 3969 exusserit',
968 3894 1174 3954 Isidor.
1234 3893 1304 3954 de
1364 3903 1478 3954 nat.
1535 3912 1653 3954 rer.
1702 3914 1752 3955 c.
1790 3890 1878 3954 44
1933 3913 1990 3972 p.
2032 3891 2115 3955 74
2171 3894 2262 3955 ed.
2312 3892 2540 3956 Becker
2605 3904 2849 3959 torrens

550 4006 808 4083 fluvius,
873 4005 981 4077 qui
1032 4003 1243 4077 pluvia
1291 4003 1530 4074 crescit,
1578 4004 1856 4061 siccitate
1902 4004 2203 4081 torrescit,
2253 4005 2319 4062 id
2354 4010 2443 4062 est
2479 4008 2728 4086 arescit,
2776 4009 2851 4066 de

558 4129 675 4186 quo
714 4112 1018 4171 Pacuvius
1058 4102 1361 4183 ‘flammeo
1400 4125 1627 4184 vapore
1665 4115 1906 4169 torrens
1943 4102 2184 4182 torret',
2222 4107 2299 4168 id.
2329 4107 2488 4187 Orig.
2511 4107 2647 4169 XIII
2667 4108 2847 4193 21,2.

559 4217 628 4282 ad
677 4215 933 4277 eundem
979 4215 1218 4276 Pacuvii
1267 4234 1502 4276 versum
1550 4217 1849 4294 respicere
1897 4214 2219 4275 Varronem
2268 4215 2339 4276 de
2379 4216 2517 4295 ling.
2556 4216 2653 4278 lat.
2695 4218 2766 4278 VI
2805 4215 2844 4279 6

558 4342 706 4399 nox,
763 4326 948 4398 quod,
995 4331 1062 4383 ut
1117 4324 1363 4383 Catulus
1420 4327 1533 4403 ait,
1581 4326 1809 4397 omnia,
1867 4326 1989 4383 nisi
2043 4326 2407 4384 interveniat
2459 4327 2571 4399 sol,
2614 4328 2845 4400 pruina

559 4433 958 4505 obriquerint,
995 4432 1160 4505 quod
1194 4437 1370 4491 nocet
1415 4449 1563 4506 nox,
1612 4429 1812 4508 ibique
1861 4437 1928 4489 ut
1975 4432 2280 4492 Pacuvius
2327 4434 2416 4491 ait
2461 4429 2842 4491 scribendum

561 4556 691 4597 esse
743 4536 992 4597 Ursinus
1039 4537 1352 4597 adnotavit.
1401 4545 1461 4597 et
1496 4545 1732 4615 poterat
1768 4536 2100 4597 emendatio
2139 4539 2399 4598 nominis
2446 4538 2846 4598 commendari
