3178 5185
486 1411 553 1472 ln
603 1415 812 1490 priore
869 1413 1046 1473 huius
1103 1414 1383 1474 editionis
1439 1424 1605 1494 parte
1654 1413 1933 1474 Varronis
1990 1432 2192 1474 rerum
2248 1418 2610 1478 rusticarum

321 1518 444 1579 iibri
505 1538 623 1583 una
689 1538 829 1581 cum
890 1520 1127 1581 Catonis
1189 1516 1260 1580 de
1323 1521 1686 1598 agricultura
1748 1520 1899 1580 libro
1958 1522 2039 1580 ita
2099 1521 2241 1581 editi
2297 1533 2494 1599 erant,
2545 1534 2612 1585 ut

321 1628 606 1706 scriptura
657 1627 875 1687 horum
919 1627 1236 1707 librorum,
1284 1647 1432 1707 quae
1481 1630 1543 1687 in
1591 1626 2029 1706 exemplaribus
2076 1637 2244 1688 antea
2303 1633 2611 1710 impressis

322 1734 698 1795 vehementer
763 1743 1041 1814 corrupta
1104 1734 1433 1815 ferebatur,
1490 1735 1559 1794 ad
1620 1735 1795 1795 fidem
1855 1735 2069 1794 veteris
2125 1735 2378 1818 codiciS,
2433 1757 2609 1816 quem

327 1841 454 1901 olim
484 1842 755 1921 Angelus
793 1841 1121 1902 Politianus
1161 1853 1220 1901 et
1257 1841 1472 1902 Petrus
1512 1841 1810 1902 Victorius
1848 1852 2296 1925 usurpaverant,
2325 1854 2612 1923 quantum

321 1951 438 2009 fieri
484 1958 717 2030 posset,
766 1957 1165 2010 revocaretur.
1258 1968 1391 2009 nam
1442 1968 1510 2009 ex
1561 1949 1675 2008 hoc
1724 1966 1843 2010 uno
1892 1949 2095 2010 codice
2144 1969 2247 2009 eos
2304 1953 2408 2029 qui
2455 1969 2614 2012 nunc

322 2065 636 2134 supersunt
687 2075 895 2116 omnes
946 2066 1240 2135 tamquam
1288 2074 1360 2116 ex
1399 2057 1702 2116 communi
1752 2057 1912 2117 sonte
1960 2056 2260 2116 derivatos
2306 2075 2437 2117 esse
2477 2077 2614 2118 con-

322 2170 441 2222 stat.
545 2163 1025 2224 emendationem
1093 2182 1300 2223 eorum
1367 2182 1516 2243 quae
1584 2166 1646 2222 in
1710 2162 2029 2242 archetypo
2096 2172 2379 2242 corrupta
2447 2174 2617 2225 eraut

322 2279 547 2349 praeter
594 2270 947 2330 manifestos
995 2270 1222 2330 librarii
1269 2289 1506 2330 errores
1547 2278 1608 2330 et
1656 2272 1790 2331 vitia
1833 2270 2121 2350 quaedam
2168 2273 2500 2350 scripturae
2542 2291 2613 2331 ex

321 2379 648 2456 antiquiore
700 2384 891 2438 aetate
930 2388 1271 2460 propagata,
1309 2395 1458 2456 quae
1498 2386 1662 2438 certa
1702 2379 2046 2437 coniectura
2088 2377 2440 2439 videbantur
2488 2397 2615 2439 cor-

246 2462 249 2465 ·
322 2495 474 2545 recta
530 2503 698 2565 esse,
757 2487 1223 2566 commentariiS,
1279 2484 1497 2563 quibus
1555 2483 1736 2544 altera
1795 2482 2073 2544 editionis
2129 2503 2268 2563 pars
2325 2486 2618 2549 destinata

323 2599 457 2674 erat,
504 2594 830 2654 reservavi.
901 2600 1107 2671 postea
1147 2590 1427 2653 Varronis
1467 2590 1652 2652 libros
1689 2594 1874 2671 magis
1916 2591 2260 2653 emendatos
2300 2596 2617 2673 separatim

325 2699 471 2760 edidi
536 2719 586 2760 a.
660 2696 853 2760 1889.
946 2717 1130 2777 quare
1197 2717 1355 2759 nunc
1423 2698 1494 2758 ad
1561 2707 1908 2777 susceptum
1976 2717 2123 2777 opus
2189 2700 2615 2778 perficiendum

325 2812 516 2884 aptum
563 2824 703 2867 esse
743 2808 931 2866 visum
981 2814 1073 2867 est
1111 2824 1238 2866 eam
1287 2807 1852 2866 commentariorum
1891 2814 2138 2887 partem,
2178 2824 2328 2884 quae
2368 2807 2438 2867 ad
2477 2806 2617 2867 Var-

268 2908 274 2914 ’
327 2915 478 2974 ronis
525 2913 719 2974 libros
766 2916 1120 2995 pertineret,
1166 2916 1425 2993 primum
1475 2915 1673 2974 edere.

490 3021 579 3082 Ad
629 3022 1110 3082 constituendam
1158 3029 1354 3082 autem
1403 3021 1710 3100 archetypi
1757 3023 2133 3100 scripturam,
2181 3038 2213 3079 a
2261 3040 2376 3099 qua
2424 3024 2617 3082 omnis

334 3128 661 3189 emendatio
711 3127 1035 3207 repetenda
1084 3136 1192 3206 est,
1233 3138 1470 3207 praeter
1510 3147 1575 3188 ea
1618 3147 1770 3208 quae
1810 3147 1881 3188 ex
1920 3130 2050 3207 ipso
2088 3136 2289 3188 vetere
2338 3128 2541 3189 codice
2584 3147 2616 3189 a

334 3231 616 3296 Politiano
669 3244 732 3295 et
777 3234 1039 3295 Victorio
1088 3235 1361 3296 adnotata
1410 3245 1579 3297 erant
1627 3236 1765 3295 olim
1816 3236 1934 3295 duo
1981 3234 2311 3314 apographa
2360 3234 2618 3316 adhibui,

329 3328 584 3402 codicem
616 3343 958 3402 Parisinum
989 3341 1034 3402 A
1067 3342 1415 3402 duodecimo
1448 3343 1539 3402 vel
1576 3346 1753 3403 tertio
1794 3342 2023 3403 decimo
2063 3342 2298 3403 saeculo
2329 3344 2616 3422 scriptum

331 3456 384 3507 et
417 3448 887 3511 Laurentianum
936 3449 981 3508 B
1030 3450 1239 3528 quinto
1287 3450 1516 3510 decimo
1567 3450 1803 3510 saeculo
1852 3452 2161 3531 scriptum,
2198 3468 2453 3528 quorum
2502 3451 2616 3511 lec·
2651 3465 2668 3471 ’

332 3556 511 3616 tiones
570 3559 636 3617 in
702 3556 1079 3618 adnotatione
1137 3556 1401 3617 subiecta
1459 3556 1794 3636 adscriptae
1851 3564 2005 3617 sunt.
2100 3556 2384 3635 quaedam
2442 3558 2617 3617 etiam

337 3679 400 3720 ex
446 3661 717 3724 Mediceo
768 3663 970 3723 codice
1019 3666 1140 3723 sive
1188 3663 1583 3724 Laurentiano
1633 3661 1738 3745 30,
1783 3661 1888 3745 10,
1936 3666 2037 3743 qui
2094 3681 2152 3723 m
2201 3663 2395 3724 littera
2443 3665 2619 3742 signi-

334 3767 543 3830 ficatus·
579 3778 694 3850 est,
742 3769 1032 3831 adnotavi,
1106 3771 1198 3831 his
1246 3769 1413 3830 libris
1460 3789 1620 3831 nunc
1658 3773 1863 3850 paucis
1911 3770 2057 3831 locis
2098 3770 2295 3830 addidi
2333 3770 2619 3832 lectiones

335 3872 576 3936 duorum
610 3876 907 3958 codicum,
937 3877 1009 3937 de
1039 3877 1257 3956 quibus
1297 3880 1360 3937 in
1398 3878 1765 3956 praefatione
1804 3879 2021 3956 prioris
2054 3876 2367 3936 voluminis
2395 3878 2617 3938 dictum

343 3989 442 4060 est,
479 3981 867 4044 Laurentiani
906 3979 1011 4065 51,
1054 3981 1109 4066 1,
1156 4003 1334 4063 quem
1373 3982 1782 4044 Florentinum
1832 3983 1970 4063 dixi,
2010 3990 2070 4043 et
2107 3982 2461 4065 CaesenatiS,
2500 4002 2618 4045 non

337 4104 443 4164 quo
491 4091 818 4169 quidquam
865 4092 1019 4165 novi,
1059 4091 1215 4170 quod
1265 4092 1325 4150 in
1374 4083 2113 4169 melioribusapographis
2150 4092 2456 4151 inventum
2501 4110 2618 4152 non

338 4206 511 4276 esset,
568 4216 644 4257 ex
713 4196 807 4256 his
873 4196 1157 4258 accedere
1214 4205 1444 4279 posset3
1501 4197 1601 4257 sed
1662 4194 2151 4257 dissentientibus
2207 4198 2363 4257 inter
2411 4216 2475 4257 se
2524 4217 2620 4259 ex-

341 4305 552 4380 cerptis
598 4303 875 4364 Politiani
923 4312 984 4364 et
1029 4304 1407 4385 apographis,
1454 4305 1511 4365 id
1574 4306 1733 4384 quod
1782 4306 2018 4382 saepius
2064 4302 2305 4384 accidit,
2352 4306 2421 4366 ad
2469 4306 2619 4367 iudi-

342 4407 489 4467 cium
545 4411 618 4471 de
679 4410 1001 4490 archetypo
1049 4411 1375 4492 regendum
1434 4430 1553 4472 non
1609 4410 1815 4472 inutile
1873 4410 1984 4470 fuit
2038 4410 2299 4491 novisse,
2356 4411 2495 4489 quid
2557 4414 2619 4474 in

348 4512 464 4574 aliis
501 4516 861 4597 apographis
892 4520 1158 4596 quamvis
1198 4520 1394 4578 minus
1435 4526 1709 4578 accurate
1740 4518 1978 4596 scriptis
2017 4516 2331 4595 legeretur.
2380 4529 2619 4597 apparet
