3178 5185
1291 435 1699 490 PRAEFATIO
2505 437 2662 493 XVII

325 603 396 662 ad
437 602 871 664 diversitatem
908 603 1182 664 lectionis
1219 604 1481 693 pertinet
1519 606 1717 664 minus
1752 611 2030 664 accurate
2061 604 2341 666 collatum
2369 604 2658 666 habebam

325 728 510 789 quam
560 710 845 790 reliquos
895 710 1062 771 duos,
1138 729 1322 790 quare
1361 713 1424 771 in
1460 710 1575 770 hoc
1614 729 1833 790 genere
1874 712 2003 771 eius
2039 710 2327 772 lectiones
2367 730 2485 773 una
2522 730 2660 773 cum

323 814 554 877 ceteris
607 818 957 897 adscriptae
1005 836 1126 878 non
1173 824 1329 878 sunt.
2677 798 2680 799 ⁷

510 923 897 1004 Corruptam
946 924 1250 1004 archetypi
1289 926 1649 1004 scripturam
1687 933 1833 1006 tum,
1872 943 2009 985 cum
2047 932 2211 986 certa
2249 926 2660 987 emendatione

321 1039 611 1093 correcta
686 1039 823 1092 erat
886 1031 979 1091 vel
1042 1030 1200 1091 facili
1256 1049 1435 1111 opera
1493 1029 1804 1092 videbatur
1863 1033 2085 1110 corrigi
2139 1050 2313 1111 posse
2325 1075 2374 1112 ,·
2409 1036 2660 1094 correxi.

318 1138 425 1200 ubi
495 1146 649 1218 apta
715 1137 1050 1198 emendatio
1106 1145 1309 1217 parata
1366 1157 1487 1199 non
1544 1146 1675 1198 erat
1728 1138 1819 1199 vel
1875 1140 2076 1218 gravia
2132 1141 2465 1218 scripturae
2520 1142 2661 1200 vitia

318 1248 451 1309 sine
515 1247 775 1306 acriore
832 1245 1097 1306 remedio
1145 1247 1344 1306 sanari
1389 1263 1508 1306 non
1554 1254 1857 1327 poterant,
1914 1265 1982 1306 ea
2030 1264 2180 1325 quae
2226 1248 2291 1307 in
2338 1246 2658 1326 archetypo

318 1356 555 1433 scripta
618 1359 808 1413 erant
871 1354 1145 1433 repetivi3
1202 1354 1578 1414 coniecturas
1625 1351 1720 1412 vel
1766 1352 2062 1413 editorum
2108 1352 2201 1412 vel
2247 1371 2409 1412 meas
2455 1355 2660 1432 paucis

314 1461 468 1524 locis
520 1462 592 1520 in
648 1460 1040 1520 adnotatione
1088 1458 1302 1519 addidi.
1393 1459 1653 1541 reliqua,
1711 1477 1863 1538 quae
1912 1459 1984 1518 ad
2033 1466 2295 1520 veterem
2341 1458 2658 1520 lectionem

310 1567 789 1631 restituendam
833 1568 1163 1647 pertinent,
1218 1568 1281 1626 in
1329 1567 1850 1647 commentarium,
1900 1568 2000 1626 cui
2045 1565 2230 1626 altera
2277 1568 2475 1646 operis
2521 1584 2660 1646 pars

311 1677 651 1739 destinata
698 1682 818 1756 est,
875 1675 1191 1751 reservavi.
1274 1676 1517 1734 interim
1565 1691 1688 1733 non
1735 1673 2008 1734 inutitem
2055 1674 2181 1733 fore
2229 1675 2434 1752 putavi
2479 1672 2661 1733 huius

314 1783 484 1844 modi
535 1782 909 1863 editionem,
959 1799 1109 1860 quae
1156 1799 1277 1842 non
1316 1780 1626 1840 emendata
1667 1797 2046 1859 quocumque
2085 1779 2259 1841 modo
2300 1782 2661 1859 scriptorum

313 1891 504 1952 verba
556 1887 912 1975 exhiberet,
959 1887 1064 1948 sed
1110 1889 1358 1948 remotis
1402 1888 1603 1967 pravis
1642 1886 1937 1947 editorum
1976 1884 2406 1947 mutationibus
2446 1894 2507 1947 et
2543 1887 2662 1946 sin-

319 2015 462 2058 cera
522 1997 953 2075 antiquissimi
1001 1993 1355 2073 exemplaris
1402 1996 1701 2073 scriptura
1745 1996 2052 2074 proposita
2097 1992 2169 2053 ad
2218 2012 2417 2054 veram
2464 2011 2660 2053 emen-

321 2105 650 2166 dationem
701 2104 862 2162 viam
908 2109 1163 2181 pararet.

512 2245 764 2324 Scripsi
813 2243 977 2304 Halis
1027 2243 1325 2305 Saxonum
1371 2261 1574 2304 mense
1624 2241 1871 2303 Octobri
1916 2262 1967 2304 a.
2013 2240 2571 2302 MDCCCLXXXIV.

439 4676 595 4715 CATO
630 4665 848 4710 DB'Aom
875 4678 899 4709 c
1458 4665 1461 4668 ’
2200 4660 2237 4713 b
