3178 5185
785 412 788 415 ¹
857 391 1120 446 RERVM
1156 390 1638 447 RVSTICARVM
1674 391 1809 448 LIB.
1847 393 1899 446 II
1940 389 2109 447 6—-7
2506 385 2630 449 183

501 543 824 605 Primum
863 553 1197 624 spectare
1239 555 1527 624 oportet
1575 553 1882 606 aetatem
1924 564 2126 625 quam
2164 549 2633 626 praecipiunt

324 648 657 711 uidemus
705 668 794 712 ne
852 653 999 712 sint
1055 654 1374 713 minores
1431 654 1688 712 trimae
1744 654 2058 713 maiores
2114 652 2356 715 decem
2413 673 2627 715 anno·

321 756 513 835 rum]
608 753 891 819 Primum
954 766 1190 835 oportet
1258 767 1540 835 spectare
1606 766 1894 834 aetatem,
1968 779 2149 835 quam
2215 765 2626 838 praecipiunt.

320 866 655 925 videndum
692 884 769 925 ne
813 868 936 926 sint
972 864 1292 946 IucunduS,
1340 868 1442 944 qui
1490 868 1550 925 in
1591 865 1682 926 bis
1722 885 1960 946 quoque
1999 869 2358 947 scripturam
2404 867 2626 927 codicis

320 990 374 1030 m
427 980 681 1031 secutus
729 979 873 1032 erat.
958 976 1227 1048 primum
1274 980 1508 1049 oportet
1551 980 1836 1050 spectare
1884 981 2170 1050 aetatem,
2226 994 2302 1036 ne
2351 977 2472 1035 sint
2516 978 2623 1035 mi-

319 1095 506 1138 nores
546 1080 750 1152 trium,
798 1082 1060 1141 maiores
1100 1081 1306 1141 decem
1345 1098 1649 1141 annorum
1686 1078 1956 1141 Ursinus,
2033 1083 2270 1142 restitui
2307 1081 2622 1142 lectionem

320 1184 654 1265 archetypi,
701 1185 806 1245 sed
852 1193 989 1265 post
1018 1189 1418 1263 praecipiunt
1464 1185 1662 1246 addidi
1700 1190 1807 1260 sie,
1855 1187 2011 1266 quod
2056 1190 2119 1248 in
2156 1188 2265 1248 hac
2303 1187 2620 1248 verborum

322 1291 802 1352 conformatione
851 1294 1042 1353 omitti
1082 1311 1200 1352 non
1247 1301 1498 1374 poterat,
1539 1296 1806 1369 primum
1852 1302 2134 1370 spectare
2172 1301 2409 1370 oportet
2455 1301 2620 1355 aeta-

322 1406 460 1473 tem,
507 1417 692 1474 quam
730 1402 1131 1476 praecipiunt
1174 1403 1295 1461 sic:
1342 1403 1612 1460 videmus
1650 1419 1778 1479 sqq.
1856 1400 2012 1477 olim,
2059 1408 2127 1461 ut
2172 1404 2366 1480 aptior
2414 1401 2618 1462 verbo-

320 1523 460 1566 rum
526 1507 867 1567 coniunctio
929 1507 1131 1589 fieret,
1196 1524 1379 1582 quam
1419 1509 1711 1584 praecipi
1765 1511 1852 1568 ita
1912 1509 2182 1569 videmus
2237 1508 2618 1569 scribendum

322 1615 573 1674 conieci.

503 1718 548 1782 2
612 1720 826 1781 Aetas
874 1724 1346 1801 cognoscitur
1395 1730 1462 1782 et
1519 1739 1867 1800 equorum
1924 1721 2078 1781 fere
2135 1725 2444 1783 omnium
2507 1727 2626 1803 qui

325 1827 635 1908 ungulas
700 1828 1055 1889 indiuisas
1129 1827 1395 1888 habent
1470 1836 1538 1888 et
1607 1830 1815 1888 etiam
1894 1837 2364 1890 cornutarum
2439 1831 2652 1914 quod¹

325 1952 563 2012 equus
610 1936 918 2013 triginta
968 1934 1337 1995 mensibus
1386 1936 1690 2013 primum
1741 1934 1994 1996 dentes
2042 1936 2312 1996 medios
2351 1937 2624 1998 dicitur

325 2040 709 2119 amittere]
759 2043 1071 2117 Equorum
1120 2050 1290 2103 aetas
1329 2050 1389 2103 et
1416 2041 1563 2118 fere
1600 2043 1861 2103 omnium
1900 2045 2293 2117 coquoscitur
2332 2061 2407 2124 m,
2452 2051 2622 2105 aetas

324 2153 718 2225 eoqnoseitur
765 2157 825 2210 et
868 2167 1161 2224 equorum
1206 2157 1266 2210 et
1303 2148 1445 2225 fere
1491 2152 1755 2210 omnium
1802 2148 2045 2229 Merula,
2093 2156 2264 2210 aetas
2311 2155 2620 2226 coquoset'·

331 2263 433 2317 tur
482 2274 776 2331 equorum
816 2264 874 2317 et
915 2256 1056 2332 fere
1092 2260 1356 2317 omnium
1394 2256 1550 2317 edita
1591 2256 1727 2316 inde
1775 2255 1848 2315 ab
1886 2255 2091 2316 Aldina
2133 2256 2391 2316 editione
2431 2275 2623 2317 exem·

325 2363 528 2442 plaria.
605 2370 663 2423 et
704 2362 844 2438 fere
888 2367 1151 2424 omnium
1197 2382 1356 2439 quae
1413 2367 1677 2439 unyulas
1729 2366 2020 2424 indivisas
2066 2364 2291 2423 habent
2337 2371 2397 2424 et
2439 2367 2621 2424 etiam

325 2478 724 2531 cornutorum
784 2469 1115 2530 Pontedera
1174 2470 1328 2550 apud
1395 2470 1726 2530 Gesnerum
1784 2479 1843 2530 et
1909 2468 2327 2529 SchneideruS.
2412 2471 2615 2531 arche·

329 2579 451 2658 typi
520 2578 878 2657 scripturam
946 2586 1006 2639 et
1068 2596 1359 2653 equorum
1417 2576 1557 2654 fere
1616 2580 1879 2640 omnium
1942 2575 2326 2637 Zabll'eldtius
2393 2585 2618 2657 quaest.

324 2687 456 2745 crit.
494 2687 556 2745 in
596 2683 762 2745 Varr.
802 2703 918 2746 rer.
956 2693 1105 2746 rust.
1144 2684 1276 2745 libr.
1324 2704 1381 2764 p.
1420 2682 1506 2747 20
1561 2687 1643 2745 ita
1701 2683 1990 2765 defendit,
2047 2694 2114 2745 ut
2170 2693 2483 2764 praecepta
2541 2686 2614 2746 de

324 2791 605 2852 dentibus
654 2810 804 2871 quae
852 2800 1188 2871 sequuntur
1234 2811 1354 2853 non
1401 2791 1473 2852 de
1522 2791 1800 2852 omnibus
1841 2794 2029 2872 equiS,
2078 2791 2181 2851 sed
2230 2791 2302 2852 de
2343 2792 2614 2870 plurimis

323 2898 518 2959 valere
567 2898 913 2960 dicerentur
960 2908 1020 2960 et
1065 2899 1158 2959 his
1197 2898 1560 2959 adderentur
1607 2906 1892 2959 cornutae
1942 2897 2218 2977 pecudeS.
2294 2901 2356 2958 in
2395 2917 2512 2978 quo
2553 2910 2613 2960 et

321 3006 462 3067 illud
516 3023 865 3084 perversum
915 3014 1031 3079 est,
1088 3006 1246 3085 quod
1293 3013 1609 3085 praecepta
1658 3004 1728 3064 ad
1777 3022 1982 3064 omnes
2038 3004 2163 3063 fere
2221 3022 2435 3085 equoS,
2494 3024 2611 3066 non

320 3114 388 3173 ad
452 3121 645 3173 totum
702 3130 892 3191 genus
951 3113 1253 3190 pertinere
1313 3112 1620 3186 dicuntur,
1687 3119 1746 3171 et
1800 3112 2001 3188 inepte
2059 3108 2130 3169 de
2190 3112 2361 3188 equis
2417 3112 2611 3172 addita

321 3227 459 3280 sunt
506 3219 671 3300 haec,
719 3222 828 3294 qui
871 3223 1131 3294 unyutas
1181 3222 1474 3280 indivisas
1520 3220 1762 3279 habent.
1836 3218 2035 3295 itaque
2084 3215 2398 3276 lectionem
2448 3221 2608 3297 prin-

319 3328 466 3405 cipis
525 3324 829 3406 editioniS,
896 3344 1046 3405 quae
1103 3334 1304 3386 vetere
1362 3325 1773 3386 emendatione
1829 3327 2066 3384 inventa
2134 3332 2287 3405 erat,
2354 3328 2608 3387 restitui.

320 3435 565 3493 mutatio
615 3441 814 3493 autem
862 3434 1099 3512 generis
1146 3432 1454 3492 masculini
1506 3439 1565 3492 et
1614 3433 1898 3513 seminini,
1946 3440 2007 3492 et
2051 3448 2343 3507 equorum
2381 3442 2442 3494 et
2470 3432 2611 3508 fere

318 3543 580 3601 omnium
627 3543 735 3614 qui
769 3544 1031 3615 unyutas
1079 3541 1371 3600 indivisas
1425 3542 1653 3600 habent
1708 3546 1770 3600 et
1824 3540 2005 3598 etiam
2062 3545 2481 3619 cornutorum,
2537 3559 2606 3599 eo

318 3645 555 3705 defendi
600 3647 847 3727 poterit,
904 3644 1061 3723 quod
1118 3648 1180 3705 in
1235 3647 1436 3723 priore
1492 3663 1740 3725 genere,
1802 3643 1960 3723 quod
2019 3643 2269 3722 ungulas
2325 3646 2606 3706 indivisas
2662 3699 2665 3700 γ

316 3752 510 3834 habet,
557 3760 797 3831 praeter
843 3769 1029 3830 equos
1076 3760 1216 3813 sunt
1262 3751 1405 3811 muli
1453 3760 1512 3811 et
1562 3754 1741 3832 asini,
1792 3754 1853 3811 in
1901 3749 2114 3832 altem,
2171 3751 2329 3829 quod
2379 3769 2603 3813 cornua

316 3861 485 3940 gerit,
531 3858 810 3937 pecudes.
884 3858 994 3919 hae
1052 3861 1248 3938 igitur,
1297 3877 1432 3920 cum
1480 3858 1696 3919 divisas
1754 3858 2009 3919 habeant
2065 3857 2341 3939 ungulaS,
2397 3860 2458 3918 in
2506 3858 2603 3919 de-

315 3965 575 4027 finienda
631 3972 821 4025 aetate
879 3964 1124 4025 eandem
1182 3965 1372 4044 legem
1431 3973 1768 4045 sequuntur
1832 3972 2007 4044 atque
2072 3967 2210 4043 equi
2275 3973 2334 4025 et
2389 3965 2604 4044 reliqui

315 4073 437 4132 fere
494 4089 729 4152 omnes,
798 4073 899 4150 qui
955 4072 1233 4132 indivisas
1297 4072 1545 4151 ungulas
1611 4071 1847 4132 habent.
1940 4071 2013 4132 de
2079 4070 2357 4151 dentibus
2420 4070 2602 4131 boum

314 4177 668 4240 Aristoteles
715 4178 849 4238 hist.
890 4179 1064 4237 anim.
1105 4177 1176 4237 VI
1215 4177 1318 4261 21,
1351 4176 1477 4241 145
1525 4179 1671 4239 dixit
1730 4173 1888 4250 τοὺς
1935 4168 1997 4238 δ’
2052 4168 2331 4250 ὀδόντας
2375 4173 2603 4256 βάλλει

316 4284 471 4365 βοῦς
520 4280 745 4365 διετὴς
789 4277 897 4345 καὶ
947 4274 1070 4346 οὐκ
1108 4274 1429 4366 ἀθρόους,
1478 4277 1624 4345 ἀλλ’
1670 4276 1889 4365 ὥσπερ
1936 4280 2153 4362 ἵππος,
2200 4283 2272 4343 de
2322 4283 2600 4345 dentibus

314 4402 371 4453 et
408 4402 602 4454 aetate
642 4410 933 4471 equorum
971 4391 1047 4452 ib.
1094 4387 1219 4452 150
1258 4390 1388 4471 ἔχει
1426 4384 1547 4471 μὲν
1587 4376 1713 4451 οὖν
1762 4381 2046 4461 ὀδόντας
2089 4382 2595 4470 τετταράκοντα,

227 4532 240 4547 ·
311 4495 539 4579 βάλλει
588 4490 664 4560 δὲ
709 4493 867 4571 τοὺς
911 4491 1035 4579 μὲν
1080 4489 1387 4578 πρώτους
1430 4492 1759 4579 τέτταρας,
1806 4487 2393 4576 τριακοντάμηνος,
2439 4492 2599 4571 τοὺς
2682 4530 2686 4535 ·
