3178 5185
562 427 700 492 298
1270 437 1650 494 COMMENT.
1690 439 1771 493 IN
1807 438 2182 494 VARRONIS

564 590 819 669 dicam]
875 592 1059 652 Cuius
1106 610 1298 653 eausa
1346 595 1676 654 adhibetur
1731 611 1897 675 vere,
1944 600 2011 653 ut
2068 593 2324 669 videtur,
2370 592 2696 655 IucunduS.
2787 593 2856 654 ab

567 698 776 759 eodem
813 701 1050 759 inventa
1091 709 1230 760 sunt
1268 717 1419 778 quae
1458 698 1672 760 deinde
1712 702 1773 761 in
1812 699 1987 761 editis
2017 700 2457 780 exemplaribus
2494 700 2858 782 ferebantur,

565 809 1025 868 eximendorum
1065 806 1352 883 favorum
1387 810 1628 882 sianum
1674 815 1918 868 sumunt
1954 827 2034 870 ex
2074 811 2233 885 ipsis,
2272 826 2410 869 eum
2439 813 2659 886 plenas
2697 812 2859 869 alvos

562 917 788 975 habent
822 920 882 975 et
918 932 1055 975 eum
1094 917 1223 975 illos
1256 917 1723 990 qeminaverint,
1762 934 1841 976 ex
1879 917 2096 991 apibus
2134 918 2551 976 coniecturam
2590 918 2857 992 capiunt,

560 1024 618 1082 si
669 1024 830 1081 intus
879 1020 1126 1096 faciunt
1181 1023 1478 1082 bombum.
1568 1020 1673 1081 sed
1730 1023 1791 1081 in
1855 1021 2174 1101 archetypo
2235 1022 2381 1082 haec
2441 1024 2520 1083 ita
2577 1028 2858 1101 corrupta

562 1135 750 1207 erant,
796 1133 863 1188 ut
908 1125 1296 1206 probabiliter
1343 1127 1646 1189 emendari
1692 1137 2009 1210 nequeant,
2058 1130 2214 1189 sicut
2260 1127 2399 1188 olim
2448 1128 2751 1193 Victorius
2798 1135 2857 1188 et

564 1233 827 1314 Scaliger
893 1232 1339 1294 adnotaverunt.
1432 1252 1627 1312 neque
1694 1233 2014 1312 quidquam
2079 1234 2501 1316 profecerunt,
2557 1236 2663 1312 qui
2727 1241 2859 1313 post

562 1341 695 1402 illos
743 1348 1087 1419 corruptam
1133 1339 1421 1402 librorum
1471 1342 1831 1418 scripturam
1879 1340 2106 1401 collatis
2155 1343 2229 1401 iis
2276 1359 2427 1419 quae
2482 1340 2639 1420 apud
2690 1339 2858 1400 Colu-

563 1447 798 1509 mellam
844 1445 924 1506 IX
968 1443 1049 1509 15
1096 1455 1157 1507 et
1204 1446 1357 1526 apud
1407 1446 1732 1507 Palladium
1779 1445 1879 1506 vll
1920 1444 1954 1506 7
2007 1446 2079 1507 de
2137 1445 2310 1506 melle
2369 1444 2740 1506 conficiendo
2796 1455 2853 1506 et

561 1555 634 1616 de
683 1557 835 1615 fucis
883 1556 1104 1634 scripta
1151 1563 1289 1615 sunt
1350 1553 1666 1614 emendare
1725 1553 2110 1634 studuerunt,
2173 1570 2425 1632 quorum
2484 1554 2856 1614 coniecturas

565 1662 968 1723 Schneiderus
1024 1660 1322 1721 indicavit.
1414 1668 1717 1739 postremo
1768 1658 2170 1720 Schneiderus
2226 1660 2607 1737 transpositis
2666 1660 2856 1721 verbis

556 1770 948 1830 certissimam
1007 1766 1361 1827 medicinam
1425 1769 1764 1847 repperisse
1822 1766 1938 1827 sibi
1993 1768 2156 1830 visus
2212 1773 2332 1845 est,
2397 1768 2855 1828 eximendorum

548 1876 833 1952 favorum
887 1879 1126 1951 siqnum
1182 1881 1426 1935 sumunt
1480 1893 1560 1936 ex
1615 1878 1786 1951 ipsis,
1846 1877 1903 1935 si
1944 1877 2159 1950 plenos
2216 1876 2387 1933 alvus
2440 1875 2627 1934 babet
2670 1881 2730 1935 et
2783 1877 2851 1949 si,

555 1987 847 2061 opercula
894 1985 1020 2042 alvi
1064 1999 1202 2042 eum
1247 1985 1592 2057 removeriS,
1634 1981 1922 2057 favorum
1961 1980 2276 2056 foramina
2338 1981 2603 2041 obducta
2651 1984 2852 2043 viden-

555 2098 659 2152 tur
704 2092 1088 2174 membranis,
1126 2091 1411 2164 quoniam
1448 2095 1595 2150 tune
1632 2096 1776 2149 sunt
1810 2091 2031 2165 repleti
2072 2090 2257 2147 melle.
2336 2105 2415 2148 ex
2461 2089 2681 2163 apibus
2720 2107 2856 2150 eon-

556 2201 854 2258 iecturam
900 2199 1180 2276 capiunt,
1225 2198 1281 2255 si
1340 2198 1501 2256 intus
1550 2195 1801 2271 faciunt
1855 2195 2130 2255 bombum
2177 2200 2259 2269 et,
2307 2211 2443 2256 cum
2502 2197 2665 2255 intro
2715 2202 2857 2256 eunt

556 2322 633 2365 ae
673 2302 869 2383 foras,
917 2304 1231 2378 trepidant
1275 2309 1332 2363 et
1371 2301 1552 2377 fucos
1600 2304 2026 2362 exterminant.

733 2409 817 2470 Et
864 2410 924 2469 si
962 2407 1303 2486 opercula
1351 2407 1586 2469 aluum
1628 2425 1781 2468 cum
1828 2408 2258 2467 remoreissi
2306 2407 2633 2468 fanorum
2675 2410 2851 2480 fora-

557 2520 742 2579 mina
789 2514 1097 2576 obducta
1145 2515 1489 2576 uidentur
1546 2514 1782 2575 mellis
1844 2513 2274 2574 membranis
2330 2533 2484 2574 cum
2542 2516 2692 2576 sint
2746 2534 2850 2576 re·

554 2626 734 2706 pleti
799 2621 1034 2700 melle]
1103 2624 1182 2683 Et
1244 2626 1301 2683 si
1362 2627 1654 2699 opercula
1711 2626 1836 2684 alvi
1888 2640 2024 2684 eum
2078 2629 2310 2683 remota
2363 2624 2512 2704 sint,
2563 2622 2848 2698 favorum

549 2732 863 2808 foramina
928 2731 1192 2791 obducta
1257 2733 1540 2791 videntur
1605 2733 1796 2791 mellis
1859 2732 2242 2791 membranis,
2335 2746 2472 2789 eum
2536 2732 2660 2790 sint
2726 2749 2850 2809 sqq.

554 2836 797 2899 Merula.
871 2836 1198 2897 lectionem
1247 2836 1570 2918 archetypi,
1619 2855 1794 2916 quam
1834 2836 2132 2897 Victorius
2179 2836 2559 2917 indicaverat,
2606 2839 2687 2897 ita
2726 2855 2850 2897 cor-

556 2946 710 3006 rexit
766 2942 1056 3024 Scaliger,
1104 2949 1187 3018 et,
1249 2947 1541 3020 opercula
1597 2947 1796 3004 alvum
1856 2960 1992 3004 eum
2048 2946 2401 3025 removeriS,
2455 2946 2512 3003 si
2566 2943 2850 3019 favorum

556 3053 872 3130 foramina
920 3051 1185 3111 obducta
1242 3052 1525 3112 videntur
1580 3054 1772 3111 mellis
1825 3052 2216 3124 membranis,
2272 3067 2408 3110 eum
2462 3052 2585 3110 sint
2636 3054 2853 3127 repleti

556 3164 762 3230 melle;
808 3160 952 3217 item
991 3155 1263 3237 Ursinus,
1310 3157 1414 3217 sed
1463 3158 1685 3217 omisso
1732 3160 1922 3218 meltis
1970 3156 2083 3235 legi
2123 3155 2308 3217 voluit
2344 3158 2608 3217 obducta
2646 3160 2848 3217 viden·

556 3275 658 3327 tur
705 3267 1085 3339 membranis,
1133 3267 1298 3339 quod
1339 3272 1481 3325 sunt
1526 3283 1655 3343 sqq.
1748 3264 1858 3324 hos
1908 3272 2150 3325 secutus
2196 3265 2412 3342 scripsi
2458 3270 2516 3324 et
2560 3267 2630 3335 si,
2678 3282 2845 3340 oper-

555 3378 697 3434 cula
746 3376 1018 3432 alvorum
1067 3389 1205 3431 eum
1251 3375 1524 3447 remoriS,
1567 3370 1854 3447 favorum
1895 3370 2210 3446 foramina
2257 3372 2520 3431 obducta
2567 3373 2847 3431 videntur

556 3480 938 3552 membranis,
976 3496 1112 3539 eum
1167 3482 1290 3539 sint
1333 3482 1553 3555 repleti
1598 3483 1782 3539 melle.
1842 3496 1976 3538 nam
2014 3480 2273 3538 remoris
2313 3478 2608 3556 scriptura
2647 3476 2844 3537 arche-

557 3587 678 3665 typi
734 3585 1143 3666 confirmatur,
1199 3589 1397 3646 alvum
1454 3594 1653 3645 autem
1709 3587 1981 3663 genetivo
2038 3602 2180 3644 casu
2235 3602 2343 3661 pro
2401 3588 2676 3645 alvorum
2731 3584 2844 3644 dici

558 3710 675 3753 non
730 3693 949 3771 potuit3
1004 3695 1195 3752 mellis
1251 3691 1565 3751 delendum
1624 3710 1754 3752 esse
1823 3691 1967 3751 vidit
2022 3689 2292 3750 Ursinus,
2386 3689 2458 3749 de
2522 3690 2726 3751 eadem
2783 3709 2844 3750 re

555 3799 767 3860 scribit
814 3796 1134 3858 Columella
1179 3797 1261 3857 IX
1304 3794 1404 3881 15,
1441 3795 1485 3859 4
1541 3816 1688 3874 erqo
1735 3816 1874 3859 cum
1933 3800 2137 3858 rixam
2186 3796 2475 3872 fucorum
2532 3804 2591 3857 et
2645 3800 2846 3874 apium

553 3909 797 3984 saepius
843 3908 1132 3967 committi
1174 3907 1417 3986 videris,
1456 3908 1792 3981 adapertas
1839 3909 2004 3965 alvos
2052 3906 2353 3979 inspicies,
2393 3910 2477 3977 ut,
2513 3906 2639 3963 sive
2673 3906 2841 3963 semi-

547 4017 718 4091 pleni
753 4013 892 4089 favi
932 4015 1078 4087 sint,
1127 4013 1529 4093 differantur,
1574 4015 1700 4073 siue
1757 4015 1878 4073 iam
1936 4014 2171 4086 liquore
2227 4012 2490 4085 conpleti
2532 4016 2593 4070 et
2635 4028 2845 4086 super-

545 4123 760 4197 positis
806 4122 967 4180 eeris
1013 4126 1319 4193 tamquam
1365 4122 1669 4195 opereulis
1713 4120 1896 4198 obliti,
1945 4120 2341 4178 demetantur.

733 4222 819 4288 33
865 4225 943 4284 In
991 4225 1362 4285 eximendo
1411 4225 1699 4304 quidam
1748 4224 2002 4285 dicunt
2049 4232 2389 4302 oportere
2445 4225 2540 4282 ita
2592 4230 2670 4283 ut
2730 4242 2849 4283 no-

556 4351 707 4394 uem
757 4339 1001 4411 partes
1049 4330 1308 4391 tollere
1372 4332 1735 4391 decumam
1795 4328 2243 4407 relinquere]
2303 4331 2598 4405 Oportere
2643 4347 2850 4390 novem

551 4447 767 4516 partes
815 4441 1024 4499 tollere
1062 4438 1217 4498 edita
1264 4438 1401 4498 inde
1449 4438 1520 4498 ab
1559 4415 1767 4499 Aldina
1807 4437 2065 4498 editione
2104 4434 2476 4515 exemplaria.
2547 4438 2633 4495 ita
2670 4443 2740 4496 ut
2776 4454 2846 4496 ex

556 4543 879 4623 archetypo
934 4546 1188 4605 restitui.
1282 4546 1524 4605 circiter
1579 4564 1789 4607 novem
1851 4550 2050 4624 partes
2108 4542 2296 4603 mellis
2351 4542 2505 4626 tolli,
2558 4541 2847 4603 decimam
