3178 5185
733 423 991 477 RERVM
1032 421 1507 477 RVSTICARVM
1544 422 1681 475 LIB.
1720 421 1798 475 III
1841 419 1990 478 1-2
2387 418 2514 482 267

444 590 676 650 Comitiis
732 589 1043 669 aediliciIS,
1101 608 1236 649 cum
1285 589 1406 649 sole
1454 588 1621 648 caldo
1670 607 1778 667 ego
1827 596 1887 647 et
1934 586 2000 656 Q.
2049 587 2231 645 Axius
2280 593 2518 644 senator
2565 582 2616 642 11

309 696 487 756 tribulis
555 698 889 775 suffragium
967 696 1311 757 tulissemus
1386 705 1445 756 et
1521 696 1860 775 candidatu,
1944 696 2042 754 cui
2117 692 2519 771 studebamus,

305 804 524 864 vellemus
574 823 698 864 esse
754 812 1020 884 praestO,
1085 822 1219 863 cum
1280 803 1517 863 domum
1576 802 1826 882 rediret,
1891 803 2074 860 Axius
2133 801 2301 879 mibi,
2367 799 2517 858 Dum

301 911 592 992 diribentur,
654 914 877 992 inquit,
945 912 1244 990 suffragia,
1313 913 1399 970 vis
1465 912 1662 988 potius
1732 909 1898 968 villae
1954 907 2224 986 publicae
2283 914 2519 966 utamur

260 1018 472 1099 sambra,
508 1037 670 1098 quam
709 1021 923 1097 privati
963 1018 1259 1078 candidati
1297 1017 1507 1077 tabella
1547 1017 1846 1077 dimidiata
1888 1016 2266 1075 aedificemus
2304 1009 2519 1073 nobis?

291 1123 490 1205 Opinor,
531 1128 785 1205 inquam,
835 1107 954 1185 non
1005 1125 1212 1204 solum,
1262 1103 1418 1203 quod
1469 1124 1706 1205 dicitur,
1754 1123 1971 1183 malum
2021 1121 2332 1182 consilium
2381 1139 2516 1179 con-

293 1231 455 1291 sultori
504 1241 588 1293 est
641 1235 996 1313 pessimum,
1058 1232 1158 1292 sed
1219 1234 1395 1291 etiam
1444 1231 1665 1290 bonum
1714 1231 2055 1310 consilium,
2113 1232 2216 1309 qui
2262 1227 2518 1288 consulit

291 1348 331 1397 et
374 1342 459 1417 qui
508 1340 1139 1424 consulitur,·bonum
1188 1338 1545 1399 babendum.
1639 1338 1843 1416 ltaque
1890 1340 2074 1417 imus,
2132 1338 2399 1395 venimus
2454 1336 2517 1393 in

289 1444 450 1505 villam.
532 1447 611 1506 ibi
666 1447 920 1525 Appium
980 1445 1286 1505 Claudium
1353 1463 1636 1523 augurem
1700 1444 2002 1504 sedentem
2059 1445 2393 1502 invenimus
2448 1442 2568 1501 iu2

232 1552 555 1634 1⁰suhselliiS,
628 1564 694 1614 ut
761 1553 1018 1633 consuli,
1095 1552 1287 1631 siquid
1358 1571 1503 1612 usus
1569 1554 1964 1631 poposcisset,
2042 1559 2201 1610 esset
2264 1557 2517 1628 praesto.

285 1659 479 1719 sedebat
531 1661 597 1721 ad
656 1663 959 1720 sinistram
1010 1662 1064 1719 ei
1110 1659 1421 1719 Cornelius
1468 1659 1690 1719 Merula
1741 1658 2040 1719 consulari
2088 1657 2302 1717 familia
2350 1664 2519 1716 ortus

279 1774 322 1825 et
363 1766 642 1828 Fircellius
690 1768 846 1828 Pavo
894 1768 1197 1847 ReatinuS,
1245 1767 1315 1826 ad
1366 1767 1633 1826 dextram
1682 1767 1977 1827 Minucius
2016 1765 2152 1825 Pica
2201 1773 2260 1824 et
2299 1763 2369 1822 M.
2410 1762 2516 1822 Pe·

273 1875 466 1933 tronius
509 1875 733 1936 Passer.
809 1875 879 1934 ad
929 1893 1106 1954 quem
1153 1894 1285 1934 cum
1336 1876 1813 1953 accessissemus,
1861 1875 2042 1933 Axius
2091 1874 2277 1951 Appio
2327 1870 2518 1930 subri-

277 1980 417 2060 dens,
467 1982 694 2062 Recipis
752 2001 890 2063 neS,
948 1984 1167 2061 inquit,
1225 1984 1286 2041 in
1345 1990 1513 2042 tuum
1573 1982 1915 2062 ornithona,
1972 1980 2074 2041 ubi
2132 1979 2304 2040 sedes
2362 1981 2519 2038 inter

230 2085 424 2147 15aves‘?
502 2089 625 2170 Ille,
681 2090 806 2167 Ego
854 2107 1021 2170 vern,
1067 2091 1287 2168 iuquit,
1339 2097 1393 2147 te
1442 2091 1820 2168 praesertim,
1869 2090 2083 2166 quoius
2131 2106 2264 2146 aves
2311 2082 2569 2163 hospi-3

285 2193 397 2253 tales
436 2199 593 2256 etiam
644 2215 803 2257 nunc
851 2205 1074 2277 ructor,
1124 2215 1270 2274 quas
1320 2196 1463 2255 mibi
1511 2196 1840 2275 adposuisti
1886 2196 2092 2273 paucis
2132 2202 2265 2253 ante
2306 2192 2517 2251 diebus

286 2300 332 2357 in
379 2302 487 2362 villa
527 2304 773 2365 Reatina
831 2304 900 2363 ad
950 2303 1141 2363 lacum
1192 2301 1382 2362 Velini
1427 2305 1594 2362 eunti
1642 2301 1713 2361 de
1763 2302 2184 2362 controversiis
2231 2300 2508 2359 Interam-

286 2409 464 2466 natium
507 2418 560 2470 et
596 2410 998 2470 Reatinorum.
1068 2408 1181 2468 Sed
1236 2428 1350 2468 non
1397 2409 1560 2491 haec,
1609 2411 1821 2490 inquit,
1868 2408 2019 2489 villa,
2068 2427 2241 2487 quam
2284 2404 2513 2486 [quam]

288 2512 613 2575 aedificarunt
682 2518 934 2575 maiores
1002 2518 1216 2599 nostri,
1296 2516 1578 2595 frugalior
1636 2535 1702 2576 ac
1760 2516 1968 2576 melior
2026 2526 2117 2575 est
2183 2533 2355 2595 quam
2414 2521 2513 2573 tua

231 2629 268 2667 2⁰
287 2618 359 2678 illa
404 2624 668 2702 perpolita
716 2627 776 2684 in
831 2621 1121 2684 Reatino?
1185 2624 1449 2685 nuncubi
1495 2625 1593 2685 hic
1643 2625 1804 2684 vides
1852 2627 2067 2686 citrum
2117 2633 2217 2684 aut
2257 2617 2570 2683 aurumP4

287 2744 396 2786 num
428 2732 654 2791 minium
695 2740 797 2792 aut
835 2728 1209 2791 armenium?
1255 2751 1397 2792 num
1430 2732 1587 2811 quod
1619 2731 1906 2792 emblema
1937 2740 2038 2793 aut
2066 2727 2518 2792 lithostrotum?

289 2849 404 2909 quae
459 2837 565 2898 illic
631 2842 826 2900 omnia
892 2849 1096 2900 contra
1157 2837 1440 2916 [aurum]
1543 2847 1603 2898 et
1660 2858 1794 2899 cum
1851 2837 2020 2898 haec·
2055 2839 2131 2897 sit
2187 2837 2518 2897 communis

369 3029 391 3077 1
424 3030 648 3083 eumitiis
696 3046 834 3085 corr.
874 3027 1115 3083 comitiis
1153 3030 1208 3081 A
1317 3044 1423 3097 ego
1460 3031 1519 3083 et
1556 3027 1619 3093 Q.
1649 3028 1820 3081 Axius
1859 3028 2136 3082 Victorius
2172 3043 2278 3095 ego
2318 3026 2372 3079 et
2411 3042 2519 3092 que

287 3110 408 3165 axius
440 3115 490 3167 A
530 3134 631 3186 ego
680 3120 739 3171 et
785 3135 892 3189 que
942 3116 1098 3170 axius
1136 3118 1192 3170 B
1239 3134 1343 3186 ego
1382 3120 1551 3185 atque
1589 3116 1747 3170 axius
1798 3117 1850 3170 V
1882 3132 1988 3185 ego
2027 3117 2197 3182 atque
2234 3115 2427 3168 anxius
2465 3131 2519 3167 m

367 3207 392 3253 2
419 3204 703 3276 sufragium
726 3207 780 3260 A
891 3206 1190 3260 candidato
1212 3206 1506 3260 Iucundus
1527 3206 1857 3260 candidatos
1890 3205 2067 3259 VAB
2176 3211 2207 3259 3
2237 3203 2378 3257 mihi
2398 3205 2518 3257 AB

286 3285 394 3344 inibi
429 3292 475 3345 V
580 3302 614 3350 4
652 3295 967 3349 diribentur
1009 3296 1190 3349 PAB
1228 3295 1620 3350 dirimerentur
1654 3313 1686 3349 v
1804 3292 1991 3365 inquit
2028 3296 2123 3349 Bv
2162 3293 2357 3362 inquid
2401 3293 2517 3346 PA

395 3387 422 3433 5
455 3385 713 3440 canditati
747 3385 804 3439 A
949 3384 1244 3439 dimidiata.
1290 3385 1402 3438 VB
1448 3385 1685 3439 dimiata,
1721 3386 1775 3438 A
1823 3384 2057 3439 dimidia
2095 3401 2164 3437 m.
2242 3383 2339 3437 ‘In
2374 3385 2517 3437 anti·

286 3469 518 3541 inissem,
567 3480 615 3529 et
659 3476 973 3542 fidelissimo
1019 3475 1241 3543 ἱερέων,
1287 3473 1521 3528 Tabella
1566 3472 1881 3543 dimidiata,
1909 3474 2282 3528 aedificemus,
2367 3473 2516 3526 Eum

286 3561 426 3612 autem
464 3564 641 3630 plwres
694 3565 864 3619 secuti
911 3569 1057 3618 sunt.
1150 3564 1231 3615 In
1280 3565 1391 3617 alio
1442 3564 1772 3631 semiactum,
1831 3563 2077 3616 Dimidia
2132 3561 2510 3616 aedificemus’

292 3641 514 3705 Victorius
625 3659 654 3707 7
704 3656 790 3707 est
826 3652 1128 3721 pessimum
1165 3652 1287 3706 AB
1335 3652 1611 3706 Victorius
1647 3669 1766 3707 esse
1803 3651 2110 3721 pessimum
2156 3651 2209 3704 V
2308 3651 2515 3705 bonum

288 3736 555 3794 conscilium
589 3742 642 3796 A
733 3749 765 3796 9
806 3759 1013 3812 appum
1052 3742 1105 3794 A
1200 3747 1266 3795 10
1301 3741 1619 3810 poposciset
1656 3742 1709 3794 A
1804 3747 1868 3795 12
1907 3741 2170 3795 fircellius
2213 3741 2394 3794 PAB
2430 3742 2517 3793 fir-

290 3821 425 3877 celius
455 3844 484 3880 v
614 3830 880 3884 minutius
931 3830 1108 3883 VAB
1250 3829 1509 3899 peronius
1546 3830 1663 3883 Am
1810 3836 1875 3883 13
1914 3829 2308 3884 accessisemus
2346 3829 2402 3883 A

290 3910 411 3966 axius
441 3933 522 3972 mv
556 3921 747 3975 auxius
785 3920 965 3974 PAB
1111 3918 1401 3973 subridens
1443 3918 1555 3973 VA
1593 3918 1873 3973 surridens
1902 3919 1958 3973 B
2105 3924 2171 3971 14
2207 3917 2393 3987 inquit
2419 3919 2514 3972 Bv

287 3995 440 4067 inquid
473 4006 574 4060 PA
689 4009 749 4062 in
783 4009 970 4079 tuum]
1009 4007 1029 4060 i
1061 4012 1069 4077 ι
1102 4007 1304 4061 uitium
1342 4008 1396 4061 A
1515 4007 1773 4062 ornitona
1809 4007 1863 4059 A
1976 4013 2039 4061 15
2079 4008 2262 4076 inquit
2296 4009 2394 4061 Bv
2422 3988 2513 4059 'in-

290 4087 394 4151 quid
411 4091 509 4147 ΡΑ
595 4098 816 4169 quoius]
851 4098 1005 4152 cuius
1037 4097 1150 4152 VB
1179 4115 1287 4165 quo
1316 4097 1402 4150 uis
1422 4097 1475 4150 A
1496 4113 1636 4166 quos
1653 4097 1836 4151 uism·
1905 4103 1969 4150 16
1998 4096 2308 4166 apposuisti
2338 4096 2516 4151 VAB

364 4183 418 4233 17
449 4182 884 4241 inieramnatium
920 4187 974 4240 V
1002 4187 1429 4240 inteamnatium
1460 4187 1577 4239 AB
1682 4192 1747 4240 18
1783 4186 1969 4254 inquit
2003 4186 2111 4240 VB
2139 4186 2334 4255 inquid
2363 4188 2417 4240 A

291 4259 396 4317 uilla
418 4271 555 4326 Amv
589 4275 727 4330 uilia,
757 4277 812 4329 P
835 4276 973 4330 iulia
999 4276 1056 4329 B
1167 4293 1330 4344 quam
1363 4275 1729 4329 aedificarunt.
1766 4276 1999 4329 Ursinus
2107 4281 2171 4329 21
2213 4277 2312 4329 aut
2340 4292 2515 4331 arme—

291 4349 410 4407 nium
442 4359 716 4420 Iuctmdus
752 4370 847 4421 aut
887 4366 1198 4420 armoniam
1235 4383 1288 4418 m
1328 4371 1377 4419 et
1414 4366 1845 4434 superscriptum
1873 4366 1927 4418 A
1956 4366 2056 4418 aut
2080 4366 2433 4419 harmonium
2463 4367 2518 4419 B

293 4441 366 4575 {11¹²
391 4443 711 4509 harmomum
752 4456 807 4508 P
840 4456 940 4510 aut
975 4456 1298 4509 hamomum
1332 4472 1364 4508 v
1505 4460 1572 4507 22
1613 4472 1808 4508 aurum
1844 4455 2138 4522 posteriore
2176 4456 2288 4509 loco
2326 4457 2519 4510 delevit

323 4539 532 4593 uczmdus
