<?xml version="1.0" encoding="UTF-8"?>
<!DOCTYPE html PUBLIC "-//W3C//DTD XHTML 1.0 Transitional//EN"
    "http://www.w3.org/TR/xhtml1/DTD/xhtml1-transitional.dtd">
<html xmlns="http://www.w3.org/1999/xhtml" xml:lang="en" lang="en">
 <head>
  <title>
</title>
<meta http-equiv="Content-Type" content="text/html;charset=utf-8" />
  <meta name='ocr-system' content='tesseract 3.04.00' />
  <meta name='ocr-capabilities' content='ocr_page ocr_carea ocr_par ocr_line ocrx_word'/>
</head>
<body>
  <div class='ocr_page' id='page_1' title='image "./mporcicatonisde01catogoog_0260.png"; bbox 0 0 3178 5185; ppageno 0'>
   <div class='ocr_carea' id='block_1_1' title="bbox 566 360 2161 424">
    <p class='ocr_par' dir='ltr' id='par_1_1' title="bbox 566 360 2161 424">
     <span class='ocr_line' id='line_1_1' title="bbox 566 360 2161 424; baseline -0.004 0"><span class='ocrx_word' id='word_1_1' title='bbox 566 360 646 424; x_wconf 87' lang='grc'><em>18</em></span> <span class='ocrx_word' id='word_1_2' title='bbox 1245 365 1628 420; x_wconf 82' lang='grc' dir='ltr'>ΟΟΜΜΕΝΤ.</span> <span class='ocrx_word' id='word_1_3' title='bbox 1665 364 1747 418; x_wconf 90' lang='lat' dir='ltr'><em>IN</em></span> <span class='ocrx_word' id='word_1_4' title='bbox 1784 362 2161 417; x_wconf 87' lang='lat' dir='ltr'><strong>VARRONIS</strong></span> 
     </span>
    </p>
   </div>
   <div class='ocr_carea' id='block_1_2' title="bbox 547 512 2879 4439">
    <p class='ocr_par' dir='ltr' id='par_1_2' title="bbox 560 512 2879 1342">
     <span class='ocr_line' id='line_1_2' title="bbox 562 512 2872 601; baseline -0.003 -21"><span class='ocrx_word' id='word_1_5' title='bbox 562 522 743 582; x_wconf 88' lang='lat' dir='ltr'><em>verbo</em></span> <span class='ocrx_word' id='word_1_6' title='bbox 784 525 1030 601; x_wconf 81' lang='lat' dir='ltr'>positae,</span> <span class='ocrx_word' id='word_1_7' title='bbox 1069 520 1092 578; x_wconf 94' lang='lat'>1</span> <span class='ocrx_word' id='word_1_8' title='bbox 1135 517 1238 601; x_wconf 86' lang='lat'><em>18,</em></span> <span class='ocrx_word' id='word_1_9' title='bbox 1279 519 1312 581; x_wconf 89' lang='lat'>1</span> <span class='ocrx_word' id='word_1_10' title='bbox 1363 521 1638 580; x_wconf 87' lang='lat' dir='ltr'><em>scribens</em></span> <span class='ocrx_word' id='word_1_11' title='bbox 1678 521 1753 580; x_wconf 93' lang='lat' dir='ltr'><em>de</em></span> <span class='ocrx_word' id='word_1_12' title='bbox 1800 521 2028 579; x_wconf 87' lang='lat' dir='ltr'><em>olivetis</em></span> <span class='ocrx_word' id='word_1_13' title='bbox 2076 525 2135 577; x_wconf 93' lang='lat' dir='ltr'><em>et</em></span> <span class='ocrx_word' id='word_1_14' title='bbox 2178 519 2369 576; x_wconf 85' lang='lat' dir='ltr'><em>vineis</em></span> <span class='ocrx_word' id='word_1_15' title='bbox 2414 522 2483 575; x_wconf 91' lang='lat' dir='ltr'><em>ut</em></span> <span class='ocrx_word' id='word_1_16' title='bbox 2527 517 2681 574; x_wconf 90' lang='lat' dir='ltr'><em>duas</em></span> <span class='ocrx_word' id='word_1_17' title='bbox 2725 512 2872 589; x_wconf 86' lang='lat' dir='ltr'><em>for-</em></span> 
     </span>
     <span class='ocr_line' id='line_1_3' title="bbox 561 620 2878 708; baseline -0.005 -17"><span class='ocrx_word' id='word_1_18' title='bbox 561 633 773 708; x_wconf 91' lang='lat' dir='ltr'><em>mulas,</em></span> <span class='ocrx_word' id='word_1_19' title='bbox 821 627 872 685; x_wconf 92' lang='lat'><em>11</em></span> <span class='ocrx_word' id='word_1_20' title='bbox 912 623 972 707; x_wconf 84' lang='lat'><em>8,</em></span> <span class='ocrx_word' id='word_1_21' title='bbox 1011 624 1050 687; x_wconf 90' lang='lat'>6</span> <span class='ocrx_word' id='word_1_22' title='bbox 1101 627 1358 686; x_wconf 87' lang='lat' dir='ltr'><em>auribus</em></span> <span class='ocrx_word' id='word_1_23' title='bbox 1397 633 1464 684; x_wconf 89' lang='lat' dir='ltr'><em>ut</em></span> <span class='ocrx_word' id='word_1_24' title='bbox 1501 628 1755 700; x_wconf 77' lang='lat' dir='ltr'><em>equinis,</em></span> <span class='ocrx_word' id='word_1_25' title='bbox 1804 620 1864 704; x_wconf 86' lang='lat'><em>9,</em></span> <span class='ocrx_word' id='word_1_26' title='bbox 1901 620 1944 684; x_wconf 90' lang='lat'><strong>4</strong></span> <span class='ocrx_word' id='word_1_27' title='bbox 1988 627 2113 684; x_wconf 89' lang='lat' dir='ltr'><em>solo</em></span> <span class='ocrx_word' id='word_1_28' title='bbox 2151 641 2229 683; x_wconf 93' lang='lat' dir='ltr'><em>ne</em></span> <span class='ocrx_word' id='word_1_29' title='bbox 2266 629 2335 682; x_wconf 91' lang='lat' dir='ltr'><em>ut</em></span> <span class='ocrx_word' id='word_1_30' title='bbox 2380 639 2602 682; x_wconf 90' lang='lat' dir='ltr'><em>corneo</em></span> <span class='ocrx_word' id='word_1_31' title='bbox 2638 653 2714 663; x_wconf 89' lang='lat'>—</span> <span class='ocrx_word' id='word_1_32' title='bbox 2753 622 2878 680; x_wconf 90' lang='lat' dir='ltr'><em>sed</em></span> 
     </span>
     <span class='ocr_line' id='line_1_4' title="bbox 560 728 2872 813; baseline -0.005 -16"><span class='ocrx_word' id='word_1_33' title='bbox 560 744 628 797; x_wconf 89' lang='lat' dir='ltr'><em>ut</em></span> <span class='ocrx_word' id='word_1_34' title='bbox 681 736 1074 812; x_wconf 81' lang='lat' dir='ltr'><em>fermentate,</em></span> <span class='ocrx_word' id='word_1_35' title='bbox 1130 732 1210 790; x_wconf 91' lang='lat'><em>111</em></span> <span class='ocrx_word' id='word_1_36' title='bbox 1249 728 1308 813; x_wconf 82' lang='lat'><em>5,</em></span> <span class='ocrx_word' id='word_1_37' title='bbox 1351 729 1431 792; x_wconf 84' lang='lat'><em>13</em></span> <span class='ocrx_word' id='word_1_38' title='bbox 1494 735 1814 807; x_wconf 73' lang='lat' dir='ltr'><em>qradatim</em></span> <span class='ocrx_word' id='word_1_39' title='bbox 1858 732 2267 791; x_wconf 86' lang='lat' dir='ltr'><em>substructum</em></span> <span class='ocrx_word' id='word_1_40' title='bbox 2334 736 2401 788; x_wconf 91' lang='lat' dir='ltr'><em>ut</em></span> <span class='ocrx_word' id='word_1_41' title='bbox 2464 730 2872 801; x_wconf 80' lang='lat' dir='ltr'><em>theatridion,</em></span> 
     </span>
     <span class='ocr_line' id='line_1_5' title="bbox 564 834 2874 925; baseline -0.004 -22"><span class='ocrx_word' id='word_1_42' title='bbox 564 841 620 925; x_wconf 86' lang='lat'><em>7,</em></span> <span class='ocrx_word' id='word_1_43' title='bbox 661 841 702 903; x_wconf 87' lang='grc'><strong>3</strong></span> <span class='ocrx_word' id='word_1_44' title='bbox 742 845 1088 918; x_wconf 86' lang='lat' dir='ltr'><em>peristeron</em></span> <span class='ocrx_word' id='word_1_45' title='bbox 1130 843 1205 912; x_wconf 79' lang='lat' dir='ltr'><em>fit</em></span> <span class='ocrx_word' id='word_1_46' title='bbox 1259 846 1328 899; x_wconf 92' lang='lat' dir='ltr'><em>ut</em></span> <span class='ocrx_word' id='word_1_47' title='bbox 1383 842 1620 899; x_wconf 90' lang='lat' dir='ltr'><em>testudo</em></span> <span class='ocrx_word' id='word_1_48' title='bbox 1667 856 1919 913; x_wconf 60' lang='lat' dir='ltr'><em>maana,</em></span> <span class='ocrx_word' id='word_1_49' title='bbox 1981 834 2083 918; x_wconf 84' lang='lat'><em>16,</em></span> <span class='ocrx_word' id='word_1_50' title='bbox 2122 835 2161 898; x_wconf 91' lang='grc'><strong>6</strong></span> <span class='ocrx_word' id='word_1_51' title='bbox 2220 839 2375 897; x_wconf 80' lang='lat' dir='ltr'><em>haec</em></span> <span class='ocrx_word' id='word_1_52' title='bbox 2429 843 2498 896; x_wconf 89' lang='lat' dir='ltr'><em>ut</em></span> <span class='ocrx_word' id='word_1_53' title='bbox 2549 838 2874 896; x_wconf 80' lang='lat' dir='ltr'><em>hominum</em></span> 
     </span>
     <span class='ocr_line' id='line_1_6' title="bbox 562 944 2876 1029; baseline -0.003 -20"><span class='ocrx_word' id='word_1_54' title='bbox 562 952 856 1029; x_wconf 84' lang='lat' dir='ltr'><em>civitates,</em></span> <span class='ocrx_word' id='word_1_55' title='bbox 903 944 942 1007; x_wconf 87' lang='grc'>9</span> <span class='ocrx_word' id='word_1_56' title='bbox 993 965 1193 1007; x_wconf 88' lang='lat' dir='ltr'><em>omnes</em></span> <span class='ocrx_word' id='word_1_57' title='bbox 1231 951 1299 1006; x_wconf 88' lang='lat' dir='ltr'><em>ut</em></span> <span class='ocrx_word' id='word_1_58' title='bbox 1338 949 1398 1005; x_wconf 90' lang='lat' dir='ltr'><em>in</em></span> <span class='ocrx_word' id='word_1_59' title='bbox 1438 948 1719 1005; x_wconf 80' lang='lat' dir='ltr'><em>exercitu</em></span> <span class='ocrx_word' id='word_1_60' title='bbox 1757 948 1965 1004; x_wconf 85' lang='lat' dir='ltr'><em>vivunt</em></span> <span class='ocrx_word' id='word_1_61' title='bbox 1992 976 2070 985; x_wconf 88' lang='lat'><em>——</em></span> <span class='ocrx_word' id='word_1_62' title='bbox 2108 950 2166 1003; x_wconf 90' lang='lat' dir='ltr'><em>et</em></span> <span class='ocrx_word' id='word_1_63' title='bbox 2202 950 2271 1002; x_wconf 90' lang='lat' dir='ltr'><em>ut</em></span> <span class='ocrx_word' id='word_1_64' title='bbox 2306 946 2576 1003; x_wconf 85' lang='lat' dir='ltr'><em>colonias</em></span> <span class='ocrx_word' id='word_1_65' title='bbox 2612 945 2876 1002; x_wconf 84' lang='lat' dir='ltr'><em>mittunt</em></span> 
     </span>
     <span class='ocr_line' id='line_1_7' title="bbox 568 1046 2879 1157; baseline -0.004 -41"><span class='ocrx_word' id='word_1_66' title='bbox 568 1059 775 1131; x_wconf 82' lang='lat' dir='ltr'><em>ibique</em></span> <span class='ocrx_word' id='word_1_67' title='bbox 812 1058 998 1115; x_wconf 86' lang='lat' dir='ltr'><em>duces</em></span> <span class='ocrx_word' id='word_1_68' title='bbox 1036 1056 1368 1126; x_wconf 78' lang='lat' dir='ltr'><em>conficiunt</em></span> <span class='ocrx_word' id='word_1_69' title='bbox 1405 1055 1705 1127; x_wconf 83' lang='lat' dir='ltr'><strong><em>quaedam</em></strong></span> <span class='ocrx_word' id='word_1_70' title='bbox 1735 1059 1802 1112; x_wconf 91' lang='lat' dir='ltr'><em>ut</em></span> <span class='ocrx_word' id='word_1_71' title='bbox 1840 1054 2173 1111; x_wconf 78' lang='lat' dir='ltr'><em>imitatione</em></span> <span class='ocrx_word' id='word_1_72' title='bbox 2210 1051 2408 1157; x_wconf 87' lang='lat' dir='ltr'><em>tubae,</em></span> <span class='ocrx_word' id='word_1_73' title='bbox 2445 1046 2533 1110; x_wconf 82' lang='lat'><em>20</em></span> <span class='ocrx_word' id='word_1_74' title='bbox 2562 1051 2879 1110; x_wconf 80' lang='lat' dir='ltr'><em>horridae</em></span> 
     </span>
     <span class='ocr_line' id='line_1_8' title="bbox 560 1153 2873 1238; baseline -0.003 -16"><span class='ocrx_word' id='word_1_75' title='bbox 560 1169 629 1223; x_wconf 88' lang='lat' dir='ltr'><em>ut</em></span> <span class='ocrx_word' id='word_1_76' title='bbox 649 1164 1130 1238; x_wconf 83' lang='lat' dir='ltr'><em>pulverulentae,</em></span> <span class='ocrx_word' id='word_1_77' title='bbox 1152 1156 1237 1220; x_wconf 82' lang='lat'><em>29</em></span> <span class='ocrx_word' id='word_1_78' title='bbox 1263 1163 1618 1236; x_wconf 72' lang='lat' dir='ltr'><em>proqeniem</em></span> <span class='ocrx_word' id='word_1_79' title='bbox 1648 1166 1714 1219; x_wconf 89' lang='lat' dir='ltr'><em>ut</em></span> <span class='ocrx_word' id='word_1_80' title='bbox 1745 1162 1805 1219; x_wconf 90' lang='lat' dir='ltr'><em>in</em></span> <span class='ocrx_word' id='word_1_81' title='bbox 1826 1161 2123 1220; x_wconf 89' lang='lat' dir='ltr'><em>coloniam</em></span> <span class='ocrx_word' id='word_1_82' title='bbox 2154 1161 2443 1231; x_wconf 83' lang='lat' dir='ltr'><em>emittere,</em></span> <span class='ocrx_word' id='word_1_83' title='bbox 2474 1153 2555 1217; x_wconf 82' lang='grc'><em>37</em></span> <span class='ocrx_word' id='word_1_84' title='bbox 2574 1162 2873 1232; x_wconf 81' lang='lat' dir='ltr'><em>prostra-</em></span> 
     </span>
     <span class='ocr_line' id='line_1_9' title="bbox 571 1264 2604 1342; baseline -0.003 -12"><span class='ocrx_word' id='word_1_85' title='bbox 571 1276 670 1330; x_wconf 89' lang='lat' dir='ltr'><em>tae</em></span> <span class='ocrx_word' id='word_1_86' title='bbox 715 1275 785 1329; x_wconf 90' lang='lat' dir='ltr'><em>ut</em></span> <span class='ocrx_word' id='word_1_87' title='bbox 830 1267 1112 1342; x_wconf 79' lang='lat' dir='ltr'><em>efflictae,</em></span> <span class='ocrx_word' id='word_1_88' title='bbox 1162 1264 1248 1327; x_wconf 83' lang='lat'><em>33</em></span> <span class='ocrx_word' id='word_1_89' title='bbox 1296 1274 1579 1342; x_wconf 81' lang='lat' dir='ltr'><em>oportere</em></span> <span class='ocrx_word' id='word_1_90' title='bbox 1627 1269 1713 1326; x_wconf 90' lang='lat' dir='ltr'><em>ita</em></span> <span class='ocrx_word' id='word_1_91' title='bbox 1760 1273 1827 1326; x_wconf 91' lang='lat' dir='ltr'><em>ut</em></span> <span class='ocrx_word' id='word_1_92' title='bbox 1871 1283 2077 1326; x_wconf 86' lang='lat' dir='ltr'><em>novem</em></span> <span class='ocrx_word' id='word_1_93' title='bbox 2116 1271 2332 1341; x_wconf 82' lang='lat' dir='ltr'><em>partes</em></span> <span class='ocrx_word' id='word_1_94' title='bbox 2380 1267 2604 1325; x_wconf 87' lang='lat' dir='ltr'><em>tollere.</em></span> 
     </span>
    </p>

    <p class='ocr_par' dir='ltr' id='par_1_3' title="bbox 547 1369 2876 4439">
     <span class='ocr_line' id='line_1_10' title="bbox 749 1369 2875 1451; baseline -0.004 -16"><span class='ocrx_word' id='word_1_95' title='bbox 749 1372 828 1435; x_wconf 88' lang='lat'><em>16</em></span> <span class='ocrx_word' id='word_1_96' title='bbox 864 1373 1222 1443; x_wconf 82' lang='lat' dir='ltr'><em>Quocirca</em></span> <span class='ocrx_word' id='word_1_97' title='bbox 1253 1375 1317 1433; x_wconf 90' lang='lat' dir='ltr'><em>ei</em></span> <span class='ocrx_word' id='word_1_98' title='bbox 1351 1374 1670 1433; x_wconf 84' lang='lat' dir='ltr'><em>succinit</em></span> <span class='ocrx_word' id='word_1_99' title='bbox 1697 1371 2050 1451; x_wconf 87' lang='lat' dir='ltr'><em>pastorali</em></span> <span class='ocrx_word' id='word_1_100' title='bbox 2080 1371 2150 1433; x_wconf 90' lang='lat' dir='ltr'><em>.l.</em></span> <span class='ocrx_word' id='word_1_101' title='bbox 2181 1370 2365 1450; x_wconf 90' lang='lat' dir='ltr'><em>quod</em></span> <span class='ocrx_word' id='word_1_102' title='bbox 2406 1380 2515 1430; x_wconf 90' lang='lat' dir='ltr'><em>est</em></span> <span class='ocrx_word' id='word_1_103' title='bbox 2543 1369 2875 1429; x_wconf 80' lang='lat' dir='ltr'><em>inferior</em></span> 
     </span>
     <span class='ocr_line' id='line_1_11' title="bbox 562 1478 2874 1557; baseline -0.003 -15"><span class='ocrx_word' id='word_1_104' title='bbox 562 1492 635 1542; x_wconf 98' lang='lat' dir='ltr'><em>ut</em></span> <span class='ocrx_word' id='word_1_105' title='bbox 678 1480 855 1541; x_wconf 90' lang='lat' dir='ltr'><em>tibia</em></span> <span class='ocrx_word' id='word_1_106' title='bbox 905 1482 1206 1540; x_wconf 89' lang='lat' dir='ltr'><em>sinistra</em></span> <span class='ocrx_word' id='word_1_107' title='bbox 1255 1498 1284 1538; x_wconf 94' lang='lat' dir='ltr'><em>a</em></span> <span class='ocrx_word' id='word_1_108' title='bbox 1335 1480 1632 1540; x_wconf 83' lang='lat' dir='ltr'><em>dextrae</em></span> <span class='ocrx_word' id='word_1_109' title='bbox 1682 1478 2200 1557; x_wconf 84' lang='lat' dir='ltr'><em>foraminibus]</em></span> <span class='ocrx_word' id='word_1_110' title='bbox 2259 1480 2567 1551; x_wconf 78' lang='lat' dir='ltr'><em>Quocirca</em></span> <span class='ocrx_word' id='word_1_111' title='bbox 2616 1483 2679 1536; x_wconf 92' lang='lat' dir='ltr'><em>et</em></span> <span class='ocrx_word' id='word_1_112' title='bbox 2725 1493 2874 1535; x_wconf 88' lang='lat' dir='ltr'><em>suc-</em></span> 
     </span>
     <span class='ocr_line' id='line_1_12' title="bbox 564 1571 2876 1667; baseline -0.004 -18"><span class='ocrx_word' id='word_1_113' title='bbox 564 1593 717 1650; x_wconf 89' lang='lat' dir='ltr'><em>cinit</em></span> <span class='ocrx_word' id='word_1_114' title='bbox 744 1587 1064 1667; x_wconf 79' lang='lat' dir='ltr'><em>iucundus,</em></span> <span class='ocrx_word' id='word_1_115' title='bbox 1094 1590 1388 1662; x_wconf 80' lang='lat' dir='ltr'><em>quocirca</em></span> <span class='ocrx_word' id='word_1_116' title='bbox 1419 1606 1492 1648; x_wconf 93' lang='lat' dir='ltr'><em>ea</em></span> <span class='ocrx_word' id='word_1_117' title='bbox 1520 1590 1787 1648; x_wconf 78' lang='lat' dir='ltr'><em>succinit</em></span> <span class='ocrx_word' id='word_1_118' title='bbox 1805 1589 2127 1663; x_wconf 84' lang='lat' dir='ltr'><em>pastorali,</em></span> <span class='ocrx_word' id='word_1_119' title='bbox 2158 1588 2322 1660; x_wconf 82' lang='lat' dir='ltr'><em>quod</em></span> <span class='ocrx_word' id='word_1_120' title='bbox 2348 1591 2435 1645; x_wconf 86' lang='lat' dir='ltr'><em>est</em></span> <span class='ocrx_word' id='word_1_121' title='bbox 2473 1571 2766 1662; x_wconf 73' lang='lat' dir='ltr'><em>inferior,</em></span> <span class='ocrx_word' id='word_1_122' title='bbox 2804 1588 2876 1640; x_wconf 86' lang='lat' dir='ltr'><em>ut</em></span> 
     </span>
     <span class='ocr_line' id='line_1_13' title="bbox 561 1685 2871 1777; baseline -0.003 -22"><span class='ocrx_word' id='word_1_123' title='bbox 561 1697 713 1755; x_wconf 89' lang='lat' dir='ltr'><em>tibia</em></span> <span class='ocrx_word' id='word_1_124' title='bbox 750 1698 1002 1755; x_wconf 86' lang='lat' dir='ltr'><em>sinistra</em></span> <span class='ocrx_word' id='word_1_125' title='bbox 1051 1698 1311 1755; x_wconf 82' lang='lat' dir='ltr'><em>dextrae</em></span> <span class='ocrx_word' id='word_1_126' title='bbox 1355 1687 1605 1777; x_wconf 89' lang='lat' dir='ltr'><em>(omisso</em></span> <span class='ocrx_word' id='word_1_127' title='bbox 1649 1685 2088 1775; x_wconf 79' lang='lat' dir='ltr'><em>foraminibus)</em></span> <span class='ocrx_word' id='word_1_128' title='bbox 2128 1691 2398 1752; x_wconf 79' lang='lat' dir='ltr'><em>Ursinus,</em></span> <span class='ocrx_word' id='word_1_129' title='bbox 2473 1709 2512 1750; x_wconf 91' lang='lat' dir='ltr'><em>a</em></span> <span class='ocrx_word' id='word_1_130' title='bbox 2552 1690 2871 1768; x_wconf 89' lang='lat' dir='ltr'><em>praeposi·</em></span> 
     </span>
     <span class='ocr_line' id='line_1_14' title="bbox 562 1798 2874 1879; baseline -0.003 -17"><span class='ocrx_word' id='word_1_131' title='bbox 562 1803 784 1862; x_wconf 89' lang='lat' dir='ltr'><em>tionem</em></span> <span class='ocrx_word' id='word_1_132' title='bbox 815 1800 1125 1862; x_wconf 90' lang='lat' dir='ltr'><em>delendam</em></span> <span class='ocrx_word' id='word_1_133' title='bbox 1156 1820 1286 1862; x_wconf 89' lang='lat' dir='ltr'><em>esse</em></span> <span class='ocrx_word' id='word_1_134' title='bbox 1319 1801 1619 1861; x_wconf 80' lang='lat' dir='ltr'><em>adnotavit</em></span> <span class='ocrx_word' id='word_1_135' title='bbox 1649 1799 1920 1879; x_wconf 89' lang='lat' dir='ltr'><em>Cuperus</em></span> <span class='ocrx_word' id='word_1_136' title='bbox 1950 1798 2104 1879; x_wconf 92' lang='lat' dir='ltr'><em>apud</em></span> <span class='ocrx_word' id='word_1_137' title='bbox 2128 1798 2476 1858; x_wconf 89' lang='lat' dir='ltr'><em>Gesnerum.</em></span> <span class='ocrx_word' id='word_1_138' title='bbox 2532 1799 2801 1857; x_wconf 85' lang='lat' dir='ltr'><em>sinistra</em></span> <span class='ocrx_word' id='word_1_139' title='bbox 2832 1814 2874 1856; x_wconf 88' lang='lat' dir='ltr'><em>a</em></span> 
     </span>
     <span class='ocr_line' id='line_1_15' title="bbox 564 1900 2875 1986; baseline -0.003 -17"><span class='ocrx_word' id='word_1_140' title='bbox 564 1913 786 1970; x_wconf 77' lang='lat' dir='ltr'><em>dextra</em></span> <span class='ocrx_word' id='word_1_141' title='bbox 819 1908 1230 1984; x_wconf 83' lang='lat' dir='ltr'><em>foraminibus</em></span> <span class='ocrx_word' id='word_1_142' title='bbox 1270 1907 1592 1969; x_wconf 88' lang='lat' dir='ltr'><em>Salmasius</em></span> <span class='ocrx_word' id='word_1_143' title='bbox 1635 1909 1696 1968; x_wconf 91' lang='lat' dir='ltr'><em>in</em></span> <span class='ocrx_word' id='word_1_144' title='bbox 1736 1909 1940 1986; x_wconf 87' lang='lat' dir='ltr'><em>script.</em></span> <span class='ocrx_word' id='word_1_145' title='bbox 1980 1906 2113 1966; x_wconf 85' lang='lat' dir='ltr'><em>hist.</em></span> <span class='ocrx_word' id='word_1_146' title='bbox 2145 1905 2290 1984; x_wconf 87' lang='lat' dir='ltr'><em>Aug.</em></span> <span class='ocrx_word' id='word_1_147' title='bbox 2330 1924 2385 1984; x_wconf 93' lang='lat' dir='ltr'><em>p.</em></span> <span class='ocrx_word' id='word_1_148' title='bbox 2425 1900 2573 1965; x_wconf 85' lang='lat'><em>494.</em></span> <span class='ocrx_word' id='word_1_149' title='bbox 2649 1911 2762 1963; x_wconf 91' lang='lat' dir='ltr'><em>aut</em></span> <span class='ocrx_word' id='word_1_150' title='bbox 2812 1910 2875 1963; x_wconf 92' lang='lat' dir='ltr'><em>et</em></span> 
     </span>
     <span class='ocr_line' id='line_1_16' title="bbox 559 2002 2870 2077; baseline -0.004 0"><span class='ocrx_word' id='word_1_151' title='bbox 559 2020 823 2077; x_wconf 88' lang='lat' dir='ltr'><em>succinit</em></span> <span class='ocrx_word' id='word_1_152' title='bbox 860 2035 994 2076; x_wconf 91' lang='lat' dir='ltr'><em>cum</em></span> <span class='ocrx_word' id='word_1_153' title='bbox 1034 2015 1301 2076; x_wconf 92' lang='lat' dir='ltr'><em>Iucundo</em></span> <span class='ocrx_word' id='word_1_154' title='bbox 1341 2026 1442 2075; x_wconf 90' lang='lat' dir='ltr'><em>aut</em></span> <span class='ocrx_word' id='word_1_155' title='bbox 1479 2034 1553 2076; x_wconf 91' lang='lat' dir='ltr'><em>ea</em></span> <span class='ocrx_word' id='word_1_156' title='bbox 1586 2002 1856 2076; x_wconf 86' lang='lat' dir='ltr'><em>&#39;succinit</em></span> <span class='ocrx_word' id='word_1_157' title='bbox 1883 2032 2019 2074; x_wconf 90' lang='lat' dir='ltr'><em>cum</em></span> <span class='ocrx_word' id='word_1_158' title='bbox 2048 2012 2264 2073; x_wconf 86' lang='lat' dir='ltr'><em>Ursino</em></span> <span class='ocrx_word' id='word_1_159' title='bbox 2305 2009 2694 2071; x_wconf 89' lang='lat' dir='ltr'><em>scribendum</em></span> <span class='ocrx_word' id='word_1_160' title='bbox 2730 2028 2870 2069; x_wconf 88' lang='lat' dir='ltr'><em>esse</em></span> 
     </span>
     <span class='ocr_line' id='line_1_17' title="bbox 560 2116 2868 2201; baseline -0.003 -19"><span class='ocrx_word' id='word_1_161' title='bbox 560 2133 830 2201; x_wconf 84' lang='lat' dir='ltr'><em>apparet:</em></span> <span class='ocrx_word' id='word_1_162' title='bbox 878 2122 1132 2200; x_wconf 90' lang='lat' dir='ltr'><em>praetuli</em></span> <span class='ocrx_word' id='word_1_163' title='bbox 1179 2121 1379 2182; x_wconf 88' lang='lat' dir='ltr'><em>Ursini</em></span> <span class='ocrx_word' id='word_1_164' title='bbox 1427 2123 1834 2182; x_wconf 90' lang='lat' dir='ltr'><em>coniecturam</em></span> <span class='ocrx_word' id='word_1_165' title='bbox 1891 2139 1990 2196; x_wconf 92' lang='lat' dir='ltr'><em>ea,</em></span> <span class='ocrx_word' id='word_1_166' title='bbox 2038 2119 2093 2180; x_wconf 91' lang='lat' dir='ltr'><em>h.</em></span> <span class='ocrx_word' id='word_1_167' title='bbox 2134 2137 2183 2180; x_wconf 90' lang='lat' dir='ltr'><em>e.</em></span> <span class='ocrx_word' id='word_1_168' title='bbox 2232 2121 2357 2198; x_wconf 87' lang='lat' dir='ltr'><em>agri</em></span> <span class='ocrx_word' id='word_1_169' title='bbox 2419 2116 2670 2178; x_wconf 90' lang='lat' dir='ltr'><em>cultura.</em></span> <span class='ocrx_word' id='word_1_170' title='bbox 2776 2119 2868 2176; x_wconf 92' lang='lat' dir='ltr'><em>in-</em></span> 
     </span>
     <span class='ocr_line' id='line_1_18' title="bbox 556 2223 2868 2304; baseline -0.003 -15"><span class='ocrx_word' id='word_1_171' title='bbox 556 2230 742 2289; x_wconf 89' lang='lat' dir='ltr'><em>ferior</em></span> <span class='ocrx_word' id='word_1_172' title='bbox 789 2238 986 2290; x_wconf 88' lang='lat' dir='ltr'><em>autem</em></span> <span class='ocrx_word' id='word_1_173' title='bbox 1035 2248 1074 2289; x_wconf 91' lang='lat' dir='ltr'><em>a</em></span> <span class='ocrx_word' id='word_1_174' title='bbox 1115 2232 1374 2290; x_wconf 80' lang='lat' dir='ltr'><em>dextrae</em></span> <span class='ocrx_word' id='word_1_175' title='bbox 1414 2229 1826 2304; x_wconf 83' lang='lat' dir='ltr'><em>foraminibus</em></span> <span class='ocrx_word' id='word_1_176' title='bbox 1874 2227 2096 2287; x_wconf 85' lang='lat' dir='ltr'><em>dicitur</em></span> <span class='ocrx_word' id='word_1_177' title='bbox 2144 2228 2384 2286; x_wconf 88' lang='lat' dir='ltr'><em>sinistra</em></span> <span class='ocrx_word' id='word_1_178' title='bbox 2431 2223 2590 2304; x_wconf 86' lang='lat' dir='ltr'><em>tibia,</em></span> <span class='ocrx_word' id='word_1_179' title='bbox 2629 2242 2794 2303; x_wconf 87' lang='lat' dir='ltr'><em>quae</em></span> <span class='ocrx_word' id='word_1_180' title='bbox 2836 2242 2868 2282; x_wconf 91' lang='lat' dir='ltr'><em>a</em></span> 
     </span>
     <span class='ocr_line' id='line_1_19' title="bbox 558 2330 2867 2415; baseline -0.003 -19"><span class='ocrx_word' id='word_1_181' title='bbox 558 2346 727 2415; x_wconf 83' lang='lat' dir='ltr'><em>parte</em></span> <span class='ocrx_word' id='word_1_182' title='bbox 776 2337 1131 2396; x_wconf 85' lang='lat' dir='ltr'><em>foraminum</em></span> <span class='ocrx_word' id='word_1_183' title='bbox 1180 2335 1429 2395; x_wconf 84' lang='lat' dir='ltr'><em>inferior</em></span> <span class='ocrx_word' id='word_1_184' title='bbox 1476 2344 1535 2395; x_wconf 88' lang='lat' dir='ltr'><em>et</em></span> <span class='ocrx_word' id='word_1_185' title='bbox 1596 2337 1766 2414; x_wconf 89' lang='lat' dir='ltr'><em>quasi</em></span> <span class='ocrx_word' id='word_1_186' title='bbox 1821 2334 1976 2394; x_wconf 80' lang='lat' dir='ltr'><em>infra</em></span> <span class='ocrx_word' id='word_1_187' title='bbox 2033 2334 2318 2393; x_wconf 86' lang='lat' dir='ltr'><em>foramina</em></span> <span class='ocrx_word' id='word_1_188' title='bbox 2375 2330 2616 2391; x_wconf 81' lang='lat' dir='ltr'><em>dextrae</em></span> <span class='ocrx_word' id='word_1_189' title='bbox 2676 2330 2867 2389; x_wconf 89' lang='lat' dir='ltr'><em>tibiae</em></span> 
     </span>
     <span class='ocr_line' id='line_1_20' title="bbox 559 2439 2868 2522; baseline -0.003 -21"><span class='ocrx_word' id='word_1_190' title='bbox 559 2445 751 2522; x_wconf 89' lang='lat' dir='ltr'><em>posita</em></span> <span class='ocrx_word' id='word_1_191' title='bbox 799 2452 906 2503; x_wconf 90' lang='lat' dir='ltr'><em>est.</em></span> <span class='ocrx_word' id='word_1_192' title='bbox 975 2461 1107 2501; x_wconf 90' lang='lat' dir='ltr'><em>nam</em></span> <span class='ocrx_word' id='word_1_193' title='bbox 1156 2441 1351 2502; x_wconf 89' lang='lat' dir='ltr'><em>locum</em></span> <span class='ocrx_word' id='word_1_194' title='bbox 1400 2441 1597 2502; x_wconf 90' lang='lat' dir='ltr'><em>addita</em></span> <span class='ocrx_word' id='word_1_195' title='bbox 1645 2442 2085 2520; x_wconf 86' lang='lat' dir='ltr'><em>praepositione</em></span> <span class='ocrx_word' id='word_1_196' title='bbox 2133 2440 2455 2518; x_wconf 84' lang='lat' dir='ltr'><em>significari</em></span> <span class='ocrx_word' id='word_1_197' title='bbox 2501 2456 2723 2497; x_wconf 92' lang='lat' dir='ltr'><em>nomen</em></span> <span class='ocrx_word' id='word_1_198' title='bbox 2776 2439 2868 2496; x_wconf 89' lang='lat' dir='ltr'><em>in-</em></span> 
     </span>
     <span class='ocr_line' id='line_1_21' title="bbox 559 2543 2866 2632; baseline -0.002 -24"><span class='ocrx_word' id='word_1_199' title='bbox 559 2548 714 2610; x_wconf 90' lang='lat' dir='ltr'><em>dicat</em></span> <span class='ocrx_word' id='word_1_200' title='bbox 761 2548 1041 2610; x_wconf 89' lang='lat' dir='ltr'><em>tibiarum</em></span> <span class='ocrx_word' id='word_1_201' title='bbox 1089 2548 1331 2610; x_wconf 86' lang='lat' dir='ltr'><em>dextrae</em></span> <span class='ocrx_word' id='word_1_202' title='bbox 1381 2558 1441 2610; x_wconf 92' lang='lat' dir='ltr'><em>et</em></span> <span class='ocrx_word' id='word_1_203' title='bbox 1487 2550 1793 2632; x_wconf 85' lang='lat' dir='ltr'><em>sinistrae,</em></span> <span class='ocrx_word' id='word_1_204' title='bbox 1841 2566 1976 2609; x_wconf 89' lang='lat' dir='ltr'><em>cum</em></span> <span class='ocrx_word' id='word_1_205' title='bbox 2025 2548 2257 2629; x_wconf 85' lang='lat' dir='ltr'><em>dextra,</em></span> <span class='ocrx_word' id='word_1_206' title='bbox 2306 2564 2455 2625; x_wconf 89' lang='lat' dir='ltr'><em>quae</em></span> <span class='ocrx_word' id='word_1_207' title='bbox 2513 2543 2725 2605; x_wconf 86' lang='lat' dir='ltr'><em>modos</em></span> <span class='ocrx_word' id='word_1_208' title='bbox 2777 2546 2866 2604; x_wconf 91' lang='lat' dir='ltr'><em>in-</em></span> 
     </span>
     <span class='ocr_line' id='line_1_22' title="bbox 559 2653 2864 2738; baseline -0.001 -23"><span class='ocrx_word' id='word_1_209' title='bbox 559 2657 721 2738; x_wconf 88' lang='lat' dir='ltr'><em>cipit,</em></span> <span class='ocrx_word' id='word_1_210' title='bbox 769 2658 830 2715; x_wconf 93' lang='lat' dir='ltr'><em>in</em></span> <span class='ocrx_word' id='word_1_211' title='bbox 879 2659 1206 2737; x_wconf 88' lang='lat' dir='ltr'><em>superiore,</em></span> <span class='ocrx_word' id='word_1_212' title='bbox 1245 2659 1502 2731; x_wconf 88' lang='lat' dir='ltr'><em>sinistra,</em></span> <span class='ocrx_word' id='word_1_213' title='bbox 1542 2675 1693 2735; x_wconf 91' lang='lat' dir='ltr'><em>quae</em></span> <span class='ocrx_word' id='word_1_214' title='bbox 1735 2664 1824 2716; x_wconf 88' lang='lat' dir='ltr'><em>est</em></span> <span class='ocrx_word' id='word_1_215' title='bbox 1865 2656 2224 2734; x_wconf 89' lang='lat' dir='ltr'><em>succentiva,</em></span> <span class='ocrx_word' id='word_1_216' title='bbox 2262 2656 2323 2714; x_wconf 91' lang='lat' dir='ltr'><em>in</em></span> <span class='ocrx_word' id='word_1_217' title='bbox 2362 2653 2645 2713; x_wconf 84' lang='lat' dir='ltr'><em>inferiore</em></span> <span class='ocrx_word' id='word_1_218' title='bbox 2686 2661 2864 2731; x_wconf 84' lang='lat' dir='ltr'><em>parte</em></span> 
     </span>
     <span class='ocr_line' id='line_1_23' title="bbox 556 2760 2867 2842; baseline -0.001 -20"><span class='ocrx_word' id='word_1_219' title='bbox 556 2764 747 2841; x_wconf 88' lang='lat' dir='ltr'><em>posita</em></span> <span class='ocrx_word' id='word_1_220' title='bbox 813 2782 944 2823; x_wconf 91' lang='lat' dir='ltr'><em>esse</em></span> <span class='ocrx_word' id='word_1_221' title='bbox 1002 2763 1255 2838; x_wconf 85' lang='lat' dir='ltr'><em>dicitur.¹</em></span> <span class='ocrx_word' id='word_1_222' title='bbox 1290 2797 1372 2806; x_wconf 98' lang='lat'><strong>—</strong></span> <span class='ocrx_word' id='word_1_223' title='bbox 1419 2764 1466 2823; x_wconf 96' lang='lat' dir='ltr'>L</span> <span class='ocrx_word' id='word_1_224' title='bbox 1520 2764 1718 2824; x_wconf 91' lang='lat' dir='ltr'><em>littera</em></span> <span class='ocrx_word' id='word_1_225' title='bbox 1776 2761 2092 2842; x_wconf 84' lang='lat' dir='ltr'><em>singularis</em></span> <span class='ocrx_word' id='word_1_226' title='bbox 2147 2769 2386 2841; x_wconf 88' lang='lat' dir='ltr'><em>praeter</em></span> <span class='ocrx_word' id='word_1_227' title='bbox 2441 2760 2601 2820; x_wconf 88' lang='lat' dir='ltr'><em>hunc</em></span> <span class='ocrx_word' id='word_1_228' title='bbox 2658 2760 2867 2835; x_wconf 81' lang='lat' dir='ltr'><em>locum</em></span> 
     </span>
     <span class='ocr_line' id='line_1_24' title="bbox 557 2862 2864 2948; baseline -0.001 -20"><span class='ocrx_word' id='word_1_229' title='bbox 557 2867 868 2929; x_wconf 90' lang='lat' dir='ltr'><em>duodecim</em></span> <span class='ocrx_word' id='word_1_230' title='bbox 899 2869 1044 2930; x_wconf 92' lang='lat' dir='ltr'><em>locis</em></span> <span class='ocrx_word' id='word_1_231' title='bbox 1084 2869 1219 2930; x_wconf 88' lang='lat' dir='ltr'><em>libri</em></span> <span class='ocrx_word' id='word_1_232' title='bbox 1250 2870 1429 2948; x_wconf 90' lang='lat' dir='ltr'><em>primi</em></span> <span class='ocrx_word' id='word_1_233' title='bbox 1456 2872 1517 2930; x_wconf 93' lang='lat' dir='ltr'><em>in</em></span> <span class='ocrx_word' id='word_1_234' title='bbox 1558 2870 1879 2948; x_wconf 82' lang='lat' dir='ltr'><em>archetypo</em></span> <span class='ocrx_word' id='word_1_235' title='bbox 1918 2868 2146 2929; x_wconf 92' lang='lat' dir='ltr'><em>adiecta</em></span> <span class='ocrx_word' id='word_1_236' title='bbox 2186 2875 2332 2946; x_wconf 89' lang='lat' dir='ltr'><em>erat,</em></span> <span class='ocrx_word' id='word_1_237' title='bbox 2369 2863 2429 2946; x_wconf 84' lang='lat'><em>2,</em></span> <span class='ocrx_word' id='word_1_238' title='bbox 2467 2862 2544 2925; x_wconf 87' lang='lat'><em>19</em></span> <span class='ocrx_word' id='word_1_239' title='bbox 2579 2865 2864 2940; x_wconf 87' lang='lat' dir='ltr'><em>fructuis</em></span> 
     </span>
     <span class='ocr_line' id='line_1_25' title="bbox 559 2971 2864 3057; baseline -0.001 -21"><span class='ocrx_word' id='word_1_240' title='bbox 559 2994 858 3037; x_wconf 90' lang='lat' dir='ltr'><em>uenenum</em></span> <span class='ocrx_word' id='word_1_241' title='bbox 900 2982 970 3038; x_wconf 89' lang='lat' dir='ltr'><em>.l.</em></span> <span class='ocrx_word' id='word_1_242' title='bbox 1007 2980 1123 3038; x_wconf 82' lang='lat' dir='ltr'><em>hoc</em></span> <span class='ocrx_word' id='word_1_243' title='bbox 1161 2980 1416 3052; x_wconf 90' lang='lat' dir='ltr'><em>nomine,</em></span> <span class='ocrx_word' id='word_1_244' title='bbox 1467 2974 1524 3057; x_wconf 81' lang='lat'><em>7,</em></span> <span class='ocrx_word' id='word_1_245' title='bbox 1552 2974 1595 3036; x_wconf 90' lang='lat'><em>4</em></span> <span class='ocrx_word' id='word_1_246' title='bbox 1625 2980 1766 3053; x_wconf 83' lang='lat' dir='ltr'><em>plus</em></span> <span class='ocrx_word' id='word_1_247' title='bbox 1797 2979 2176 3049; x_wconf 14' lang='lat' dir='ltr'><em>.l.,reddant,</em></span> <span class='ocrx_word' id='word_1_248' title='bbox 2220 2972 2321 3055; x_wconf 95' lang='grc'><em>11,</em></span> <span class='ocrx_word' id='word_1_249' title='bbox 2353 2971 2386 3033; x_wconf 94' lang='grc'>1</span> <span class='ocrx_word' id='word_1_250' title='bbox 2428 2976 2623 3034; x_wconf 91' lang='lat' dir='ltr'><em>solent</em></span> <span class='ocrx_word' id='word_1_251' title='bbox 2661 2976 2864 3051; x_wconf 79' lang='lat' dir='ltr'><em>dispe-</em></span> 
     </span>
     <span class='ocr_line' id='line_1_26' title="bbox 555 3076 2863 3165; baseline 0 -24"><span class='ocrx_word' id='word_1_252' title='bbox 555 3086 687 3143; x_wconf 87' lang='lat' dir='ltr'><em>rire</em></span> <span class='ocrx_word' id='word_1_253' title='bbox 716 3087 784 3143; x_wconf 83' lang='lat' dir='ltr'><em>.l.</em></span> <span class='ocrx_word' id='word_1_254' title='bbox 817 3085 1080 3159; x_wconf 90' lang='lat' dir='ltr'><em>dubium,</em></span> <span class='ocrx_word' id='word_1_255' title='bbox 1131 3080 1230 3165; x_wconf 88' lang='grc'><em>18,</em></span> <span class='ocrx_word' id='word_1_256' title='bbox 1261 3081 1300 3143; x_wconf 91' lang='grc'>2</span> <span class='ocrx_word' id='word_1_257' title='bbox 1340 3086 1758 3158; x_wconf 71' lang='lat' dir='ltr'><em>indiliyentiae</em></span> <span class='ocrx_word' id='word_1_258' title='bbox 1786 3087 1856 3145; x_wconf 89' lang='lat' dir='ltr'><em>.l.</em></span> <span class='ocrx_word' id='word_1_259' title='bbox 1887 3085 2103 3144; x_wconf 80' lang='lat' dir='ltr'><em>borum</em></span> <span class='ocrx_word' id='word_1_260' title='bbox 2140 3087 2374 3158; x_wconf 85' lang='lat' dir='ltr'><em>neuter,</em></span> <span class='ocrx_word' id='word_1_261' title='bbox 2412 3076 2516 3160; x_wconf 83' lang='lat'><em>23,</em></span> <span class='ocrx_word' id='word_1_262' title='bbox 2547 3076 2589 3140; x_wconf 82' lang='lat'>5</span> <span class='ocrx_word' id='word_1_263' title='bbox 2628 3083 2863 3141; x_wconf 87' lang='lat' dir='ltr'><em>utendo</em></span> 
     </span>
     <span class='ocr_line' id='line_1_27' title="bbox 557 3168 2860 3272; baseline -0.001 -24"><span class='ocrx_word' id='word_1_264' title='bbox 557 3193 626 3249; x_wconf 92' lang='lat' dir='ltr'><em>.l.</em></span> <span class='ocrx_word' id='word_1_265' title='bbox 675 3192 826 3263; x_wconf 82' lang='lat' dir='ltr'><em>quid</em></span> <span class='ocrx_word' id='word_1_266' title='bbox 862 3190 1086 3265; x_wconf 73' lang='lat' dir='ltr'><em>faciaS,</em></span> <span class='ocrx_word' id='word_1_267' title='bbox 1134 3168 1241 3272; x_wconf 87' lang='grc'><em>31,</em></span> <span class='ocrx_word' id='word_1_268' title='bbox 1279 3188 1318 3251; x_wconf 91' lang='grc'><strong>6</strong></span> <span class='ocrx_word' id='word_1_269' title='bbox 1350 3208 1534 3266; x_wconf 81' lang='lat' dir='ltr'><em>poma</em></span> <span class='ocrx_word' id='word_1_270' title='bbox 1574 3194 1642 3250; x_wconf 92' lang='lat' dir='ltr'><em>.l.</em></span> <span class='ocrx_word' id='word_1_271' title='bbox 1684 3192 1866 3266; x_wconf 85' lang='lat' dir='ltr'><em>dicta,</em></span> <span class='ocrx_word' id='word_1_272' title='bbox 1915 3187 2001 3249; x_wconf 89' lang='grc'><em>42</em></span> <span class='ocrx_word' id='word_1_273' title='bbox 2049 3190 2547 3263; x_wconf 81' lang='lat' dir='ltr'><em>quemadmodam</em></span> <span class='ocrx_word' id='word_1_274' title='bbox 2597 3189 2666 3247; x_wconf 89' lang='lat' dir='ltr'><em>.l.</em></span> <span class='ocrx_word' id='word_1_275' title='bbox 2718 3205 2860 3247; x_wconf 89' lang='lat' dir='ltr'><em>cum</em></span> 
     </span>
     <span class='ocr_line' id='line_1_28' title="bbox 547 3291 2861 3380; baseline -0.001 -24"><span class='ocrx_word' id='word_1_276' title='bbox 547 3297 857 3377; x_wconf 85' lang='lat' dir='ltr'><em>pabulum,</em></span> <span class='ocrx_word' id='word_1_277' title='bbox 901 3294 1008 3380; x_wconf 89' lang='grc'><em>44,</em></span> <span class='ocrx_word' id='word_1_278' title='bbox 1046 3295 1089 3357; x_wconf 90' lang='grc'>4</span> <span class='ocrx_word' id='word_1_279' title='bbox 1119 3301 1494 3374; x_wconf 65' lang='grc' dir='ltr'><em>ρναεθηατὶα</em></span> <span class='ocrx_word' id='word_1_280' title='bbox 1534 3301 1603 3358; x_wconf 89' lang='lat' dir='ltr'><em>.l.</em></span> <span class='ocrx_word' id='word_1_281' title='bbox 1643 3314 1778 3357; x_wconf 89' lang='lat' dir='ltr'><em>cum</em></span> <span class='ocrx_word' id='word_1_282' title='bbox 1815 3303 1971 3371; x_wconf 85' lang='lat' dir='ltr'><em>sunt,</em></span> <span class='ocrx_word' id='word_1_283' title='bbox 2009 3291 2113 3374; x_wconf 84' lang='lat'><em>55,</em></span> <span class='ocrx_word' id='word_1_284' title='bbox 2147 3293 2180 3355; x_wconf 89' lang='lat'>1</span> <span class='ocrx_word' id='word_1_285' title='bbox 2222 3313 2381 3369; x_wconf 82' lang='lat' dir='ltr'><em>quae</em></span> <span class='ocrx_word' id='word_1_286' title='bbox 2420 3296 2629 3368; x_wconf 54' lang='lat' dir='ltr'><em>diuitis</em></span> <span class='ocrx_word' id='word_1_287' title='bbox 2673 3297 2861 3354; x_wconf 90' lang='lat' dir='ltr'><em>nudis</em></span> 
     </span>
     <span class='ocr_line' id='line_1_29' title="bbox 555 3400 2862 3485; baseline -0.001 -23"><span class='ocrx_word' id='word_1_288' title='bbox 555 3405 926 3464; x_wconf 85' lang='lat' dir='ltr'><em>laudabilior</em></span> <span class='ocrx_word' id='word_1_289' title='bbox 984 3408 1055 3464; x_wconf 90' lang='lat' dir='ltr'><em>.l.</em></span> <span class='ocrx_word' id='word_1_290' title='bbox 1112 3422 1292 3478; x_wconf 82' lang='lat' dir='ltr'><em>quam</em></span> <span class='ocrx_word' id='word_1_291' title='bbox 1360 3407 1490 3476; x_wconf 90' lang='lat' dir='ltr'><em>illa,</em></span> <span class='ocrx_word' id='word_1_292' title='bbox 1556 3400 1670 3485; x_wconf 83' lang='lat'><em>59,</em></span> <span class='ocrx_word' id='word_1_293' title='bbox 1709 3400 1750 3463; x_wconf 95' lang='grc'>2</span> <span class='ocrx_word' id='word_1_294' title='bbox 1799 3406 2273 3479; x_wconf 82' lang='lat' dir='ltr'><em>pauimentaque</em></span> <span class='ocrx_word' id='word_1_295' title='bbox 2320 3405 2389 3462; x_wconf 91' lang='lat' dir='ltr'><em>.l.</em></span> <span class='ocrx_word' id='word_1_296' title='bbox 2455 3403 2862 3462; x_wconf 86' lang='lat' dir='ltr'><em>laudabiliter</em></span> 
     </span>
     <span class='ocr_line' id='line_1_30' title="bbox 547 3506 2859 3592; baseline 0 -24"><span class='ocrx_word' id='word_1_297' title='bbox 547 3508 819 3589; x_wconf 88' lang='lat' dir='ltr'><em>faciunt,</em></span> <span class='ocrx_word' id='word_1_298' title='bbox 887 3507 966 3571; x_wconf 84' lang='lat'><em>61</em></span> <span class='ocrx_word' id='word_1_299' title='bbox 1038 3513 1318 3592; x_wconf 84' lang='lat' dir='ltr'><em>adiciunt</em></span> <span class='ocrx_word' id='word_1_300' title='bbox 1372 3514 1442 3571; x_wconf 88' lang='lat' dir='ltr'><em>.l.</em></span> <span class='ocrx_word' id='word_1_301' title='bbox 1500 3517 1785 3590; x_wconf 87' lang='lat' dir='ltr'><em>mustum,</em></span> <span class='ocrx_word' id='word_1_302' title='bbox 1850 3506 1964 3590; x_wconf 87' lang='grc'><em>69,</em></span> <span class='ocrx_word' id='word_1_303' title='bbox 2003 3507 2043 3571; x_wconf 90' lang='grc'><strong>3</strong></span> <span class='ocrx_word' id='word_1_304' title='bbox 2093 3508 2318 3586; x_wconf 80' lang='lat' dir='ltr'><em>fecisse</em></span> <span class='ocrx_word' id='word_1_305' title='bbox 2381 3515 2549 3569; x_wconf 89' lang='lat' dir='ltr'><em>recte</em></span> <span class='ocrx_word' id='word_1_306' title='bbox 2606 3512 2677 3568; x_wconf 89' lang='lat' dir='ltr'><em>.l.</em></span> <span class='ocrx_word' id='word_1_307' title='bbox 2733 3527 2859 3569; x_wconf 90' lang='lat' dir='ltr'><em>non</em></span> 
     </span>
     <span class='ocr_line' id='line_1_31' title="bbox 553 3593 2857 3695; baseline -0 -21"><span class='ocrx_word' id='word_1_308' title='bbox 553 3619 810 3676; x_wconf 86' lang='lat' dir='ltr'><em>moleste.</em></span> <span class='ocrx_word' id='word_1_309' title='bbox 887 3617 946 3675; x_wconf 91' lang='lat' dir='ltr'><em>in</em></span> <span class='ocrx_word' id='word_1_310' title='bbox 998 3635 1115 3677; x_wconf 89' lang='lat' dir='ltr'><em>uno</em></span> <span class='ocrx_word' id='word_1_311' title='bbox 1156 3593 1360 3677; x_wconf 84' lang='lat' dir='ltr'><em>codice</em></span> <span class='ocrx_word' id='word_1_312' title='bbox 1398 3616 1444 3675; x_wconf 93' lang='lat' dir='ltr'>B</span> <span class='ocrx_word' id='word_1_313' title='bbox 1493 3616 1698 3676; x_wconf 91' lang='lat' dir='ltr'><em>eadem</em></span> <span class='ocrx_word' id='word_1_314' title='bbox 1741 3615 1938 3676; x_wconf 84' lang='lat' dir='ltr'><em>littera</em></span> <span class='ocrx_word' id='word_1_315' title='bbox 1986 3594 2223 3695; x_wconf 87' lang='lat' dir='ltr'><em>scripta,</em></span> <span class='ocrx_word' id='word_1_316' title='bbox 2264 3613 2366 3675; x_wconf 91' lang='lat' dir='ltr'><em>sed</em></span> <span class='ocrx_word' id='word_1_317' title='bbox 2407 3614 2618 3674; x_wconf 91' lang='lat' dir='ltr'><em>deinde</em></span> <span class='ocrx_word' id='word_1_318' title='bbox 2658 3615 2857 3675; x_wconf 84' lang='lat' dir='ltr'><em>deleta</em></span> 
     </span>
     <span class='ocr_line' id='line_1_32' title="bbox 553 3701 2855 3803; baseline 0 -23"><span class='ocrx_word' id='word_1_319' title='bbox 553 3731 646 3781; x_wconf 88' lang='lat' dir='ltr'><em>est</em></span> <span class='ocrx_word' id='word_1_320' title='bbox 703 3720 729 3780; x_wconf 99' lang='grc' dir='ltr'>Ι</span> <span class='ocrx_word' id='word_1_321' title='bbox 766 3718 871 3803; x_wconf 90' lang='grc'><em>55,</em></span> <span class='ocrx_word' id='word_1_322' title='bbox 917 3720 945 3781; x_wconf 95' lang='grc'>1</span> <span class='ocrx_word' id='word_1_323' title='bbox 999 3743 1032 3784; x_wconf 93' lang='lat' dir='ltr'><em>e</em></span> <span class='ocrx_word' id='word_1_324' title='bbox 1078 3730 1251 3784; x_wconf 88' lang='lat' dir='ltr'><em>terra</em></span> <span class='ocrx_word' id='word_1_325' title='bbox 1298 3727 1322 3783; x_wconf 93' lang='lat' dir='ltr'><em>l</em></span> <span class='ocrx_word' id='word_1_326' title='bbox 1365 3742 1442 3784; x_wconf 88' lang='lat' dir='ltr'><em>ac</em></span> <span class='ocrx_word' id='word_1_327' title='bbox 1487 3726 1690 3803; x_wconf 86' lang='lat' dir='ltr'><em>scalis,</em></span> <span class='ocrx_word' id='word_1_328' title='bbox 1738 3721 1789 3781; x_wconf 89' lang='grc' dir='ltr'><em>ΙΙ</em></span> <span class='ocrx_word' id='word_1_329' title='bbox 1826 3721 1887 3803; x_wconf 88' lang='lat'><em>4,</em></span> <span class='ocrx_word' id='word_1_330' title='bbox 1926 3701 1975 3783; x_wconf 79' lang='grc'><strong>3</strong></span> <span class='ocrx_word' id='word_1_331' title='bbox 2023 3741 2170 3799; x_wconf 72' lang='lat' dir='ltr'><em>erqo</em></span> <span class='ocrx_word' id='word_1_332' title='bbox 2212 3726 2280 3782; x_wconf 93' lang='lat' dir='ltr'><em>.l.</em></span> <span class='ocrx_word' id='word_1_333' title='bbox 2329 3724 2446 3796; x_wconf 82' lang='lat' dir='ltr'><em>qui.</em></span> <span class='ocrx_word' id='word_1_334' title='bbox 2540 3728 2855 3799; x_wconf 89' lang='lat' dir='ltr'><em>praeterea</em></span> 
     </span>
     <span class='ocr_line' id='line_1_33' title="bbox 554 3826 2854 3909; baseline -0 -20"><span class='ocrx_word' id='word_1_335' title='bbox 554 3828 762 3889; x_wconf 91' lang='lat' dir='ltr'><em>eodem</em></span> <span class='ocrx_word' id='word_1_336' title='bbox 822 3829 1127 3907; x_wconf 91' lang='lat' dir='ltr'><em>pertinent</em></span> <span class='ocrx_word' id='word_1_337' title='bbox 1193 3839 1507 3908; x_wconf 81' lang='lat' dir='ltr'><em>corruptae</em></span> <span class='ocrx_word' id='word_1_338' title='bbox 1563 3828 1850 3888; x_wconf 88' lang='lat' dir='ltr'><em>lectiones</em></span> <span class='ocrx_word' id='word_1_339' title='bbox 1915 3847 1985 3887; x_wconf 85' lang='lat' dir='ltr'><em>ex</em></span> <span class='ocrx_word' id='word_1_340' title='bbox 2044 3827 2339 3906; x_wconf 85' lang='lat' dir='ltr'><em>adscripta</em></span> <span class='ocrx_word' id='word_1_341' title='bbox 2402 3826 2599 3887; x_wconf 84' lang='lat' dir='ltr'><em>littera</em></span> <span class='ocrx_word' id='word_1_342' title='bbox 2666 3838 2854 3909; x_wconf 90' lang='lat' dir='ltr'><em>ortae,</em></span> 
     </span>
     <span class='ocr_line' id='line_1_34' title="bbox 552 3929 2853 4014; baseline -0 -20"><span class='ocrx_word' id='word_1_343' title='bbox 552 3933 578 3993; x_wconf 96' lang='grc' dir='ltr'>Ι</span> <span class='ocrx_word' id='word_1_344' title='bbox 616 3929 721 4014; x_wconf 88' lang='grc'><em>55,</em></span> <span class='ocrx_word' id='word_1_345' title='bbox 760 3930 803 3993; x_wconf 89' lang='lat'><em>4</em></span> <span class='ocrx_word' id='word_1_346' title='bbox 850 3935 1100 3996; x_wconf 88' lang='lat' dir='ltr'><em>biluium</em></span> <span class='ocrx_word' id='word_1_347' title='bbox 1149 3944 1207 3995; x_wconf 86' lang='lat' dir='ltr'><em>et</em></span> <span class='ocrx_word' id='word_1_348' title='bbox 1246 3939 1332 3996; x_wconf 91' lang='lat' dir='ltr'><em>ad</em></span> <span class='ocrx_word' id='word_1_349' title='bbox 1377 3938 1578 3996; x_wconf 88' lang='lat' dir='ltr'><em>cibum</em></span> <span class='ocrx_word' id='word_1_350' title='bbox 1626 3939 1887 4009; x_wconf 90' lang='lat' dir='ltr'><em>ledatur,</em></span> <span class='ocrx_word' id='word_1_351' title='bbox 1934 3933 2020 3996; x_wconf 92' lang='grc'><em>64</em></span> <span class='ocrx_word' id='word_1_352' title='bbox 2059 3938 2361 4010; x_wconf 72' lang='lat' dir='ltr'><em>leniliqnis</em></span> <span class='ocrx_word' id='word_1_353' title='bbox 2399 3945 2459 3994; x_wconf 90' lang='lat' dir='ltr'><em>et</em></span> <span class='ocrx_word' id='word_1_354' title='bbox 2506 3942 2573 3994; x_wconf 91' lang='lat' dir='ltr'><em>ut</em></span> <span class='ocrx_word' id='word_1_355' title='bbox 2615 3934 2853 3995; x_wconf 86' lang='lat' dir='ltr'><em>videtur</em></span> 
     </span>
     <span class='ocr_line' id='line_1_35' title="bbox 549 4036 2850 4122; baseline 0 -23"><span class='ocrx_word' id='word_1_356' title='bbox 549 4039 575 4099; x_wconf 99' lang='grc' dir='ltr'>Ι</span> <span class='ocrx_word' id='word_1_357' title='bbox 614 4037 672 4121; x_wconf 98' lang='grc'><em>6,</em></span> <span class='ocrx_word' id='word_1_358' title='bbox 711 4036 751 4100; x_wconf 86' lang='grc'>5</span> <span class='ocrx_word' id='word_1_359' title='bbox 797 4043 1145 4103; x_wconf 82' lang='lat' dir='ltr'><em>hibernales</em></span> <span class='ocrx_word' id='word_1_360' title='bbox 1193 4061 1344 4116; x_wconf 93' lang='lat' dir='ltr'><em>esse,</em></span> <span class='ocrx_word' id='word_1_361' title='bbox 1404 4042 1455 4101; x_wconf 92' lang='lat'><em>11</em></span> <span class='ocrx_word' id='word_1_362' title='bbox 1499 4039 1600 4122; x_wconf 89' lang='grc'><em>10,</em></span> <span class='ocrx_word' id='word_1_363' title='bbox 1639 4038 1677 4101; x_wconf 90' lang='grc'>8</span> <span class='ocrx_word' id='word_1_364' title='bbox 1727 4044 2111 4117; x_wconf 88' lang='lat' dir='ltr'><em>leuuncidas,</em></span> <span class='ocrx_word' id='word_1_365' title='bbox 2183 4038 2282 4122; x_wconf 86' lang='lat'><em>11,</em></span> <span class='ocrx_word' id='word_1_366' title='bbox 2327 4039 2357 4100; x_wconf 95' lang='lat'>1</span> <span class='ocrx_word' id='word_1_367' title='bbox 2409 4041 2583 4101; x_wconf 88' lang='lat' dir='ltr'><em>cibili</em></span> <span class='ocrx_word' id='word_1_368' title='bbox 2635 4058 2850 4102; x_wconf 87' lang='lat' dir='ltr'><em>causa.</em></span> 
     </span>
     <span class='ocr_line' id='line_1_36' title="bbox 549 4144 2850 4227; baseline 0.001 -23"><span class='ocrx_word' id='word_1_369' title='bbox 549 4144 622 4205; x_wconf 91' lang='lat' dir='ltr'><em>de</em></span> <span class='ocrx_word' id='word_1_370' title='bbox 671 4146 1096 4225; x_wconf 84' lang='lat' dir='ltr'><em>significatione</em></span> <span class='ocrx_word' id='word_1_371' title='bbox 1146 4147 1378 4208; x_wconf 88' lang='lat' dir='ltr'><em>litterae</em></span> <span class='ocrx_word' id='word_1_372' title='bbox 1426 4148 1669 4226; x_wconf 89' lang='lat' dir='ltr'><em>plurimi</em></span> <span class='ocrx_word' id='word_1_373' title='bbox 1716 4147 2124 4226; x_wconf 85' lang='lat' dir='ltr'><em>probaverunt</em></span> <span class='ocrx_word' id='word_1_374' title='bbox 2170 4149 2510 4227; x_wconf 91' lang='lat' dir='ltr'><em>opinionem</em></span> <span class='ocrx_word' id='word_1_375' title='bbox 2561 4145 2850 4226; x_wconf 86' lang='lat' dir='ltr'><em>Scaligeri</em></span> 
     </span>
     <span class='ocr_line' id='line_1_37' title="bbox 550 4249 2849 4333; baseline 0 -22"><span class='ocrx_word' id='word_1_376' title='bbox 550 4260 668 4311; x_wconf 89' lang='lat' dir='ltr'><em>not.</em></span> <span class='ocrx_word' id='word_1_377' title='bbox 716 4254 778 4312; x_wconf 92' lang='lat' dir='ltr'><em>in</em></span> <span class='ocrx_word' id='word_1_378' title='bbox 825 4251 988 4313; x_wconf 89' lang='lat' dir='ltr'><em>Varr.</em></span> <span class='ocrx_word' id='word_1_379' title='bbox 1037 4249 1203 4333; x_wconf 86' lang='lat'><em>159,</em></span> <span class='ocrx_word' id='word_1_380' title='bbox 1243 4251 1302 4333; x_wconf 94' lang='grc'><em>2,</em></span> <span class='ocrx_word' id='word_1_381' title='bbox 1351 4256 1453 4332; x_wconf 89' lang='lat' dir='ltr'><em>qui</em></span> <span class='ocrx_word' id='word_1_382' title='bbox 1501 4252 1853 4314; x_wconf 90' lang='lat' dir='ltr'><em>laudabilem</em></span> <span class='ocrx_word' id='word_1_383' title='bbox 1902 4253 2099 4313; x_wconf 91' lang='lat' dir='ltr'><em>locum</em></span> <span class='ocrx_word' id='word_1_384' title='bbox 2148 4271 2214 4312; x_wconf 91' lang='lat' dir='ltr'><em>ea</em></span> <span class='ocrx_word' id='word_1_385' title='bbox 2258 4262 2396 4312; x_wconf 90' lang='lat' dir='ltr'><em>nota</em></span> <span class='ocrx_word' id='word_1_386' title='bbox 2444 4250 2697 4311; x_wconf 86' lang='lat' dir='ltr'><em>indicari</em></span> <span class='ocrx_word' id='word_1_387' title='bbox 2745 4272 2849 4312; x_wconf 85' lang='lat' dir='ltr'><em>ex-</em></span> 
     </span>
     <span class='ocr_line' id='line_1_38' title="bbox 550 4359 2849 4439; baseline 0.001 -22"><span class='ocrx_word' id='word_1_388' title='bbox 550 4360 768 4437; x_wconf 88' lang='lat' dir='ltr'><em>posuit.</em></span> <span class='ocrx_word' id='word_1_389' title='bbox 810 4377 1002 4437; x_wconf 89' lang='lat' dir='ltr'><em>neque</em></span> <span class='ocrx_word' id='word_1_390' title='bbox 1032 4366 1229 4419; x_wconf 91' lang='lat' dir='ltr'><em>tamen</em></span> <span class='ocrx_word' id='word_1_391' title='bbox 1261 4360 1329 4419; x_wconf 93' lang='lat' dir='ltr'><em>ad</em></span> <span class='ocrx_word' id='word_1_392' title='bbox 1362 4379 1537 4420; x_wconf 89' lang='lat' dir='ltr'><em>unam</em></span> <span class='ocrx_word' id='word_1_393' title='bbox 1569 4360 1935 4438; x_wconf 90' lang='lat' dir='ltr'><em>eandemque</em></span> <span class='ocrx_word' id='word_1_394' title='bbox 1967 4360 2327 4419; x_wconf 88' lang='lat' dir='ltr'><em>notationem</em></span> <span class='ocrx_word' id='word_1_395' title='bbox 2355 4361 2550 4418; x_wconf 90' lang='lat' dir='ltr'><em>omnia</em></span> <span class='ocrx_word' id='word_1_396' title='bbox 2582 4359 2849 4439; x_wconf 87' lang='lat' dir='ltr'><em>exempla</em></span> 
     </span>
    </p>
   </div>
   <div class='ocr_carea' id='block_1_3' title="bbox 550 4462 2847 4602">
    <p class='ocr_par' dir='ltr' id='par_1_4' title="bbox 550 4462 2847 4602">
     <span class='ocr_line' id='line_1_39' title="bbox 550 4462 2847 4547; baseline 0.001 -23"><span class='ocrx_word' id='word_1_397' title='bbox 550 4467 819 4524; x_wconf 86' lang='lat' dir='ltr'><em>revocari</em></span> <span class='ocrx_word' id='word_1_398' title='bbox 865 4473 1176 4546; x_wconf 86' lang='lat' dir='ltr'><em>poterunt,</em></span> <span class='ocrx_word' id='word_1_399' title='bbox 1226 4465 1330 4525; x_wconf 91' lang='lat' dir='ltr'><em>sed</em></span> <span class='ocrx_word' id='word_1_400' title='bbox 1387 4486 1454 4526; x_wconf 82' lang='lat' dir='ltr'><em>ex</em></span> <span class='ocrx_word' id='word_1_401' title='bbox 1507 4477 1706 4526; x_wconf 87' lang='lat' dir='ltr'><em>vetere</em></span> <span class='ocrx_word' id='word_1_402' title='bbox 1746 4466 1961 4547; x_wconf 83' lang='lat' dir='ltr'><em>studio,</em></span> <span class='ocrx_word' id='word_1_403' title='bbox 2001 4462 2427 4544; x_wconf 77' lang='lat' dir='ltr'><em>quod&#39;primus</em></span> <span class='ocrx_word' id='word_1_404' title='bbox 2466 4464 2619 4525; x_wconf 88' lang='lat' dir='ltr'><em>liber</em></span> <span class='ocrx_word' id='word_1_405' title='bbox 2659 4468 2847 4545; x_wconf 85' lang='lat' dir='ltr'><em>magis</em></span> 
     </span>
     <span class='ocr_line' id='line_1_40' title="bbox 2519 4558 2534 4602; baseline 0 0"><span class='ocrx_word' id='word_1_406' title='bbox 2519 4558 2534 4602; x_wconf 73' lang='lat' dir='ltr'>s</span> 
     </span>
    </p>
   </div>
  </div>
 </body>
</html>
