3178 5185
826 430 1086 484 RERVM
1123 430 1603 485 RVSTICARVM
1641 431 1775 485 LIB.
1816 431 1893 483 III
1934 429 2103 485 2—3
2487 422 2616 486 233

329 585 567 646 diuidi
634 592 945 664 possunt
991 587 1059 644 in
1106 587 1330 663 prima
1379 593 1581 662 parte
1630 594 1706 646 ut
1752 586 1897 646 sint
1953 603 2128 663 quae
2176 594 2369 646 terra
2421 585 2620 645 modo

324 694 471 754 sint
534 700 924 753 contentae
990 703 1065 753 ut
1130 700 1295 753 sunt
1358 710 1677 771 pauones
1742 699 2078 752 turtures
2136 691 2333 751 turdi
2389 691 2616 752 altera

324 801 571 878 specie
629 808 799 860 sunt
856 818 1031 879 quae
1073 818 1223 860 ‘non
1283 808 1449 860 sunt
1503 806 1891 860 contentae
1950 808 2143 860 terra
2211 797 2475 874 solum]
2545 800 2619 859 In

317 909 527 983 prima
569 914 756 982 parte
811 913 879 966 ut
931 914 1075 967 sunt
1127 924 1286 981 quae
1342 913 1514 967 terra
1569 909 1745 967 moa’o
1800 912 1942 966 sunt
1998 912 2320 966 contentae
2375 904 2619 983 Merula,

326 1015 386 1072 in
428 1015 639 1088 prima
678 1020 865 1088 parte
910 1020 978 1073 ut
1020 1017 1157 1088 sint,
1203 1031 1363 1089 quae
1409 1020 1582 1075 terra
1628 1016 1802 1075 modo
1845 1020 1986 1074 sunt
2021 1019 2322 1087 contenta,
2368 1020 2437 1073 ut
2472 1019 2615 1073 sunt

317 1137 591 1196 pavones
647 1126 921 1180 turtures
977 1123 1163 1181 turdi.
1246 1124 1446 1181 altera
1500 1123 1735 1197 species
1790 1137 1998 1181 eorum
2043 1128 2209 1194 sunt,
2274 1137 2433 1195 quae
2496 1137 2616 1179 non

322 1234 469 1287 sunt
514 1232 799 1287 contenta
847 1231 1246 1288 terrawsolum
1283 1226 1606 1308 lucunduS,
1653 1226 1758 1287 ubi
1801 1244 2010 1288 eorum
2048 1225 2346 1287 Victorius
2384 1225 2621 1305 delevit,

324 1336 546 1395 horum
600 1335 843 1407 singula
900 1341 960 1393 et
1014 1332 1226 1394 deinde
1285 1338 1486 1395 altera
1532 1337 1738 1410 specie
1791 1337 1913 1394 sint
1974 1352 2131 1409 quae
2190 1352 2310 1394 non
2366 1332 2618 1393 Ursinus

324 1442 601 1501 coniecit.
674 1442 895 1500 harum
942 1457 1150 1500 rerum
1193 1443 1438 1516 sinqula
1488 1441 1720 1521 scripsi,
1760 1442 1916 1501 sicut
1961 1458 2141 1518 supra
2189 1440 2480 1518 scriptum
2524 1446 2616 1498 est

322 1551 614 1609 scientem
661 1565 789 1608 esse
836 1553 1072 1622 oportet
1115 1565 1329 1608 earum
1375 1565 1587 1609 rerum
1635 1555 1695 1607 et
1742 1556 1946 1626 postea
1994 1563 2208 1607 earum
2246 1563 2455 1606 rerum
2493 1549 2617 1606 cul·

231 1687 237 1693 ·
331 1662 495 1715 tura.
571 1652 787 1713 deinde
826 1653 1019 1714 addita
1060 1657 1122 1715 in
1151 1656 1592 1734 praepositione
1632 1655 1849 1732 scripsi
1888 1656 1951 1713 in
1990 1657 2189 1714 altera
2216 1656 2419 1730 specie
2454 1660 2620 1713 sunt:

328 1779 464 1820 nam
502 1761 564 1819 in
604 1767 825 1819 mutata
866 1768 1168 1821 structura
1220 1760 1539 1821 verborum
1577 1761 1940 1839 praepositio
1980 1761 2173 1819 omitti
2213 1777 2331 1818 non
2369 1765 2621 1838 poterat,

326 1870 552 1927 harum
599 1883 809 1927 rerum
854 1869 1099 1942 sinyula
1141 1886 1377 1943 qenera
1432 1871 1740 1928 minimum
1799 1869 1860 1926 in
1918 1868 2093 1927 binas
2147 1869 2378 1943 species
2435 1868 2628 1926 dividi

317 1981 589 2051 possunt,
638 1976 700 2033 in
741 1976 948 2049 prima
985 1962 1172 2051 parte
1217 1982 1284 2034 ut
1327 1978 1450 2035 sint
1484 1992 1645 2050 quae
1690 1981 1865 2033 terra
1902 1976 2076 2034 modo
2117 1975 2239 2034 sint
2275 1979 2612 2054 contentae,

327 2088 394 2141 ut
437 2087 583 2140 sunt
619 2098 888 2157 pavones
935 2087 1208 2142 turtures
1255 2084 1452 2142 tura’i:
1505 2084 1568 2142 in
1618 2083 1816 2141 altera
1862 2082 2064 2157 specie
2109 2086 2249 2139 sunt
2295 2097 2453 2154 quae
2499 2097 2620 2140 non

326 2194 467 2248 sunt
513 2193 835 2248 contentae
881 2194 1054 2248 terra
1099 2190 1306 2247 solum.
1383 2187 1657 2247 similiter
1695 2192 1997 2246 structura
2036 2183 2353 2244 verborum
2394 2191 2616 2244 mutata

329 2302 419 2354 est
466 2296 528 2354 in
566 2293 661 2353 his
700 2312 849 2372 quae
889 2293 963 2354 de
1002 2294 1186 2354 altero
1227 2311 1444 2372 genere
1486 2295 1706 2372 scripta
1747 2301 1905 2372 sunt,
1943 2293 2099 2351 duas
2126 2292 2308 2350 habet
2346 2293 2622 2351 diversas

328 2402 587 2476 species,
636 2418 821 2460 unam
868 2404 930 2461 in
978 2418 1101 2476 qua
1148 2408 1237 2461 est
1275 2401 1434 2477 'aper
1482 2417 1715 2477 caprea
1761 2403 1955 2475 lepus,
2009 2401 2208 2457 altera
2256 2399 2394 2457 item
2442 2405 2625 2458 extra

328 2510 530 2567 villam
577 2515 929 2582 quaesunt,
978 2507 1032 2567 h.
1073 2525 1125 2568 e.
1162 2507 1351 2567 altera
1390 2509 1621 2585 species
1659 2507 1801 2566 item
1841 2522 2045 2564 earum
2083 2521 2286 2563 rerum
2327 2510 2436 2577 est,
2477 2522 2626 2582 quae

330 2605 496 2675 extra
544 2613 737 2675 villam
787 2623 945 2675 sunt.
1021 2619 1278 2676 alteram
1326 2623 1509 2676 extra
1556 2618 1758 2676 villam
1806 2615 2062 2674 coniecit
2107 2611 2382 2672 Ursinus,

516 2722 769 2782 Cocleae
817 2720 997 2781 editio
1058 2723 1340 2800 princeps
1396 2739 1426 2780 a
1475 2719 1764 2781 Politiano
1820 2737 1937 2779 non
1996 2725 2263 2778 correcta
2322 2726 2407 2783 etx
2437 2717 2625 2778 codex

330 2827 643 2908 CaesenaS,
691 2831 980 2890 chocleae
1017 2826 1416 2910 Florentinus,
1463 2830 1752 2888 cochleae
1798 2826 1905 2886 alia
1955 2824 2306 2905 apographa.

510 2930 555 2993 4
618 2933 711 2994 De
760 2933 872 2993 his
921 2952 1040 2993 sex
1090 2932 1423 3013 partibus
1472 2932 1550 2993 ad
1589 2934 1729 2992 ista
1770 2934 1911 2992 tria
1950 2949 2213 3011 genera
2256 2932 2625 2992 artificum

275 3024 281 3030 ⁸
331 3040 642 3121 paranda
690 3059 1007 3121 aucupes
1057 3048 1445 3100 uenatores
1492 3042 1899 3119 piscatores
1940 3047 2014 3099 ut
2058 3037 2138 3098 ab
2188 3039 2277 3097 iis
2332 3038 2626 3099 emenda

332 3166 519 3227 quae
576 3156 862 3209 tuorum
920 3165 1299 3208 seruorum
1356 3146 1739 3226 diligentia
1795 3147 2068 3207 tuearis
2124 3147 2195 3205 in
2254 3146 2489 3206 fetura
2547 3145 2628 3206 ad

332 3263 586 3334 partus
617 3262 694 3314 et
732 3262 895 3315 nata
934 3256 1309 3315 nutricare
1349 3255 1769 3334 saginisque
1817 3255 1886 3313 in
1927 3250 2298 3312 macellum
2338 3259 2415 3312 ut
2460 3272 2625 3333 per-

334 3359 569 3439 uiant]
651 3362 980 3423 Nutricari
1040 3359 1337 3421 Victorius
1413 3379 1485 3420 ex
1560 3359 1881 3439 archetypo
1952 3358 2251 3419 adnotavit
2314 3360 2627 3421 manifesto

333 3486 566 3529 errore:
611 3485 747 3527 nam
795 3465 1120 3529 nutricare
1166 3465 1493 3528 Politianus
1540 3475 1602 3527 et
1648 3465 2004 3545 apographa.
2097 3468 2173 3525 ab
2231 3469 2327 3527 his
2374 3470 2629 3529 emenda

337 3608 409 3617 —-
464 3577 789 3636 nutricare
833 3577 1213 3650 sayinesque,
1263 3577 1325 3634 in
1371 3577 1691 3634 macellum
1729 3579 1797 3633 ut
1825 3575 2193 3649 perveniant
2228 3570 2469 3633 Merula.
2551 3577 2627 3635 a⁷e

331 3685 423 3743 his
467 3700 580 3742 sex
619 3682 908 3757 partibus
956 3683 1163 3741 adhuc
1212 3683 1327 3740 ista
1376 3682 1503 3741 tria
1545 3698 1784 3755 qenera
1841 3681 2149 3752 artificum
2206 3683 2627 3756 comparanda

332 3806 601 3865 aucupes
645 3819 719 3827 —
763 3789 1085 3847 nutricare
1140 3790 1581 3867 saqinareque‚
1648 3789 1711 3846 in
1766 3788 2082 3846 macellum
2136 3792 2206 3845 ut
2263 3790 2631 3862 perveniant

331 3893 655 3975 lucunduS,
705 3892 806 3953 ubi
837 3895 1131 3969 paranda
1169 3891 1466 3953 Victorius
1505 3892 1688 3972 dedit,
1732 3892 1960 3972 reliqua
1999 3911 2070 3952 ex
2118 3890 2326 3952 Aldina
2367 3893 2626 3955 editione

333 4000 627 4080 repetivit.
719 4002 795 4060 de
840 4002 935 4059 his
978 4018 1089 4059 sex
1128 4002 1443 4076 partibus:
1507 4003 1594 4060 ad
1636 4003 1793 4061 haec
1848 4003 1964 4060 ista
2022 4002 2146 4059 tria
2189 4017 2427 4074 ⁸aenera
2475 4003 2625 4060 arti-

326 4112 514 4181 ficum
546 4108 858 4187 paranda,
903 4125 1172 4183 aucupes
1209 4114 1529 4169 venatores
1558 4110 1919 4184 piscatores,
1959 4113 2069 4166 aut
2106 4107 2183 4166 ab
2220 4108 2314 4165 his
2352 4110 2625 4181 emenda,

332 4233 490 4290 quae
527 4247 613 4256 —
653 4217 969 4275 nutricere
1024 4217 1388 4290 saqinesque
1435 4213 1724 4295 Scaliger,
1782 4215 1868 4273 ad
1918 4216 2032 4273 has
2076 4231 2189 4273 sex
2237 4219 2453 4289 partes
2510 4217 2628 4274 ista

334 4325 457 4382 tria
491 4338 730 4396 yenera
770 4323 1078 4394 artificum
1116 4324 1554 4397 comparanda,
1604 4338 1872 4396 aucupes
1915 4325 2233 4380 venatores
2262 4321 2625 4395 piscatores,

336 4435 444 4489 aut
490 4429 569 4488 ab
619 4430 714 4487 his
772 4430 1091 4501 sumenda,
1146 4445 1305 4502 quae
1350 4435 1592 4489 tuorum
1647 4443 1962 4488 servorum
2019 4427 2335 4501 diligentia
2394 4430 2630 4488 tuearis

347 4537 408 4594 in
449 4534 667 4611 fetura
715 4552 794 4594 ac
832 4540 1024 4610 partu
1073 4541 1130 4595 et
1174 4537 1491 4595 nutricatu
1526 4537 1896 4613 seminisque,
1935 4536 1998 4593 in
2036 4536 2352 4593 macellum
2391 4539 2458 4593 ut
2487 4553 2630 4611 per-
