<?xml version="1.0" encoding="UTF-8"?>
<!DOCTYPE html PUBLIC "-//W3C//DTD XHTML 1.0 Transitional//EN"
    "http://www.w3.org/TR/xhtml1/DTD/xhtml1-transitional.dtd">
<html xmlns="http://www.w3.org/1999/xhtml" xml:lang="en" lang="en">
 <head>
  <title>
</title>
<meta http-equiv="Content-Type" content="text/html;charset=utf-8" />
  <meta name='ocr-system' content='tesseract 3.04.00' />
  <meta name='ocr-capabilities' content='ocr_page ocr_carea ocr_par ocr_line ocrx_word'/>
</head>
<body>
  <div class='ocr_page' id='page_1' title='image "./mporcicatonisde01catogoog_0465.png"; bbox 0 0 3178 5185; ppageno 0'>
   <div class='ocr_carea' id='block_1_1' title="bbox 776 398 2640 493">
    <p class='ocr_par' dir='ltr' id='par_1_1' title="bbox 776 398 2640 493">
     <span class='ocr_line' id='line_1_1' title="bbox 776 398 2640 493; baseline 0.003 -10"><span class='ocrx_word' id='word_1_1' title='bbox 776 398 786 407; x_wconf 77' lang='grc'><strong><em>’</em></strong></span> <span class='ocrx_word' id='word_1_2' title='bbox 851 430 1110 493; x_wconf 67' lang='lat' dir='ltr'>RERVM</span> <span class='ocrx_word' id='word_1_3' title='bbox 1147 429 1627 486; x_wconf 78' lang='lat' dir='ltr'>Rvs&#39;rloARVM</span> <span class='ocrx_word' id='word_1_4' title='bbox 1662 432 1795 488; x_wconf 71' lang='grc' dir='ltr'>ΜΒ.</span> <span class='ocrx_word' id='word_1_5' title='bbox 1833 434 1884 486; x_wconf 85' lang='lat' dir='ltr'>n</span> <span class='ocrx_word' id='word_1_6' title='bbox 1927 431 2179 487; x_wconf 88' lang='lat'>10—11</span> <span class='ocrx_word' id='word_1_7' title='bbox 2515 426 2640 489; x_wconf 80' lang='lat'>211</span> 
     </span>
    </p>
   </div>
   <div class='ocr_carea' id='block_1_2' title="bbox 264 581 2649 4519">
    <p class='ocr_par' dir='ltr' id='par_1_2' title="bbox 349 581 2649 1302">
     <span class='ocr_line' id='line_1_2' title="bbox 365 581 2649 664; baseline 0.004 -23"><span class='ocrx_word' id='word_1_8' title='bbox 365 581 747 664; x_wconf 88' lang='lat' dir='ltr'>exemplaria,</span> <span class='ocrx_word' id='word_1_9' title='bbox 803 583 904 644; x_wconf 89' lang='lat' dir='ltr'>ubi</span> <span class='ocrx_word' id='word_1_10' title='bbox 960 584 1213 645; x_wconf 84' lang='lat' dir='ltr'><strong>Ursinus</strong></span> <span class='ocrx_word' id='word_1_11' title='bbox 1278 605 1348 645; x_wconf 88' lang='lat' dir='ltr'>ex</span> <span class='ocrx_word' id='word_1_12' title='bbox 1407 582 1636 647; x_wconf 75' lang='lat' dir='ltr'>‘vetere</span> <span class='ocrx_word' id='word_1_13' title='bbox 1702 582 1936 647; x_wconf 89' lang='lat' dir='ltr'>codice&#39;</span> <span class='ocrx_word' id='word_1_14' title='bbox 1988 606 2210 664; x_wconf 70' lang='lat' dir='ltr'>qreyes</span> <span class='ocrx_word' id='word_1_15' title='bbox 2273 592 2475 650; x_wconf 87' lang='lat' dir='ltr'>ouium</span> <span class='ocrx_word' id='word_1_16' title='bbox 2538 593 2649 650; x_wconf 83' lang='lat' dir='ltr'>sed</span> 
     </span>
     <span class='ocr_line' id='line_1_3' title="bbox 366 691 2641 775; baseline 0.004 -27"><span class='ocrx_word' id='word_1_17' title='bbox 366 692 576 764; x_wconf 73' lang='lat' dir='ltr'>maqni</span> <span class='ocrx_word' id='word_1_18' title='bbox 639 691 951 751; x_wconf 80' lang='lat' dir='ltr'>adnotavit.</span> <span class='ocrx_word' id='word_1_19' title='bbox 1044 692 1115 751; x_wconf 91' lang='lat' dir='ltr'>de</span> <span class='ocrx_word' id='word_1_20' title='bbox 1182 704 1799 772; x_wconf 81' lang='lat' dir='ltr'>numero.pastorum</span> <span class='ocrx_word' id='word_1_21' title='bbox 1866 697 1906 754; x_wconf 90' lang='lat' dir='ltr'>ii</span> <span class='ocrx_word' id='word_1_22' title='bbox 1974 699 2073 774; x_wconf 89' lang='lat' dir='ltr'>qui</span> <span class='ocrx_word' id='word_1_23' title='bbox 2143 714 2382 775; x_wconf 88' lang='lat' dir='ltr'>magnos</span> <span class='ocrx_word' id='word_1_24' title='bbox 2447 698 2641 756; x_wconf 89' lang='lat' dir='ltr'>ovium</span> 
     </span>
     <span class='ocr_line' id='line_1_4' title="bbox 360 797 2644 882; baseline 0.003 -27"><span class='ocrx_word' id='word_1_25' title='bbox 360 814 571 875; x_wconf 83' lang='lat' dir='ltr'><strong>greges</strong></span> <span class='ocrx_word' id='word_1_26' title='bbox 612 797 830 857; x_wconf 90' lang='lat' dir='ltr'>habent</span> <span class='ocrx_word' id='word_1_27' title='bbox 869 798 1098 858; x_wconf 76' lang='lat' dir='ltr'>facilius</span> <span class='ocrx_word' id='word_1_28' title='bbox 1137 800 1445 860; x_wconf 76' lang='lat' dir='ltr'>detrahere</span> <span class='ocrx_word' id='word_1_29' title='bbox 1486 811 1750 880; x_wconf 87' lang='lat' dir='ltr'>possunt,</span> <span class='ocrx_word' id='word_1_30' title='bbox 1782 821 1956 881; x_wconf 89' lang='lat' dir='ltr'>quam</span> <span class='ocrx_word' id='word_1_31' title='bbox 1988 805 2090 882; x_wconf 87' lang='lat' dir='ltr'>qui</span> <span class='ocrx_word' id='word_1_32' title='bbox 2129 805 2387 862; x_wconf 92' lang='lat' dir='ltr'>minores</span> <span class='ocrx_word' id='word_1_33' title='bbox 2426 803 2644 862; x_wconf 88' lang='lat' dir='ltr'>habent</span> 
     </span>
     <span class='ocr_line' id='line_1_5' title="bbox 358 904 2643 989; baseline 0.004 -28"><span class='ocrx_word' id='word_1_34' title='bbox 358 921 585 982; x_wconf 76' lang='lat' dir='ltr'>greges</span> <span class='ocrx_word' id='word_1_35' title='bbox 681 904 749 964; x_wconf 89' lang='lat' dir='ltr'>ad</span> <span class='ocrx_word' id='word_1_36' title='bbox 809 905 957 964; x_wconf 79' lang='lat' dir='ltr'>hanc</span> <span class='ocrx_word' id='word_1_37' title='bbox 1014 910 1365 966; x_wconf 87' lang='lat' dir='ltr'>sententiam</span> <span class='ocrx_word' id='word_1_38' title='bbox 1424 919 1760 988; x_wconf 80' lang='lat' dir='ltr'>corruptam</span> <span class='ocrx_word' id='word_1_39' title='bbox 1810 910 2110 989; x_wconf 82' lang='lat' dir='ltr'>archetypi</span> <span class='ocrx_word' id='word_1_40' title='bbox 2167 912 2519 989; x_wconf 85' lang='lat' dir='ltr'>scripturam</span> <span class='ocrx_word' id='word_1_41' title='bbox 2583 913 2643 970; x_wconf 90' lang='lat' dir='ltr'>in</span> 
     </span>
     <span class='ocr_line' id='line_1_6' title="bbox 359 1010 2643 1097; baseline 0.004 -28"><span class='ocrx_word' id='word_1_42' title='bbox 359 1010 514 1071; x_wconf 90' lang='lat' dir='ltr'>hunc</span> <span class='ocrx_word' id='word_1_43' title='bbox 581 1011 822 1072; x_wconf 90' lang='lat' dir='ltr'>modum</span> <span class='ocrx_word' id='word_1_44' title='bbox 891 1012 1276 1092; x_wconf 85' lang='lat' dir='ltr'>conformavi,</span> <span class='ocrx_word' id='word_1_45' title='bbox 1337 1033 1559 1090; x_wconf 69' lang='lat' dir='ltr'>qreqes</span> <span class='ocrx_word' id='word_1_46' title='bbox 1624 1019 1817 1076; x_wconf 85' lang='lat' dir='ltr'>ovium</span> <span class='ocrx_word' id='word_1_47' title='bbox 1881 1020 1937 1077; x_wconf 85' lang='lat' dir='ltr'>si</span> <span class='ocrx_word' id='word_1_48' title='bbox 1996 1024 2136 1077; x_wconf 85' lang='lat' dir='ltr'>sunt</span> <span class='ocrx_word' id='word_1_49' title='bbox 2199 1021 2430 1097; x_wconf 73' lang='lat' dir='ltr'>maqni,</span> <span class='ocrx_word' id='word_1_50' title='bbox 2494 1035 2643 1092; x_wconf 84' lang='lat' dir='ltr'>quos</span> 
     </span>
     <span class='ocr_line' id='line_1_7' title="bbox 356 1119 2643 1201; baseline 0.004 -24"><span class='ocrx_word' id='word_1_51' title='bbox 356 1121 656 1180; x_wconf 79' lang='lat' dir='ltr'>miliarias</span> <span class='ocrx_word' id='word_1_52' title='bbox 695 1119 944 1195; x_wconf 83' lang='lat' dir='ltr'>faciunt</span> <span class='ocrx_word' id='word_1_53' title='bbox 988 1125 1251 1201; x_wconf 82' lang='lat' dir='ltr'>quidam,</span> <span class='ocrx_word' id='word_1_54' title='bbox 1284 1121 1537 1197; x_wconf 79' lang='lat' dir='ltr'>facilius</span> <span class='ocrx_word' id='word_1_55' title='bbox 1584 1126 1659 1184; x_wconf 83' lang='lat' dir='ltr'>de</span> <span class='ocrx_word' id='word_1_56' title='bbox 1704 1142 1934 1185; x_wconf 88' lang='lat' dir='ltr'>summa</span> <span class='ocrx_word' id='word_1_57' title='bbox 1971 1127 2272 1186; x_wconf 82' lang='lat' dir='ltr'>hominum</span> <span class='ocrx_word' id='word_1_58' title='bbox 2316 1128 2643 1186; x_wconf 82' lang='lat' dir='ltr'>detrahere</span> 
     </span>
     <span class='ocr_line' id='line_1_8' title="bbox 349 1230 1306 1302; baseline 0.004 -16"><span class='ocrx_word' id='word_1_59' title='bbox 349 1230 562 1302; x_wconf 81' lang='lat' dir='ltr'>possis,</span> <span class='ocrx_word' id='word_1_60' title='bbox 612 1246 793 1301; x_wconf 83' lang='lat' dir='ltr'>quam</span> <span class='ocrx_word' id='word_1_61' title='bbox 840 1231 914 1289; x_wconf 85' lang='lat' dir='ltr'>de</span> <span class='ocrx_word' id='word_1_62' title='bbox 960 1232 1306 1290; x_wconf 80' lang='lat' dir='ltr'>minoribus,</span> 
     </span>
    </p>

    <p class='ocr_par' dir='ltr' id='par_1_3' title="bbox 348 1314 2643 2574">
     <span class='ocr_line' id='line_1_9' title="bbox 532 1314 2641 1417; baseline 0.003 -24"><span class='ocrx_word' id='word_1_63' title='bbox 532 1331 620 1393; x_wconf 91' lang='lat' dir='ltr'>Ut</span> <span class='ocrx_word' id='word_1_64' title='bbox 672 1344 837 1394; x_wconf 90' lang='lat' dir='ltr'>sunt</span> <span class='ocrx_word' id='word_1_65' title='bbox 884 1345 952 1394; x_wconf 91' lang='lat' dir='ltr'>et</span> <span class='ocrx_word' id='word_1_66' title='bbox 999 1339 1096 1396; x_wconf 86' lang='lat' dir='ltr'>ait</span> <span class='ocrx_word' id='word_1_67' title='bbox 1143 1338 1274 1396; x_wconf 87' lang='lat' dir='ltr'>tici</span> <span class='ocrx_word' id='word_1_68' title='bbox 1322 1347 1390 1396; x_wconf 92' lang='lat' dir='ltr'>et</span> <span class='ocrx_word' id='word_1_69' title='bbox 1436 1337 1569 1396; x_wconf 93' lang='lat' dir='ltr'>mel</span> <span class='ocrx_word' id='word_1_70' title='bbox 1620 1341 2118 1417; x_wconf 88' lang='lat' dir='ltr'>septingenari</span> <span class='ocrx_word' id='word_1_71' title='bbox 2175 1341 2359 1400; x_wconf 90' lang='lat' dir='ltr'>enim</span> <span class='ocrx_word' id='word_1_72' title='bbox 2419 1357 2516 1399; x_wconf 90' lang='lat' dir='ltr'>me</span> <span class='ocrx_word' id='word_1_73' title='bbox 2566 1314 2641 1400; x_wconf 79' lang='lat' dir='ltr'>tu</span> 
     </span>
     <span class='ocr_line' id='line_1_10' title="bbox 355 1443 2640 1521; baseline 0.004 -23"><span class='ocrx_word' id='word_1_74' title='bbox 355 1443 619 1519; x_wconf 91' lang='lat' dir='ltr'>opinor</span> <span class='ocrx_word' id='word_1_75' title='bbox 686 1444 1230 1521; x_wconf 89' lang='lat' dir='ltr'>octingenarius</span> <span class='ocrx_word' id='word_1_76' title='bbox 1295 1443 1618 1504; x_wconf 83' lang='lat' dir='ltr'>habuisti</span> <span class='ocrx_word' id='word_1_77' title='bbox 1685 1462 1814 1504; x_wconf 89' lang='lat' dir='ltr'>nec</span> <span class='ocrx_word' id='word_1_78' title='bbox 1880 1454 2111 1505; x_wconf 89' lang='lat' dir='ltr'>tamen</span> <span class='ocrx_word' id='word_1_79' title='bbox 2177 1464 2314 1506; x_wconf 89' lang='lat' dir='ltr'>non</span> <span class='ocrx_word' id='word_1_80' title='bbox 2381 1455 2454 1506; x_wconf 90' lang='lat' dir='ltr'>ut</span> <span class='ocrx_word' id='word_1_81' title='bbox 2516 1465 2640 1506; x_wconf 92' lang='lat' dir='ltr'>nos</span> 
     </span>
     <span class='ocr_line' id='line_1_11' title="bbox 354 1549 2638 1630; baseline 0.004 -24"><span class='ocrx_word' id='word_1_82' title='bbox 354 1550 664 1608; x_wconf 85' lang='lat' dir='ltr'>arietum</span> <span class='ocrx_word' id='word_1_83' title='bbox 712 1549 1069 1610; x_wconf 89' lang='lat' dir='ltr'>decumam</span> <span class='ocrx_word' id='word_1_84' title='bbox 1118 1549 1419 1630; x_wconf 83' lang='lat' dir='ltr'>partem]</span> <span class='ocrx_word' id='word_1_85' title='bbox 1479 1552 1551 1612; x_wconf 82' lang='lat' dir='ltr'>Ut</span> <span class='ocrx_word' id='word_1_86' title='bbox 1593 1560 1736 1612; x_wconf 84' lang='lat' dir='ltr'>sunt</span> <span class='ocrx_word' id='word_1_87' title='bbox 1780 1560 1839 1612; x_wconf 88' lang='lat' dir='ltr'>et</span> <span class='ocrx_word' id='word_1_88' title='bbox 1884 1555 2072 1613; x_wconf 81' lang='lat' dir='ltr'>Attici</span> <span class='ocrx_word' id='word_1_89' title='bbox 2113 1561 2174 1614; x_wconf 88' lang='lat' dir='ltr'>et</span> <span class='ocrx_word' id='word_1_90' title='bbox 2216 1558 2348 1614; x_wconf 89' lang='lat' dir='ltr'>mei.</span> <span class='ocrx_word' id='word_1_91' title='bbox 2420 1557 2638 1630; x_wconf 81' lang='lat' dir='ltr'>septin-</span> 
     </span>
     <span class='ocr_line' id='line_1_12' title="bbox 348 1645 2643 1739; baseline 0.003 -24"><span class='ocrx_word' id='word_1_92' title='bbox 348 1645 621 1729; x_wconf 65' lang='lat' dir='ltr'>aenarii&#39;</span> <span class='ocrx_word' id='word_1_93' title='bbox 665 1661 817 1717; x_wconf 88' lang='lat' dir='ltr'>enim</span> <span class='ocrx_word' id='word_1_94' title='bbox 882 1661 1023 1739; x_wconf 86' lang='lat' dir='ltr'>mei,</span> <span class='ocrx_word' id='word_1_95' title='bbox 1081 1666 1144 1719; x_wconf 89' lang='lat' dir='ltr'>tu</span> <span class='ocrx_word' id='word_1_96' title='bbox 1201 1662 1441 1735; x_wconf 83' lang='lat' dir='ltr'>opinor,</span> <span class='ocrx_word' id='word_1_97' title='bbox 1501 1663 1953 1735; x_wconf 70' lang='lat' dir='ltr'>oetinyenarios</span> <span class='ocrx_word' id='word_1_98' title='bbox 2008 1661 2277 1720; x_wconf 80' lang='lat' dir='ltr'>habuisti</span> <span class='ocrx_word' id='word_1_99' title='bbox 2319 1659 2643 1721; x_wconf 88' lang='lat' dir='ltr'>Victorius:</span> 
     </span>
     <span class='ocr_line' id='line_1_13' title="bbox 360 1765 2642 1847; baseline 0.003 -26"><span class='ocrx_word' id='word_1_100' title='bbox 360 1781 490 1822; x_wconf 85' lang='lat' dir='ltr'>uam</span> <span class='ocrx_word' id='word_1_101' title='bbox 541 1772 612 1824; x_wconf 88' lang='lat' dir='ltr'>ut</span> <span class='ocrx_word' id='word_1_102' title='bbox 654 1773 796 1825; x_wconf 84' lang='lat' dir='ltr'>sunt</span> <span class='ocrx_word' id='word_1_103' title='bbox 833 1772 893 1826; x_wconf 85' lang='lat' dir='ltr'>et</span> <span class='ocrx_word' id='word_1_104' title='bbox 929 1767 1120 1826; x_wconf 81' lang='lat' dir='ltr'>Attici</span> <span class='ocrx_word' id='word_1_105' title='bbox 1160 1768 1222 1825; x_wconf 96' lang='lat' dir='ltr'>in</span> <span class='ocrx_word' id='word_1_106' title='bbox 1263 1765 1518 1826; x_wconf 87' lang='lat' dir='ltr'>editione</span> <span class='ocrx_word' id='word_1_107' title='bbox 1567 1766 1746 1847; x_wconf 89' lang='lat' dir='ltr'>dedit,</span> <span class='ocrx_word' id='word_1_108' title='bbox 1784 1774 1853 1827; x_wconf 91' lang='lat' dir='ltr'>ut</span> <span class='ocrx_word' id='word_1_109' title='bbox 1886 1774 2029 1827; x_wconf 86' lang='lat' dir='ltr'>sunt</span> <span class='ocrx_word' id='word_1_110' title='bbox 2062 1769 2253 1828; x_wconf 82' lang='lat' dir='ltr'>Attici</span> <span class='ocrx_word' id='word_1_111' title='bbox 2295 1768 2642 1830; x_wconf 79' lang='lat' dir='ltr'>Tremellius</span> 
     </span>
     <span class='ocr_line' id='line_1_14' title="bbox 353 1870 2638 1953; baseline 0.004 -25"><span class='ocrx_word' id='word_1_112' title='bbox 353 1870 507 1930; x_wconf 88' lang='lat' dir='ltr'>edita</span> <span class='ocrx_word' id='word_1_113' title='bbox 549 1880 686 1932; x_wconf 90' lang='lat' dir='ltr'>ante</span> <span class='ocrx_word' id='word_1_114' title='bbox 724 1870 1049 1933; x_wconf 88' lang='lat' dir='ltr'>Victorium</span> <span class='ocrx_word' id='word_1_115' title='bbox 1099 1872 1468 1952; x_wconf 84' lang='lat' dir='ltr'>exemplaria.</span> <span class='ocrx_word' id='word_1_116' title='bbox 1536 1876 2006 1952; x_wconf 88' lang='lat' dir='ltr'>septingenarios</span> <span class='ocrx_word' id='word_1_117' title='bbox 2053 1893 2263 1953; x_wconf 84' lang='lat' dir='ltr'>greges</span> <span class='ocrx_word' id='word_1_118' title='bbox 2311 1894 2373 1935; x_wconf 92' lang='lat' dir='ltr'>se</span> <span class='ocrx_word' id='word_1_119' title='bbox 2421 1875 2638 1936; x_wconf 88' lang='lat' dir='ltr'>habere</span> 
     </span>
     <span class='ocr_line' id='line_1_15' title="bbox 352 1975 2639 2061; baseline 0.003 -25"><span class='ocrx_word' id='word_1_120' title='bbox 352 1975 495 2038; x_wconf 91' lang='lat' dir='ltr'>dicit</span> <span class='ocrx_word' id='word_1_121' title='bbox 546 1978 880 2060; x_wconf 80' lang='lat' dir='ltr'>CossiniuS,</span> <span class='ocrx_word' id='word_1_122' title='bbox 928 1979 1275 2060; x_wconf 88' lang='lat' dir='ltr'>Varronem,</span> <span class='ocrx_word' id='word_1_123' title='bbox 1333 1979 1401 2039; x_wconf 93' lang='lat' dir='ltr'>ad</span> <span class='ocrx_word' id='word_1_124' title='bbox 1468 1998 1645 2059; x_wconf 89' lang='lat' dir='ltr'>quem</span> <span class='ocrx_word' id='word_1_125' title='bbox 1711 1980 1856 2040; x_wconf 90' lang='lat' dir='ltr'>haec</span> <span class='ocrx_word' id='word_1_126' title='bbox 1922 1980 2075 2040; x_wconf 84' lang='lat' dir='ltr'>dicta</span> <span class='ocrx_word' id='word_1_127' title='bbox 2142 1989 2306 2061; x_wconf 87' lang='lat' dir='ltr'>sunt,</span> <span class='ocrx_word' id='word_1_128' title='bbox 2363 1981 2639 2042; x_wconf 90' lang='lat' dir='ltr'>habuisse</span> 
     </span>
     <span class='ocr_line' id='line_1_16' title="bbox 352 2086 2636 2168; baseline 0.003 -25"><span class='ocrx_word' id='word_1_129' title='bbox 352 2086 812 2167; x_wconf 79' lang='lat' dir='ltr'>octingenarioS,</span> <span class='ocrx_word' id='word_1_130' title='bbox 853 2087 953 2146; x_wconf 90' lang='lat' dir='ltr'>sed</span> <span class='ocrx_word' id='word_1_131' title='bbox 1005 2095 1218 2168; x_wconf 87' lang='lat' dir='ltr'>tamen,</span> <span class='ocrx_word' id='word_1_132' title='bbox 1259 2089 1413 2147; x_wconf 90' lang='lat' dir='ltr'>sicut</span> <span class='ocrx_word' id='word_1_133' title='bbox 1452 2098 1510 2147; x_wconf 91' lang='lat' dir='ltr'>et</span> <span class='ocrx_word' id='word_1_134' title='bbox 1549 2090 1674 2166; x_wconf 90' lang='lat' dir='ltr'>ipse</span> <span class='ocrx_word' id='word_1_135' title='bbox 1722 2086 1933 2147; x_wconf 90' lang='lat' dir='ltr'>habeat</span> <span class='ocrx_word' id='word_1_136' title='bbox 1971 2095 2029 2146; x_wconf 93' lang='lat' dir='ltr'>et</span> <span class='ocrx_word' id='word_1_137' title='bbox 2066 2087 2313 2165; x_wconf 81' lang='lat' dir='ltr'>AtticuS,</span> <span class='ocrx_word' id='word_1_138' title='bbox 2352 2088 2636 2149; x_wconf 85' lang='lat' dir='ltr'>decimam</span> 
     </span>
     <span class='ocr_line' id='line_1_17' title="bbox 352 2193 2641 2273; baseline 0.002 -22"><span class='ocrx_word' id='word_1_139' title='bbox 352 2202 582 2270; x_wconf 90' lang='lat' dir='ltr'>partem</span> <span class='ocrx_word' id='word_1_140' title='bbox 632 2211 876 2272; x_wconf 75' lang='lat' dir='ltr'>gregum</span> <span class='ocrx_word' id='word_1_141' title='bbox 927 2197 1159 2255; x_wconf 86' lang='lat' dir='ltr'>arietes.</span> <span class='ocrx_word' id='word_1_142' title='bbox 1244 2194 1515 2254; x_wconf 90' lang='lat' dir='ltr'>similiter</span> <span class='ocrx_word' id='word_1_143' title='bbox 1560 2197 1620 2254; x_wconf 91' lang='lat' dir='ltr'>in</span> <span class='ocrx_word' id='word_1_144' title='bbox 1669 2193 1949 2273; x_wconf 85' lang='lat' dir='ltr'>gregibus</span> <span class='ocrx_word' id='word_1_145' title='bbox 1997 2212 2306 2273; x_wconf 89' lang='lat' dir='ltr'>caprarum</span> <span class='ocrx_word' id='word_1_146' title='bbox 2357 2215 2641 2256; x_wconf 88' lang='lat' dir='ltr'>numerus</span> 
     </span>
     <span class='ocr_line' id='line_1_18' title="bbox 354 2296 2637 2382; baseline 0.003 -26"><span class='ocrx_word' id='word_1_147' title='bbox 354 2296 659 2360; x_wconf 89' lang='lat' dir='ltr'>hircorum</span> <span class='ocrx_word' id='word_1_148' title='bbox 721 2299 999 2360; x_wconf 82' lang='lat' dir='ltr'>definitus</span> <span class='ocrx_word' id='word_1_149' title='bbox 1057 2311 1147 2361; x_wconf 89' lang='lat' dir='ltr'>est</span> <span class='ocrx_word' id='word_1_150' title='bbox 1203 2298 1351 2381; x_wconf 85' lang='lat'>113,</span> <span class='ocrx_word' id='word_1_151' title='bbox 1395 2297 1504 2382; x_wconf 90' lang='lat'>10,</span> <span class='ocrx_word' id='word_1_152' title='bbox 1559 2303 1619 2360; x_wconf 92' lang='lat' dir='ltr'>in</span> <span class='ocrx_word' id='word_1_153' title='bbox 1677 2300 1956 2379; x_wconf 72' lang='lat' dir='ltr'>gregibus</span> <span class='ocrx_word' id='word_1_154' title='bbox 2011 2303 2205 2361; x_wconf 87' lang='lat' dir='ltr'>ovium</span> <span class='ocrx_word' id='word_1_155' title='bbox 2265 2312 2459 2362; x_wconf 87' lang='lat' dir='ltr'>autern</span> <span class='ocrx_word' id='word_1_156' title='bbox 2508 2300 2637 2363; x_wconf 80' lang='lat'>112</span> 
     </span>
     <span class='ocr_line' id='line_1_19' title="bbox 352 2405 2638 2488; baseline 0.002 -23"><span class='ocrx_word' id='word_1_157' title='bbox 352 2405 421 2464; x_wconf 94' lang='lat' dir='ltr'>de</span> <span class='ocrx_word' id='word_1_158' title='bbox 470 2405 759 2466; x_wconf 88' lang='lat' dir='ltr'>arietibus</span> <span class='ocrx_word' id='word_1_159' title='bbox 808 2405 953 2466; x_wconf 89' lang='lat' dir='ltr'>nihil</span> <span class='ocrx_word' id='word_1_160' title='bbox 1000 2416 1409 2488; x_wconf 86' lang='lat' dir='ltr'>praeceptum,</span> <span class='ocrx_word' id='word_1_161' title='bbox 1458 2408 1558 2467; x_wconf 91' lang='lat' dir='ltr'>sed</span> <span class='ocrx_word' id='word_1_162' title='bbox 1620 2407 1691 2466; x_wconf 90' lang='lat' dir='ltr'>de</span> <span class='ocrx_word' id='word_1_163' title='bbox 1752 2427 1998 2468; x_wconf 87' lang='lat' dir='ltr'>numero</span> <span class='ocrx_word' id='word_1_164' title='bbox 2054 2416 2358 2488; x_wconf 90' lang='lat' dir='ltr'>pastorum</span> <span class='ocrx_word' id='word_1_165' title='bbox 2415 2409 2638 2470; x_wconf 88' lang='lat' dir='ltr'>dictum</span> 
     </span>
     <span class='ocr_line' id='line_1_20' title="bbox 356 2510 867 2574; baseline 0 -1"><span class='ocrx_word' id='word_1_166' title='bbox 356 2521 446 2574; x_wconf 89' lang='lat' dir='ltr'>est</span> <span class='ocrx_word' id='word_1_167' title='bbox 492 2513 714 2573; x_wconf 88' lang='lat' dir='ltr'>ibidem</span> <span class='ocrx_word' id='word_1_168' title='bbox 765 2510 867 2574; x_wconf 80' lang='lat'>20.</span> 
     </span>
    </p>

    <p class='ocr_par' dir='ltr' id='par_1_4' title="bbox 264 2620 2642 4307">
     <span class='ocr_line' id='line_1_21' title="bbox 535 2620 2638 2702; baseline 0.001 -21"><span class='ocrx_word' id='word_1_169' title='bbox 535 2620 791 2701; x_wconf 86' lang='lat' dir='ltr'>Utique</span> <span class='ocrx_word' id='word_1_170' title='bbox 838 2629 1143 2701; x_wconf 90' lang='lat' dir='ltr'>uterque</span> <span class='ocrx_word' id='word_1_171' title='bbox 1200 2622 1452 2683; x_wconf 91' lang='lat' dir='ltr'>horum</span> <span class='ocrx_word' id='word_1_172' title='bbox 1509 2631 1584 2682; x_wconf 91' lang='lat' dir='ltr'>ut</span> <span class='ocrx_word' id='word_1_173' title='bbox 1641 2641 1880 2684; x_wconf 91' lang='lat' dir='ltr'>secum</span> <span class='ocrx_word' id='word_1_174' title='bbox 1938 2622 2194 2683; x_wconf 88' lang='lat' dir='ltr'>habeat</span> <span class='ocrx_word' id='word_1_175' title='bbox 2249 2641 2466 2702; x_wconf 87' lang='lat' dir='ltr'>equas</span> <span class='ocrx_word' id='word_1_176' title='bbox 2523 2625 2638 2684; x_wconf 93' lang='lat' dir='ltr'>do-</span> 
     </span>
     <span class='ocr_line' id='line_1_22' title="bbox 351 2708 2642 2809; baseline 0.002 -22"><span class='ocrx_word' id='word_1_177' title='bbox 351 2732 561 2788; x_wconf 86' lang='lat' dir='ltr'>mitas</span> <span class='ocrx_word' id='word_1_178' title='bbox 627 2708 964 2807; x_wconf 60' lang='lat' dir='ltr'>singulas‘</span> <span class='ocrx_word' id='word_1_179' title='bbox 1019 2732 1088 2789; x_wconf 90' lang='lat' dir='ltr'>in</span> <span class='ocrx_word' id='word_1_180' title='bbox 1154 2730 1264 2789; x_wconf 89' lang='lat' dir='ltr'>his</span> <span class='ocrx_word' id='word_1_181' title='bbox 1332 2729 1755 2809; x_wconf 88' lang='lat' dir='ltr'>regionibus</span> <span class='ocrx_word' id='word_1_182' title='bbox 1819 2733 1889 2789; x_wconf 91' lang='lat' dir='ltr'>in</span> <span class='ocrx_word' id='word_1_183' title='bbox 1956 2730 2219 2809; x_wconf 91' lang='lat' dir='ltr'>quibus</span> <span class='ocrx_word' id='word_1_184' title='bbox 2285 2730 2642 2792; x_wconf 89' lang='lat' dir='ltr'>stabulari</span> 
     </span>
     <span class='ocr_line' id='line_1_23' title="bbox 350 2835 2639 2929; baseline 0.002 -35"><span class='ocrx_word' id='word_1_185' title='bbox 350 2836 589 2895; x_wconf 83' lang='lat' dir='ltr'>solent</span> <span class='ocrx_word' id='word_1_186' title='bbox 637 2855 856 2929; x_wconf 66' lang='lat' dir='ltr'>equas</span> <span class='ocrx_word' id='word_1_187' title='bbox 904 2835 1192 2916; x_wconf 89' lang='lat' dir='ltr'>abigere</span> <span class='ocrx_word' id='word_1_188' title='bbox 1241 2845 1317 2897; x_wconf 92' lang='lat' dir='ltr'>ut</span> <span class='ocrx_word' id='word_1_189' title='bbox 1363 2839 1433 2897; x_wconf 92' lang='lat' dir='ltr'>in</span> <span class='ocrx_word' id='word_1_190' title='bbox 1481 2838 1717 2917; x_wconf 90' lang='lat' dir='ltr'>apulia</span> <span class='ocrx_word' id='word_1_191' title='bbox 1765 2847 1833 2897; x_wconf 91' lang='lat' dir='ltr'>et</span> <span class='ocrx_word' id='word_1_192' title='bbox 1878 2839 1948 2896; x_wconf 92' lang='lat' dir='ltr'>in</span> <span class='ocrx_word' id='word_1_193' title='bbox 1995 2836 2307 2897; x_wconf 88' lang='lat' dir='ltr'>lucaniis</span> <span class='ocrx_word' id='word_1_194' title='bbox 2369 2837 2639 2900; x_wconf 82' lang='lat' dir='ltr'>accidit</span> 
     </span>
     <span class='ocr_line' id='line_1_24' title="bbox 351 2940 2640 3023; baseline 0.001 -20"><span class='ocrx_word' id='word_1_195' title='bbox 351 2940 596 3022; x_wconf 89' lang='lat' dir='ltr'>saepe]</span> <span class='ocrx_word' id='word_1_196' title='bbox 646 2945 991 3004; x_wconf 82' lang='lat' dir='ltr'>Stabularii</span> <span class='ocrx_word' id='word_1_197' title='bbox 1043 2963 1113 3003; x_wconf 84' lang='lat' dir='ltr'>ex</span> <span class='ocrx_word' id='word_1_198' title='bbox 1172 2944 1374 3003; x_wconf 89' lang='lat' dir='ltr'>codice</span> <span class='ocrx_word' id='word_1_199' title='bbox 1438 2963 1492 3003; x_wconf 93' lang='lat' dir='ltr'>m</span> <span class='ocrx_word' id='word_1_200' title='bbox 1550 2943 1851 3004; x_wconf 86' lang='lat' dir='ltr'>Iucundus</span> <span class='ocrx_word' id='word_1_201' title='bbox 1910 2952 1968 3004; x_wconf 91' lang='lat' dir='ltr'>et</span> <span class='ocrx_word' id='word_1_202' title='bbox 2022 2946 2081 3004; x_wconf 91' lang='lat' dir='ltr'>in</span> <span class='ocrx_word' id='word_1_203' title='bbox 2139 2947 2325 3023; x_wconf 89' lang='lat' dir='ltr'>prima</span> <span class='ocrx_word' id='word_1_204' title='bbox 2385 2946 2640 3006; x_wconf 88' lang='lat' dir='ltr'>editione</span> 
     </span>
     <span class='ocr_line' id='line_1_25' title="bbox 264 3048 2640 3132; baseline 0.003 -26"><span class='ocrx_word' id='word_1_205' title='bbox 264 3117 268 3122; x_wconf 20' lang='lat'>⁵</span> <span class='ocrx_word' id='word_1_206' title='bbox 354 3048 680 3131; x_wconf 82' lang='lat' dir='ltr'>VictoriuS,</span> <span class='ocrx_word' id='word_1_207' title='bbox 734 3053 1040 3111; x_wconf 84' lang='lat' dir='ltr'>stabulari</span> <span class='ocrx_word' id='word_1_208' title='bbox 1083 3050 1322 3111; x_wconf 85' lang='lat' dir='ltr'>Victorii</span> <span class='ocrx_word' id='word_1_209' title='bbox 1382 3050 1563 3111; x_wconf 91' lang='lat' dir='ltr'>editio</span> <span class='ocrx_word' id='word_1_210' title='bbox 1622 3050 1906 3126; x_wconf 87' lang='lat' dir='ltr'>secunda,</span> <span class='ocrx_word' id='word_1_211' title='bbox 1964 3049 2119 3130; x_wconf 93' lang='lat' dir='ltr'>quod</span> <span class='ocrx_word' id='word_1_212' title='bbox 2178 3049 2477 3112; x_wconf 90' lang='lat' dir='ltr'>Gesnerus</span> <span class='ocrx_word' id='word_1_213' title='bbox 2532 3071 2640 3132; x_wconf 91' lang='lat' dir='ltr'>per</span> 
     </span>
     <span class='ocr_line' id='line_1_26' title="bbox 295 3156 2641 3238; baseline 0 -20"><span class='ocrx_word' id='word_1_214' title='bbox 295 3216 298 3219; x_wconf 10' lang='grc' dir='ltr'><em>Α</em></span> <span class='ocrx_word' id='word_1_215' title='bbox 354 3158 780 3238; x_wconf 89' lang='lat' dir='ltr'>graecismum,</span> <span class='ocrx_word' id='word_1_216' title='bbox 838 3167 901 3218; x_wconf 88' lang='lat' dir='ltr'>ut</span> <span class='ocrx_word' id='word_1_217' title='bbox 958 3160 1063 3238; x_wconf 88' lang='lat' dir='ltr'>ait,</span> <span class='ocrx_word' id='word_1_218' title='bbox 1111 3166 1168 3217; x_wconf 90' lang='lat' dir='ltr'>et</span> <span class='ocrx_word' id='word_1_219' title='bbox 1223 3156 1527 3236; x_wconf 86' lang='lat' dir='ltr'>enallagen</span> <span class='ocrx_word' id='word_1_220' title='bbox 1582 3177 1757 3218; x_wconf 90' lang='lat' dir='ltr'>casus</span> <span class='ocrx_word' id='word_1_221' title='bbox 1814 3160 2012 3237; x_wconf 89' lang='lat' dir='ltr'>inepte</span> <span class='ocrx_word' id='word_1_222' title='bbox 2068 3159 2494 3235; x_wconf 88' lang='lat' dir='ltr'>interpretatus</span> <span class='ocrx_word' id='word_1_223' title='bbox 2550 3167 2641 3220; x_wconf 90' lang='lat' dir='ltr'>est</span> 
     </span>
     <span class='ocr_line' id='line_1_27' title="bbox 352 3259 2639 3344; baseline 0 -20"><span class='ocrx_word' id='word_1_224' title='bbox 352 3260 445 3324; x_wconf 74' lang='lat' dir='ltr'>‘in</span> <span class='ocrx_word' id='word_1_225' title='bbox 498 3284 646 3344; x_wconf 87' lang='lat' dir='ltr'>quas</span> <span class='ocrx_word' id='word_1_226' title='bbox 694 3263 1046 3325; x_wconf 88' lang='lat' dir='ltr'>stabulatum</span> <span class='ocrx_word' id='word_1_227' title='bbox 1097 3263 1288 3325; x_wconf 87' lang='lat' dir='ltr'>solent</span> <span class='ocrx_word' id='word_1_228' title='bbox 1335 3283 1517 3344; x_wconf 90' lang='lat' dir='ltr'>equas</span> <span class='ocrx_word' id='word_1_229' title='bbox 1566 3259 1854 3344; x_wconf 89' lang='lat' dir='ltr'>abigere&#39;.</span> <span class='ocrx_word' id='word_1_230' title='bbox 1937 3272 1997 3325; x_wconf 89' lang='lat' dir='ltr'>et</span> <span class='ocrx_word' id='word_1_231' title='bbox 2042 3268 2103 3324; x_wconf 89' lang='lat' dir='ltr'>in</span> <span class='ocrx_word' id='word_1_232' title='bbox 2151 3267 2225 3323; x_wconf 89' lang='lat' dir='ltr'>iis</span> <span class='ocrx_word' id='word_1_233' title='bbox 2271 3267 2639 3340; x_wconf 69' lang='lat' dir='ltr'>reqionibus,</span> 
     </span>
     <span class='ocr_line' id='line_1_28' title="bbox 354 3374 2638 3455; baseline 0 -24"><span class='ocrx_word' id='word_1_234' title='bbox 354 3375 415 3431; x_wconf 89' lang='lat' dir='ltr'>in</span> <span class='ocrx_word' id='word_1_235' title='bbox 463 3374 683 3447; x_wconf 82' lang='lat' dir='ltr'>quibus</span> <span class='ocrx_word' id='word_1_236' title='bbox 728 3375 1035 3433; x_wconf 84' lang='lat' dir='ltr'>stabulari</span> <span class='ocrx_word' id='word_1_237' title='bbox 1076 3376 1290 3452; x_wconf 85' lang='lat' dir='ltr'>solent,</span> <span class='ocrx_word' id='word_1_238' title='bbox 1338 3380 1397 3433; x_wconf 89' lang='lat' dir='ltr'>et</span> <span class='ocrx_word' id='word_1_239' title='bbox 1442 3375 1504 3433; x_wconf 85' lang='lat' dir='ltr'>in</span> <span class='ocrx_word' id='word_1_240' title='bbox 1554 3376 1653 3455; x_wconf 89' lang='lat' dir='ltr'>iis,</span> <span class='ocrx_word' id='word_1_241' title='bbox 1700 3390 1816 3447; x_wconf 86' lang='lat' dir='ltr'>quo</span> <span class='ocrx_word' id='word_1_242' title='bbox 1873 3374 2228 3431; x_wconf 82' lang='lat' dir='ltr'>aestivatum</span> <span class='ocrx_word' id='word_1_243' title='bbox 2275 3377 2384 3430; x_wconf 87' lang='lat' dir='ltr'>aut</span> <span class='ocrx_word' id='word_1_244' title='bbox 2439 3374 2638 3432; x_wconf 82' lang='lat' dir='ltr'>hiber-</span> 
     </span>
     <span class='ocr_line' id='line_1_29' title="bbox 351 3478 2640 3557; baseline 0 -18"><span class='ocrx_word' id='word_1_245' title='bbox 351 3487 560 3539; x_wconf 86' lang='lat' dir='ltr'>natum</span> <span class='ocrx_word' id='word_1_246' title='bbox 598 3483 792 3540; x_wconf 80' lang='lat' dir='ltr'>solent</span> <span class='ocrx_word' id='word_1_247' title='bbox 837 3482 1088 3554; x_wconf 72' lang='lat' dir='ltr'>abiyere</span> <span class='ocrx_word' id='word_1_248' title='bbox 1123 3479 1395 3540; x_wconf 75' lang='lat' dir='ltr'>Ursinus,</span> <span class='ocrx_word' id='word_1_249' title='bbox 1470 3478 1829 3540; x_wconf 87' lang='lat' dir='ltr'>describitur</span> <span class='ocrx_word' id='word_1_250' title='bbox 1867 3480 2064 3557; x_wconf 90' lang='lat' dir='ltr'>potius</span> <span class='ocrx_word' id='word_1_251' title='bbox 2105 3496 2230 3537; x_wconf 89' lang='lat' dir='ltr'>mos</span> <span class='ocrx_word' id='word_1_252' title='bbox 2270 3480 2369 3557; x_wconf 91' lang='lat' dir='ltr'>qui</span> <span class='ocrx_word' id='word_1_253' title='bbox 2411 3479 2640 3539; x_wconf 89' lang='lat' dir='ltr'>videtur</span> 
     </span>
     <span class='ocr_line' id='line_1_30' title="bbox 353 3585 2639 3666; baseline 0 -21"><span class='ocrx_word' id='word_1_254' title='bbox 353 3588 535 3647; x_wconf 82' lang='lat' dir='ltr'>fuisse</span> <span class='ocrx_word' id='word_1_255' title='bbox 593 3589 653 3646; x_wconf 91' lang='lat' dir='ltr'>in</span> <span class='ocrx_word' id='word_1_256' title='bbox 715 3585 1015 3646; x_wconf 88' lang='lat' dir='ltr'>nonnullis</span> <span class='ocrx_word' id='word_1_257' title='bbox 1073 3585 1442 3666; x_wconf 83' lang='lat' dir='ltr'>regionibuS,</span> <span class='ocrx_word' id='word_1_258' title='bbox 1500 3596 1565 3647; x_wconf 91' lang='lat' dir='ltr'>ut</span> <span class='ocrx_word' id='word_1_259' title='bbox 1631 3603 1839 3664; x_wconf 89' lang='lat' dir='ltr'>greges</span> <span class='ocrx_word' id='word_1_260' title='bbox 1906 3603 2190 3663; x_wconf 89' lang='lat' dir='ltr'>equarum</span> <span class='ocrx_word' id='word_1_261' title='bbox 2258 3585 2515 3645; x_wconf 87' lang='lat' dir='ltr'>interdiu</span> <span class='ocrx_word' id='word_1_262' title='bbox 2577 3588 2639 3645; x_wconf 91' lang='lat' dir='ltr'>in</span> 
     </span>
     <span class='ocr_line' id='line_1_31' title="bbox 352 3692 2637 3772; baseline 0 -20"><span class='ocrx_word' id='word_1_263' title='bbox 352 3695 574 3771; x_wconf 88' lang='lat' dir='ltr'>campis</span> <span class='ocrx_word' id='word_1_264' title='bbox 621 3702 1030 3771; x_wconf 88' lang='lat' dir='ltr'>pascerentur,</span> <span class='ocrx_word' id='word_1_265' title='bbox 1068 3701 1245 3753; x_wconf 88' lang='lat' dir='ltr'>noctu</span> <span class='ocrx_word' id='word_1_266' title='bbox 1296 3695 1356 3752; x_wconf 91' lang='lat' dir='ltr'>in</span> <span class='ocrx_word' id='word_1_267' title='bbox 1405 3692 1630 3752; x_wconf 86' lang='lat' dir='ltr'>stabula</span> <span class='ocrx_word' id='word_1_268' title='bbox 1679 3693 2077 3772; x_wconf 87' lang='lat' dir='ltr'>abigerentur,</span> <span class='ocrx_word' id='word_1_269' title='bbox 2118 3693 2288 3751; x_wconf 89' lang='lat' dir='ltr'>cuius</span> <span class='ocrx_word' id='word_1_270' title='bbox 2338 3695 2426 3751; x_wconf 88' lang='lat' dir='ltr'>rei</span> <span class='ocrx_word' id='word_1_271' title='bbox 2464 3712 2637 3753; x_wconf 90' lang='lat' dir='ltr'>causa</span> 
     </span>
     <span class='ocr_line' id='line_1_32' title="bbox 351 3799 2639 3879; baseline 0.001 -20"><span class='ocrx_word' id='word_1_272' title='bbox 351 3818 534 3879; x_wconf 84' lang='lat' dir='ltr'>equae</span> <span class='ocrx_word' id='word_1_273' title='bbox 585 3799 839 3859; x_wconf 91' lang='lat' dir='ltr'>domitae</span> <span class='ocrx_word' id='word_1_274' title='bbox 885 3800 1222 3878; x_wconf 89' lang='lat' dir='ltr'>pastoribus</span> <span class='ocrx_word' id='word_1_275' title='bbox 1272 3800 1588 3862; x_wconf 89' lang='lat' dir='ltr'>adduntur.</span> <span class='ocrx_word' id='word_1_276' title='bbox 1678 3803 1877 3879; x_wconf 88' lang='lat' dir='ltr'>itaque</span> <span class='ocrx_word' id='word_1_277' title='bbox 1926 3801 2139 3877; x_wconf 89' lang='lat' dir='ltr'>scripsi</span> <span class='ocrx_word' id='word_1_278' title='bbox 2199 3802 2261 3858; x_wconf 86' lang='lat' dir='ltr'>in</span> <span class='ocrx_word' id='word_1_279' title='bbox 2311 3802 2528 3873; x_wconf 82' lang='lat' dir='ltr'>quibus</span> <span class='ocrx_word' id='word_1_280' title='bbox 2557 3804 2639 3866; x_wconf 78' lang='lat' dir='ltr'>‚in</span> 
     </span>
     <span class='ocr_line' id='line_1_33' title="bbox 348 3907 2638 3986; baseline 0 -21"><span class='ocrx_word' id='word_1_281' title='bbox 348 3909 608 3967; x_wconf 51' lang='lat' dir='ltr'>stabula*</span> <span class='ocrx_word' id='word_1_282' title='bbox 648 3910 840 3966; x_wconf 83' lang='lat' dir='ltr'>solent</span> <span class='ocrx_word' id='word_1_283' title='bbox 893 3925 1079 3980; x_wconf 84' lang='lat' dir='ltr'>equas</span> <span class='ocrx_word' id='word_1_284' title='bbox 1138 3909 1422 3983; x_wconf 73' lang='lat' dir='ltr'>abiqere;</span> <span class='ocrx_word' id='word_1_285' title='bbox 1486 3909 1599 3966; x_wconf 91' lang='lat' dir='ltr'>nisi</span> <span class='ocrx_word' id='word_1_286' title='bbox 1665 3908 1862 3986; x_wconf 87' lang='lat' dir='ltr'>potius</span> <span class='ocrx_word' id='word_1_287' title='bbox 1927 3907 2292 3966; x_wconf 86' lang='lat' dir='ltr'>stabulatum</span> <span class='ocrx_word' id='word_1_288' title='bbox 2357 3924 2463 3984; x_wconf 95' lang='lat' dir='ltr'>pro</span> <span class='ocrx_word' id='word_1_289' title='bbox 2520 3914 2638 3966; x_wconf 89' lang='lat' dir='ltr'>sta-</span> 
     </span>
     <span class='ocr_line' id='line_1_34' title="bbox 350 4009 2640 4092; baseline -0 -19"><span class='ocrx_word' id='word_1_290' title='bbox 350 4014 556 4074; x_wconf 85' lang='lat' dir='ltr'>bulari</span> <span class='ocrx_word' id='word_1_291' title='bbox 601 4012 978 4073; x_wconf 88' lang='lat' dir='ltr'>scribendum</span> <span class='ocrx_word' id='word_1_292' title='bbox 1029 4024 1171 4074; x_wconf 89' lang='lat' dir='ltr'>erat.</span> <span class='ocrx_word' id='word_1_293' title='bbox 1228 4047 1299 4056; x_wconf 94' lang='lat'>—</span> <span class='ocrx_word' id='word_1_294' title='bbox 1353 4018 1416 4075; x_wconf 91' lang='lat' dir='ltr'>in</span> <span class='ocrx_word' id='word_1_295' title='bbox 1476 4017 1763 4088; x_wconf 74' lang='lat' dir='ltr'>lucaniiS,</span> <span class='ocrx_word' id='word_1_296' title='bbox 1813 4013 1966 4092; x_wconf 92' lang='lat' dir='ltr'>quod</span> <span class='ocrx_word' id='word_1_297' title='bbox 2025 4013 2244 4091; x_wconf 88' lang='lat' dir='ltr'>optima</span> <span class='ocrx_word' id='word_1_298' title='bbox 2304 4009 2640 4091; x_wconf 77' lang='lat' dir='ltr'>apographa</span> 
     </span>
     <span class='ocr_line' id='line_1_35' title="bbox 348 4118 2638 4201; baseline 0 -21"><span class='ocrx_word' id='word_1_299' title='bbox 348 4118 581 4199; x_wconf 90' lang='lat' dir='ltr'>habent,</span> <span class='ocrx_word' id='word_1_300' title='bbox 619 4121 680 4179; x_wconf 90' lang='lat' dir='ltr'>in</span> <span class='ocrx_word' id='word_1_301' title='bbox 721 4119 1037 4199; x_wconf 84' lang='lat' dir='ltr'>archetypo</span> <span class='ocrx_word' id='word_1_302' title='bbox 1077 4120 1204 4199; x_wconf 86' lang='lat' dir='ltr'>fuit,</span> <span class='ocrx_word' id='word_1_303' title='bbox 1245 4139 1360 4181; x_wconf 90' lang='lat' dir='ltr'>non</span> <span class='ocrx_word' id='word_1_304' title='bbox 1411 4124 1472 4181; x_wconf 85' lang='lat' dir='ltr'>in</span> <span class='ocrx_word' id='word_1_305' title='bbox 1511 4124 1766 4201; x_wconf 81' lang='lat' dir='ltr'>lucanis,</span> <span class='ocrx_word' id='word_1_306' title='bbox 1808 4120 1962 4199; x_wconf 89' lang='lat' dir='ltr'>quod</span> <span class='ocrx_word' id='word_1_307' title='bbox 2005 4118 2333 4178; x_wconf 90' lang='lat' dir='ltr'>Politianus</span> <span class='ocrx_word' id='word_1_308' title='bbox 2377 4122 2434 4178; x_wconf 93' lang='lat' dir='ltr'>in</span> <span class='ocrx_word' id='word_1_309' title='bbox 2477 4122 2638 4198; x_wconf 91' lang='lat' dir='ltr'>prin-</span> 
     </span>
     <span class='ocr_line' id='line_1_36' title="bbox 351 4225 2356 4307; baseline 0 -21"><span class='ocrx_word' id='word_1_310' title='bbox 351 4230 478 4305; x_wconf 89' lang='lat' dir='ltr'>cipe</span> <span class='ocrx_word' id='word_1_311' title='bbox 529 4225 787 4286; x_wconf 90' lang='lat' dir='ltr'>editione</span> <span class='ocrx_word' id='word_1_312' title='bbox 836 4244 953 4286; x_wconf 89' lang='lat' dir='ltr'>non</span> <span class='ocrx_word' id='word_1_313' title='bbox 1001 4229 1278 4288; x_wconf 85' lang='lat' dir='ltr'>correxit.</span> <span class='ocrx_word' id='word_1_314' title='bbox 1370 4246 1478 4307; x_wconf 93' lang='lat' dir='ltr'>pro</span> <span class='ocrx_word' id='word_1_315' title='bbox 1528 4228 1640 4287; x_wconf 93' lang='lat' dir='ltr'>hoc</span> <span class='ocrx_word' id='word_1_316' title='bbox 1690 4232 1751 4288; x_wconf 89' lang='lat' dir='ltr'>in</span> <span class='ocrx_word' id='word_1_317' title='bbox 1801 4228 2079 4288; x_wconf 85' lang='lat' dir='ltr'>Lucania</span> <span class='ocrx_word' id='word_1_318' title='bbox 2128 4226 2356 4304; x_wconf 88' lang='lat' dir='ltr'>scripsi.</span> 
     </span>
    </p>

    <p class='ocr_par' dir='ltr' id='par_1_5' title="bbox 352 4332 2642 4519">
     <span class='ocr_line' id='line_1_37' title="bbox 522 4332 2638 4413; baseline -0 -20"><span class='ocrx_word' id='word_1_319' title='bbox 522 4339 602 4393; x_wconf 88' lang='lat' dir='ltr'>XI</span> <span class='ocrx_word' id='word_1_320' title='bbox 646 4332 675 4393; x_wconf 93' lang='lat'>1</span> <span class='ocrx_word' id='word_1_321' title='bbox 766 4332 1130 4412; x_wconf 87' lang='lat' dir='ltr'>Siquidem</span> <span class='ocrx_word' id='word_1_322' title='bbox 1205 4336 1492 4413; x_wconf 90' lang='lat' dir='ltr'>inquam</span> <span class='ocrx_word' id='word_1_323' title='bbox 1568 4333 1991 4395; x_wconf 86' lang='lat' dir='ltr'>adieceritis</span> <span class='ocrx_word' id='word_1_324' title='bbox 2066 4333 2147 4392; x_wconf 97' lang='lat' dir='ltr'>de</span> <span class='ocrx_word' id='word_1_325' title='bbox 2232 4332 2638 4392; x_wconf 89' lang='lat' dir='ltr'>extraordi-</span> 
     </span>
     <span class='ocr_line' id='line_1_38' title="bbox 352 4437 2642 4519; baseline 0 -20"><span class='ocrx_word' id='word_1_326' title='bbox 352 4442 551 4500; x_wconf 89' lang='lat' dir='ltr'>nario</span> <span class='ocrx_word' id='word_1_327' title='bbox 600 4437 953 4517; x_wconf 88' lang='lat' dir='ltr'>pecudum</span> <span class='ocrx_word' id='word_1_328' title='bbox 1000 4440 1242 4499; x_wconf 87' lang='lat' dir='ltr'>fructu</span> <span class='ocrx_word' id='word_1_329' title='bbox 1293 4439 1745 4519; x_wconf 89' lang='lat' dir='ltr'>praedictum</span> <span class='ocrx_word' id='word_1_330' title='bbox 1793 4448 1902 4499; x_wconf 91' lang='lat' dir='ltr'>est</span> <span class='ocrx_word' id='word_1_331' title='bbox 1949 4438 2030 4498; x_wconf 93' lang='lat' dir='ltr'>de</span> <span class='ocrx_word' id='word_1_332' title='bbox 2078 4438 2263 4498; x_wconf 90' lang='lat' dir='ltr'>lacte</span> <span class='ocrx_word' id='word_1_333' title='bbox 2324 4440 2395 4497; x_wconf 89' lang='lat' dir='ltr'>in</span> <span class='ocrx_word' id='word_1_334' title='bbox 2443 4457 2521 4497; x_wconf 94' lang='lat' dir='ltr'>eo</span> <span class='ocrx_word' id='word_1_335' title='bbox 2573 4448 2642 4499; x_wconf 90' lang='lat' dir='ltr'>et</span> 
     </span>
    </p>
   </div>
   <div class='ocr_carea' id='block_1_3' title="bbox 351 4544 2638 4698">
    <p class='ocr_par' dir='ltr' id='par_1_6' title="bbox 351 4544 2638 4698">
     <span class='ocr_line' id='line_1_39' title="bbox 351 4544 2638 4625; baseline 0 -19"><span class='ocrx_word' id='word_1_336' title='bbox 351 4556 646 4616; x_wconf 82' lang='lat' dir='ltr'>tonsura</span> <span class='ocrx_word' id='word_1_337' title='bbox 694 4544 893 4605; x_wconf 88' lang='lat' dir='ltr'>lanae</span> <span class='ocrx_word' id='word_1_338' title='bbox 944 4555 1052 4606; x_wconf 90' lang='lat' dir='ltr'>est</span> <span class='ocrx_word' id='word_1_339' title='bbox 1099 4549 1409 4606; x_wconf 90' lang='lat' dir='ltr'>omnium</span> <span class='ocrx_word' id='word_1_340' title='bbox 1468 4565 1701 4606; x_wconf 90' lang='lat' dir='ltr'>rerum</span> <span class='ocrx_word' id='word_1_341' title='bbox 1764 4564 1936 4625; x_wconf 90' lang='lat' dir='ltr'>quas</span> <span class='ocrx_word' id='word_1_342' title='bbox 1993 4544 2196 4605; x_wconf 88' lang='lat' dir='ltr'>cibili</span> <span class='ocrx_word' id='word_1_343' title='bbox 2257 4564 2467 4606; x_wconf 89' lang='lat' dir='ltr'>causa</span> <span class='ocrx_word' id='word_1_344' title='bbox 2528 4566 2638 4607; x_wconf 92' lang='lat' dir='ltr'>ca-</span> 
     </span>
     <span class='ocr_line' id='line_1_40' title="bbox 1722 4646 2214 4698; baseline 0.008 -28"><span class='ocrx_word' id='word_1_345' title='bbox 1722 4661 1733 4670; x_wconf 71' lang='grc'><em>,</em></span> <span class='ocrx_word' id='word_1_346' title='bbox 2112 4646 2214 4698; x_wconf 76' lang='grc'>14*</span> 
     </span>
    </p>
   </div>
  </div>
 </body>
</html>
