<?xml version="1.0" encoding="UTF-8"?>
<!DOCTYPE html PUBLIC "-//W3C//DTD XHTML 1.0 Transitional//EN"
    "http://www.w3.org/TR/xhtml1/DTD/xhtml1-transitional.dtd">
<html xmlns="http://www.w3.org/1999/xhtml" xml:lang="en" lang="en">
 <head>
  <title>
</title>
<meta http-equiv="Content-Type" content="text/html;charset=utf-8" />
  <meta name='ocr-system' content='tesseract 3.04.00' />
  <meta name='ocr-capabilities' content='ocr_page ocr_carea ocr_par ocr_line ocrx_word'/>
</head>
<body>
  <div class='ocr_page' id='page_1' title='image "./mporcicatonisde01catogoog_0046.png"; bbox 0 0 3178 5185; ppageno 0'>
   <div class='ocr_carea' id='block_1_1' title="bbox 526 366 1882 431">
    <p class='ocr_par' dir='ltr' id='par_1_1' title="bbox 526 366 1882 431">
     <span class='ocr_line' id='line_1_1' title="bbox 526 366 1882 431; baseline -0.01 0"><span class='ocrx_word' id='word_1_1' title='bbox 526 370 559 430; x_wconf 86' lang='lat'>1</span> <span class='ocrx_word' id='word_1_2' title='bbox 569 369 655 431; x_wconf 87' lang='lat'>34</span> <span class='ocrx_word' id='word_1_3' title='bbox 1509 366 1882 421; x_wconf 84' lang='lat' dir='ltr'><strong>VARRONIS</strong></span> 
     </span>
    </p>
   </div>
   <div class='ocr_carea' id='block_1_2' title="bbox 470 534 2826 2003">
    <p class='ocr_par' dir='ltr' id='par_1_2' title="bbox 470 534 2826 2003">
     <span class='ocr_line' id='line_1_2' title="bbox 524 534 2822 617; baseline 0 -22"><span class='ocrx_word' id='word_1_4' title='bbox 524 538 598 595; x_wconf 86' lang='lat' dir='ltr'>iis</span> <span class='ocrx_word' id='word_1_5' title='bbox 657 537 759 613; x_wconf 87' lang='lat' dir='ltr'>qui</span> <span class='ocrx_word' id='word_1_6' title='bbox 814 553 1018 612; x_wconf 83' lang='lat' dir='ltr'>agrum</span> <span class='ocrx_word' id='word_1_7' title='bbox 1079 534 1274 594; x_wconf 85' lang='lat' dir='ltr'>colere</span> <span class='ocrx_word' id='word_1_8' title='bbox 1332 534 1560 614; x_wconf 88' lang='lat' dir='ltr'>volunt,</span> <span class='ocrx_word' id='word_1_9' title='bbox 1621 553 1796 612; x_wconf 83' lang='lat' dir='ltr'>quam</span> <span class='ocrx_word' id='word_1_10' title='bbox 1854 538 1956 613; x_wconf 87' lang='lat' dir='ltr'>qui</span> <span class='ocrx_word' id='word_1_11' title='bbox 2014 535 2243 595; x_wconf 83' lang='lat' dir='ltr'>scholas</span> <span class='ocrx_word' id='word_1_12' title='bbox 2303 535 2822 617; x_wconf 81' lang='lat' dir='ltr'>philosophorum3</span> 
     </span>
     <span class='ocr_line' id='line_1_3' title="bbox 525 640 2821 722; baseline 0.001 -21"><span class='ocrx_word' id='word_1_13' title='bbox 525 661 719 720; x_wconf 89' lang='lat' dir='ltr'>neque</span> <span class='ocrx_word' id='word_1_14' title='bbox 769 660 838 701; x_wconf 90' lang='lat' dir='ltr'>eo</span> <span class='ocrx_word' id='word_1_15' title='bbox 889 642 1049 720; x_wconf 87' lang='grc'>(1100,</span> <span class='ocrx_word' id='word_1_16' title='bbox 1089 641 1247 719; x_wconf 88' lang='lat' dir='ltr'>quod</span> <span class='ocrx_word' id='word_1_17' title='bbox 1288 661 1406 702; x_wconf 77' lang='lat' dir='ltr'>non</span> <span class='ocrx_word' id='word_1_18' title='bbox 1446 640 1703 700; x_wconf 80' lang='lat' dir='ltr'>habeant</span> <span class='ocrx_word' id='word_1_19' title='bbox 1741 649 1800 701; x_wconf 90' lang='lat' dir='ltr'>et</span> <span class='ocrx_word' id='word_1_20' title='bbox 1839 640 2004 701; x_wconf 84' lang='lat' dir='ltr'>utilia</span> <span class='ocrx_word' id='word_1_21' title='bbox 2046 649 2103 701; x_wconf 91' lang='lat' dir='ltr'>et</span> <span class='ocrx_word' id='word_1_22' title='bbox 2142 645 2475 702; x_wconf 83' lang='lat' dir='ltr'>communia</span> <span class='ocrx_word' id='word_1_23' title='bbox 2515 645 2821 722; x_wconf 81' lang='lat' dir='ltr'><strong>quaedam.</strong></span> 
     </span>
     <span class='ocr_line' id='line_1_4' title="bbox 473 747 2823 831; baseline 0.001 -23"><span class='ocrx_word' id='word_1_24' title='bbox 473 753 894 827; x_wconf 85' lang='lat' dir='ltr'>3quapropter</span> <span class='ocrx_word' id='word_1_25' title='bbox 942 756 1006 807; x_wconf 90' lang='lat' dir='ltr'>tu</span> <span class='ocrx_word' id='word_1_26' title='bbox 1059 750 1257 825; x_wconf 87' lang='lat' dir='ltr'>potius</span> <span class='ocrx_word' id='word_1_27' title='bbox 1305 751 1429 826; x_wconf 84' lang='lat' dir='ltr'>agri</span> <span class='ocrx_word' id='word_1_28' title='bbox 1477 747 1746 808; x_wconf 80' lang='lat' dir='ltr'>culturae</span> <span class='ocrx_word' id='word_1_29' title='bbox 1793 756 1992 826; x_wconf 80' lang='lat' dir='ltr'>partes</span> <span class='ocrx_word' id='word_1_30' title='bbox 2040 748 2209 808; x_wconf 86' lang='lat' dir='ltr'>nobis</span> <span class='ocrx_word' id='word_1_31' title='bbox 2257 768 2501 827; x_wconf 83' lang='lat' dir='ltr'>expone.</span> <span class='ocrx_word' id='word_1_32' title='bbox 2596 751 2823 831; x_wconf 78' lang='lat' dir='ltr'>Scrofa,</span> 
     </span>
     <span class='ocr_line' id='line_1_5' title="bbox 524 853 2822 936; baseline 0.001 -22"><span class='ocrx_word' id='word_1_33' title='bbox 524 857 666 932; x_wconf 83' lang='lat' dir='ltr'>Agri</span> <span class='ocrx_word' id='word_1_34' title='bbox 714 853 1000 934; x_wconf 85' lang='lat' dir='ltr'>culturae,</span> <span class='ocrx_word' id='word_1_35' title='bbox 1047 857 1258 934; x_wconf 87' lang='lat' dir='ltr'>inquit,</span> <span class='ocrx_word' id='word_1_36' title='bbox 1307 862 1588 933; x_wconf 81' lang='lat' dir='ltr'>quattuor</span> <span class='ocrx_word' id='word_1_37' title='bbox 1633 863 1773 915; x_wconf 86' lang='lat' dir='ltr'>sunt</span> <span class='ocrx_word' id='word_1_38' title='bbox 1809 863 2009 933; x_wconf 79' lang='lat' dir='ltr'>partes</span> <span class='ocrx_word' id='word_1_39' title='bbox 2049 874 2338 916; x_wconf 81' lang='lat' dir='ltr'>summae:</span> <span class='ocrx_word' id='word_1_40' title='bbox 2387 876 2417 916; x_wconf 99' lang='lat' dir='ltr'>e</span> <span class='ocrx_word' id='word_1_41' title='bbox 2459 859 2591 936; x_wconf 86' lang='lat' dir='ltr'>quis</span> <span class='ocrx_word' id='word_1_42' title='bbox 2629 860 2822 935; x_wconf 84' lang='lat' dir='ltr'>prima</span> 
     </span>
     <span class='ocr_line' id='line_1_6' title="bbox 526 960 2822 1045; baseline 0.002 -24"><span class='ocrx_word' id='word_1_43' title='bbox 526 963 785 1039; x_wconf 84' lang='lat' dir='ltr'>cognitio</span> <span class='ocrx_word' id='word_1_44' title='bbox 835 962 1028 1041; x_wconf 79' lang='lat' dir='ltr'>fundi,</span> <span class='ocrx_word' id='word_1_45' title='bbox 1087 960 1275 1020; x_wconf 87' lang='lat' dir='ltr'>solum</span> <span class='ocrx_word' id='word_1_46' title='bbox 1324 971 1645 1039; x_wconf 81' lang='lat' dir='ltr'>partesque</span> <span class='ocrx_word' id='word_1_47' title='bbox 1695 964 1822 1021; x_wconf 88' lang='lat' dir='ltr'>eius</span> <span class='ocrx_word' id='word_1_48' title='bbox 1871 962 2073 1039; x_wconf 81' lang='lat' dir='ltr'>quales</span> <span class='ocrx_word' id='word_1_49' title='bbox 2122 964 2265 1044; x_wconf 83' lang='lat' dir='ltr'>sint3</span> <span class='ocrx_word' id='word_1_50' title='bbox 2325 964 2608 1045; x_wconf 79' lang='lat' dir='ltr'>secunda,</span> <span class='ocrx_word' id='word_1_51' title='bbox 2669 984 2822 1042; x_wconf 83' lang='lat' dir='ltr'>quae</span> 
     </span>
     <span class='ocr_line' id='line_1_7' title="bbox 526 1040 2823 1151; baseline 0.002 -25"><span class='ocrx_word' id='word_1_52' title='bbox 526 1069 585 1126; x_wconf 94' lang='lat' dir='ltr'>in</span> <span class='ocrx_word' id='word_1_53' title='bbox 652 1086 722 1126; x_wconf 89' lang='lat' dir='ltr'>eo</span> <span class='ocrx_word' id='word_1_54' title='bbox 788 1040 970 1127; x_wconf 63' lang='lat' dir='ltr'>fundo</span> <span class='ocrx_word' id='word_1_55' title='bbox 1029 1086 1179 1146; x_wconf 87' lang='lat' dir='ltr'>opus</span> <span class='ocrx_word' id='word_1_56' title='bbox 1238 1070 1357 1127; x_wconf 90' lang='lat' dir='ltr'>sint</span> <span class='ocrx_word' id='word_1_57' title='bbox 1411 1086 1478 1127; x_wconf 86' lang='lat' dir='ltr'>ac</span> <span class='ocrx_word' id='word_1_58' title='bbox 1536 1067 1789 1128; x_wconf 82' lang='lat' dir='ltr'>debeant</span> <span class='ocrx_word' id='word_1_59' title='bbox 1846 1087 1976 1128; x_wconf 87' lang='lat' dir='ltr'>esse</span> <span class='ocrx_word' id='word_1_60' title='bbox 2034 1069 2300 1130; x_wconf 82' lang='lat' dir='ltr'>culturae</span> <span class='ocrx_word' id='word_1_61' title='bbox 2359 1089 2561 1150; x_wconf 84' lang='lat' dir='ltr'>causa;</span> <span class='ocrx_word' id='word_1_62' title='bbox 2626 1073 2823 1151; x_wconf 81' lang='lat' dir='ltr'>tertia,</span> 
     </span>
     <span class='ocr_line' id='line_1_8' title="bbox 528 1173 2822 1258; baseline 0.003 -26"><span class='ocrx_word' id='word_1_63' title='bbox 528 1192 676 1252; x_wconf 82' lang='lat' dir='ltr'>quae</span> <span class='ocrx_word' id='word_1_64' title='bbox 725 1175 788 1232; x_wconf 94' lang='lat' dir='ltr'>in</span> <span class='ocrx_word' id='word_1_65' title='bbox 835 1192 904 1232; x_wconf 88' lang='lat' dir='ltr'>eo</span> <span class='ocrx_word' id='word_1_66' title='bbox 951 1175 1194 1252; x_wconf 83' lang='lat' dir='ltr'>praedio</span> <span class='ocrx_word' id='word_1_67' title='bbox 1235 1173 1469 1234; x_wconf 89' lang='lat' dir='ltr'>colendi</span> <span class='ocrx_word' id='word_1_68' title='bbox 1508 1193 1684 1234; x_wconf 82' lang='lat' dir='ltr'>causa</span> <span class='ocrx_word' id='word_1_69' title='bbox 1726 1177 1845 1234; x_wconf 87' lang='lat' dir='ltr'>sint</span> <span class='ocrx_word' id='word_1_70' title='bbox 1882 1175 2175 1256; x_wconf 80' lang='lat' dir='ltr'>facienda;</span> <span class='ocrx_word' id='word_1_71' title='bbox 2227 1186 2453 1258; x_wconf 81' lang='lat' dir='ltr'>quarta,</span> <span class='ocrx_word' id='word_1_72' title='bbox 2502 1198 2618 1257; x_wconf 90' lang='lat' dir='ltr'>quo</span> <span class='ocrx_word' id='word_1_73' title='bbox 2658 1180 2822 1257; x_wconf 87' lang='lat' dir='ltr'>quic-</span> 
     </span>
     <span class='ocr_line' id='line_1_9' title="bbox 470 1281 2823 1363; baseline 0.001 -22"><span class='ocrx_word' id='word_1_74' title='bbox 470 1286 646 1359; x_wconf 84' lang='lat' dir='ltr'>4que</span> <span class='ocrx_word' id='word_1_75' title='bbox 696 1288 960 1358; x_wconf 88' lang='lat' dir='ltr'>tempore</span> <span class='ocrx_word' id='word_1_76' title='bbox 1009 1282 1071 1340; x_wconf 94' lang='lat' dir='ltr'>in</span> <span class='ocrx_word' id='word_1_77' title='bbox 1119 1299 1188 1340; x_wconf 89' lang='lat' dir='ltr'>eo</span> <span class='ocrx_word' id='word_1_78' title='bbox 1238 1281 1419 1340; x_wconf 82' lang='lat' dir='ltr'>fundo</span> <span class='ocrx_word' id='word_1_79' title='bbox 1466 1283 1597 1342; x_wconf 84' lang='lat' dir='ltr'>fieri</span> <span class='ocrx_word' id='word_1_80' title='bbox 1634 1283 1961 1342; x_wconf 83' lang='lat' dir='ltr'>conveniat.</span> <span class='ocrx_word' id='word_1_81' title='bbox 2054 1283 2125 1342; x_wconf 88' lang='lat' dir='ltr'>de</span> <span class='ocrx_word' id='word_1_82' title='bbox 2163 1283 2257 1343; x_wconf 85' lang='lat' dir='ltr'>his</span> <span class='ocrx_word' id='word_1_83' title='bbox 2296 1291 2576 1362; x_wconf 87' lang='lat' dir='ltr'>quattuor</span> <span class='ocrx_word' id='word_1_84' title='bbox 2613 1304 2823 1363; x_wconf 86' lang='lat' dir='ltr'>gener-</span> 
     </span>
     <span class='ocr_line' id='line_1_10' title="bbox 522 1386 2824 1471; baseline 0.002 -25"><span class='ocrx_word' id='word_1_85' title='bbox 522 1390 719 1447; x_wconf 77' lang='lat' dir='ltr'>alibus</span> <span class='ocrx_word' id='word_1_86' title='bbox 777 1386 1063 1462; x_wconf 78' lang='lat' dir='ltr'>partibus</span> <span class='ocrx_word' id='word_1_87' title='bbox 1131 1387 1394 1465; x_wconf 84' lang='lat' dir='ltr'>singulae</span> <span class='ocrx_word' id='word_1_88' title='bbox 1453 1390 1764 1448; x_wconf 89' lang='lat' dir='ltr'>minimum</span> <span class='ocrx_word' id='word_1_89' title='bbox 1820 1390 1881 1447; x_wconf 91' lang='lat' dir='ltr'>in</span> <span class='ocrx_word' id='word_1_90' title='bbox 1947 1389 2115 1449; x_wconf 86' lang='lat' dir='ltr'>binas</span> <span class='ocrx_word' id='word_1_91' title='bbox 2171 1390 2515 1452; x_wconf 88' lang='lat' dir='ltr'>dividuntur</span> <span class='ocrx_word' id='word_1_92' title='bbox 2571 1393 2824 1471; x_wconf 83' lang='lat' dir='ltr'>specieS‚</span> 
     </span>
     <span class='ocr_line' id='line_1_11' title="bbox 524 1492 2819 1576; baseline 0.002 -24"><span class='ocrx_word' id='word_1_93' title='bbox 524 1494 680 1572; x_wconf 87' lang='lat' dir='ltr'>quod</span> <span class='ocrx_word' id='word_1_94' title='bbox 728 1492 906 1552; x_wconf 85' lang='lat' dir='ltr'>habet</span> <span class='ocrx_word' id='word_1_95' title='bbox 951 1495 1141 1572; x_wconf 84' lang='lat' dir='ltr'>prima</span> <span class='ocrx_word' id='word_1_96' title='bbox 1190 1513 1257 1554; x_wconf 86' lang='lat' dir='ltr'>ea</span> <span class='ocrx_word' id='word_1_97' title='bbox 1303 1513 1450 1573; x_wconf 82' lang='lat' dir='ltr'>quae</span> <span class='ocrx_word' id='word_1_98' title='bbox 1491 1495 1562 1554; x_wconf 87' lang='lat' dir='ltr'>ad</span> <span class='ocrx_word' id='word_1_99' title='bbox 1604 1495 1793 1555; x_wconf 89' lang='lat' dir='ltr'>solum</span> <span class='ocrx_word' id='word_1_100' title='bbox 1832 1498 2136 1573; x_wconf 82' lang='lat' dir='ltr'>pertinent</span> <span class='ocrx_word' id='word_1_101' title='bbox 2173 1507 2367 1557; x_wconf 84' lang='lat' dir='ltr'>terrae</span> <span class='ocrx_word' id='word_1_102' title='bbox 2408 1505 2468 1557; x_wconf 87' lang='lat' dir='ltr'>et</span> <span class='ocrx_word' id='word_1_103' title='bbox 2508 1497 2819 1576; x_wconf 82' lang='lat' dir='ltr'>[alterum]</span> 
     </span>
     <span class='ocr_line' id='line_1_12' title="bbox 525 1599 2824 1684; baseline 0.002 -25"><span class='ocrx_word' id='word_1_104' title='bbox 525 1618 675 1678; x_wconf 84' lang='lat' dir='ltr'>quae</span> <span class='ocrx_word' id='word_1_105' title='bbox 733 1600 804 1659; x_wconf 84' lang='lat' dir='ltr'>ad</span> <span class='ocrx_word' id='word_1_106' title='bbox 860 1599 1026 1659; x_wconf 80' lang='lat' dir='ltr'>villas</span> <span class='ocrx_word' id='word_1_107' title='bbox 1083 1608 1144 1660; x_wconf 88' lang='lat' dir='ltr'>et</span> <span class='ocrx_word' id='word_1_108' title='bbox 1199 1600 1446 1662; x_wconf 82' lang='lat' dir='ltr'>stabula.</span> <span class='ocrx_word' id='word_1_109' title='bbox 1540 1601 1799 1661; x_wconf 82' lang='lat' dir='ltr'>secunda</span> <span class='ocrx_word' id='word_1_110' title='bbox 1855 1621 2021 1684; x_wconf 83' lang='lat' dir='ltr'>parS,</span> <span class='ocrx_word' id='word_1_111' title='bbox 2080 1623 2227 1683; x_wconf 85' lang='lat' dir='ltr'>quae</span> <span class='ocrx_word' id='word_1_112' title='bbox 2282 1613 2595 1665; x_wconf 86' lang='lat' dir='ltr'>moventur</span> <span class='ocrx_word' id='word_1_113' title='bbox 2643 1613 2824 1683; x_wconf 83' lang='lat' dir='ltr'>atque</span> 
     </span>
     <span class='ocr_line' id='line_1_13' title="bbox 522 1706 2825 1791; baseline 0.003 -27"><span class='ocrx_word' id='word_1_114' title='bbox 522 1708 583 1765; x_wconf 92' lang='lat' dir='ltr'>in</span> <span class='ocrx_word' id='word_1_115' title='bbox 651 1706 833 1765; x_wconf 81' lang='lat' dir='ltr'>fundo</span> <span class='ocrx_word' id='word_1_116' title='bbox 901 1706 1155 1767; x_wconf 86' lang='lat' dir='ltr'>debeant</span> <span class='ocrx_word' id='word_1_117' title='bbox 1219 1726 1351 1767; x_wconf 89' lang='grc'>5555</span> <span class='ocrx_word' id='word_1_118' title='bbox 1417 1707 1687 1768; x_wconf 83' lang='lat' dir='ltr'>culturae</span> <span class='ocrx_word' id='word_1_119' title='bbox 1755 1728 1961 1790; x_wconf 81' lang='lat' dir='ltr'>causa,</span> <span class='ocrx_word' id='word_1_120' title='bbox 2028 1719 2119 1770; x_wconf 86' lang='lat' dir='ltr'>est</span> <span class='ocrx_word' id='word_1_121' title='bbox 2175 1713 2316 1770; x_wconf 88' lang='lat' dir='ltr'>item</span> <span class='ocrx_word' id='word_1_122' title='bbox 2375 1711 2683 1791; x_wconf 79' lang='lat' dir='ltr'>bipertita,</span> <span class='ocrx_word' id='word_1_123' title='bbox 2748 1711 2825 1771; x_wconf 88' lang='lat' dir='ltr'>de</span> 
     </span>
     <span class='ocr_line' id='line_1_14' title="bbox 524 1812 2824 1896; baseline 0.002 -24"><span class='ocrx_word' id='word_1_124' title='bbox 524 1812 884 1893; x_wconf 84' lang='lat' dir='ltr'>hominibuS‚</span> <span class='ocrx_word' id='word_1_125' title='bbox 931 1832 1039 1891; x_wconf 89' lang='lat' dir='ltr'>per</span> <span class='ocrx_word' id='word_1_126' title='bbox 1087 1832 1236 1892; x_wconf 90' lang='lat' dir='ltr'>quos</span> <span class='ocrx_word' id='word_1_127' title='bbox 1274 1814 1607 1896; x_wconf 79' lang='lat' dir='ltr'>colendum,</span> <span class='ocrx_word' id='word_1_128' title='bbox 1657 1823 1716 1875; x_wconf 88' lang='lat' dir='ltr'>et</span> <span class='ocrx_word' id='word_1_129' title='bbox 1755 1816 1827 1875; x_wconf 89' lang='lat' dir='ltr'>de</span> <span class='ocrx_word' id='word_1_130' title='bbox 1867 1815 2100 1895; x_wconf 89' lang='lat' dir='ltr'>reliquo</span> <span class='ocrx_word' id='word_1_131' title='bbox 2140 1819 2554 1878; x_wconf 79' lang='lat' dir='ltr'>instrumento,</span> <span class='ocrx_word' id='word_1_132' title='bbox 2647 1819 2824 1878; x_wconf 83' lang='lat' dir='ltr'>tertia</span> 
     </span>
     <span class='ocr_line' id='line_1_15' title="bbox 523 1919 2826 2003; baseline 0.003 -25"><span class='ocrx_word' id='word_1_133' title='bbox 523 1939 660 1998; x_wconf 85' lang='lat' dir='ltr'>pars</span> <span class='ocrx_word' id='word_1_134' title='bbox 712 1919 918 1999; x_wconf 86' lang='lat' dir='ltr'>[quae]</span> <span class='ocrx_word' id='word_1_135' title='bbox 969 1920 1041 1979; x_wconf 88' lang='lat' dir='ltr'>de</span> <span class='ocrx_word' id='word_1_136' title='bbox 1090 1920 1270 1981; x_wconf 89' lang='lat' dir='ltr'>rebus</span> <span class='ocrx_word' id='word_1_137' title='bbox 1318 1921 1620 2001; x_wconf 88' lang='lat' dir='ltr'>dividitur,</span> <span class='ocrx_word' id='word_1_138' title='bbox 1670 1941 1819 2000; x_wconf 84' lang='lat' dir='ltr'>quae</span> <span class='ocrx_word' id='word_1_139' title='bbox 1867 1922 1938 1981; x_wconf 81' lang='lat' dir='ltr'>ad</span> <span class='ocrx_word' id='word_1_140' title='bbox 1990 1942 2285 2002; x_wconf 81' lang='lat' dir='ltr'>quamque</span> <span class='ocrx_word' id='word_1_141' title='bbox 2334 1944 2459 1985; x_wconf 89' lang='lat' dir='ltr'>rem</span> <span class='ocrx_word' id='word_1_142' title='bbox 2501 1927 2621 1985; x_wconf 89' lang='lat' dir='ltr'>sint</span> <span class='ocrx_word' id='word_1_143' title='bbox 2656 1944 2826 2003; x_wconf 82' lang='lat' dir='ltr'>prae—</span> 
     </span>
    </p>
   </div>
   <div class='ocr_carea' id='block_1_3' title="bbox 524 2026 2913 2112">
    <p class='ocr_par' dir='ltr' id='par_1_3' title="bbox 524 2026 2913 2112">
     <span class='ocr_line' id='line_1_16' title="bbox 524 2026 2913 2112; baseline -0 -26"><span class='ocrx_word' id='word_1_144' title='bbox 524 2027 781 2106; x_wconf 81' lang='lat' dir='ltr'>paranda</span> <span class='ocrx_word' id='word_1_145' title='bbox 849 2035 908 2086; x_wconf 88' lang='lat' dir='ltr'>et</span> <span class='ocrx_word' id='word_1_146' title='bbox 972 2026 1078 2087; x_wconf 81' lang='lat' dir='ltr'>&#39;ubi</span> <span class='ocrx_word' id='word_1_147' title='bbox 1135 2047 1402 2107; x_wconf 81' lang='lat' dir='ltr'>quaeque</span> <span class='ocrx_word' id='word_1_148' title='bbox 1463 2029 1745 2088; x_wconf 81' lang='lat' dir='ltr'>facienda.</span> <span class='ocrx_word' id='word_1_149' title='bbox 1843 2037 2049 2107; x_wconf 84' lang='lat' dir='ltr'>quarta</span> <span class='ocrx_word' id='word_1_150' title='bbox 2107 2050 2245 2109; x_wconf 81' lang='lat' dir='ltr'>pars</span> <span class='ocrx_word' id='word_1_151' title='bbox 2304 2032 2376 2091; x_wconf 89' lang='lat' dir='ltr'>de</span> <span class='ocrx_word' id='word_1_152' title='bbox 2434 2031 2826 2112; x_wconf 82' lang='lat' dir='ltr'>temporibus,</span> <span class='ocrx_word' id='word_1_153' title='bbox 2887 2047 2913 2085; x_wconf 81' lang='lat'>5</span> 
     </span>
    </p>
   </div>
   <div class='ocr_carea' id='block_1_4' title="bbox 448 2133 2826 2753">
    <p class='ocr_par' dir='ltr' id='par_1_4' title="bbox 526 2133 2825 2409">
     <span class='ocr_line' id='line_1_17' title="bbox 526 2133 2824 2217; baseline 0.001 -23"><span class='ocrx_word' id='word_1_154' title='bbox 526 2153 676 2213; x_wconf 84' lang='lat' dir='ltr'>quae</span> <span class='ocrx_word' id='word_1_155' title='bbox 725 2133 796 2193; x_wconf 82' lang='lat' dir='ltr'>ad</span> <span class='ocrx_word' id='word_1_156' title='bbox 842 2134 982 2194; x_wconf 87' lang='lat' dir='ltr'>solis</span> <span class='ocrx_word' id='word_1_157' title='bbox 1022 2136 1401 2195; x_wconf 83' lang='lat' dir='ltr'>circumitum</span> <span class='ocrx_word' id='word_1_158' title='bbox 1442 2154 1705 2196; x_wconf 84' lang='lat' dir='ltr'>annuum</span> <span class='ocrx_word' id='word_1_159' title='bbox 1745 2137 1864 2196; x_wconf 89' lang='lat' dir='ltr'>sint</span> <span class='ocrx_word' id='word_1_160' title='bbox 1901 2138 2212 2197; x_wconf 83' lang='lat' dir='ltr'>reserenda</span> <span class='ocrx_word' id='word_1_161' title='bbox 2252 2147 2311 2198; x_wconf 92' lang='lat' dir='ltr'>et</span> <span class='ocrx_word' id='word_1_162' title='bbox 2352 2158 2499 2217; x_wconf 84' lang='lat' dir='ltr'>quae</span> <span class='ocrx_word' id='word_1_163' title='bbox 2540 2139 2611 2198; x_wconf 84' lang='lat' dir='ltr'>ad</span> <span class='ocrx_word' id='word_1_164' title='bbox 2650 2139 2824 2198; x_wconf 85' lang='lat' dir='ltr'>lunae</span> 
     </span>
     <span class='ocr_line' id='line_1_18' title="bbox 526 2243 2825 2325; baseline 0.001 -24"><span class='ocrx_word' id='word_1_165' title='bbox 526 2249 900 2302; x_wconf 89' lang='lat' dir='ltr'>menstruum</span> <span class='ocrx_word' id='word_1_166' title='bbox 966 2259 1226 2301; x_wconf 88' lang='lat' dir='ltr'>cursum.</span> <span class='ocrx_word' id='word_1_167' title='bbox 1329 2243 1401 2302; x_wconf 89' lang='lat' dir='ltr'>de</span> <span class='ocrx_word' id='word_1_168' title='bbox 1468 2244 1677 2321; x_wconf 86' lang='lat' dir='ltr'>primis</span> <span class='ocrx_word' id='word_1_169' title='bbox 1744 2251 2025 2321; x_wconf 83' lang='lat' dir='ltr'>quattuor</span> <span class='ocrx_word' id='word_1_170' title='bbox 2079 2244 2350 2323; x_wconf 87' lang='lat' dir='ltr'>partibus</span> <span class='ocrx_word' id='word_1_171' title='bbox 2396 2247 2566 2323; x_wconf 88' lang='lat' dir='ltr'>prius</span> <span class='ocrx_word' id='word_1_172' title='bbox 2614 2245 2825 2325; x_wconf 82' lang='lat' dir='ltr'>dicam,</span> 
     </span>
     <span class='ocr_line' id='line_1_19' title="bbox 527 2346 1717 2409; baseline 0.002 -2"><span class='ocrx_word' id='word_1_173' title='bbox 527 2348 742 2408; x_wconf 87' lang='lat' dir='ltr'>deinde</span> <span class='ocrx_word' id='word_1_174' title='bbox 790 2346 1069 2408; x_wconf 86' lang='lat' dir='ltr'>subtilius</span> <span class='ocrx_word' id='word_1_175' title='bbox 1117 2349 1189 2407; x_wconf 89' lang='lat' dir='ltr'>de</span> <span class='ocrx_word' id='word_1_176' title='bbox 1238 2357 1371 2409; x_wconf 88' lang='lat' dir='ltr'>octo</span> <span class='ocrx_word' id='word_1_177' title='bbox 1420 2349 1717 2409; x_wconf 82' lang='lat' dir='ltr'>secundis,</span> 
     </span>
    </p>

    <p class='ocr_par' dir='ltr' id='par_1_5' title="bbox 448 2453 2826 2753">
     <span class='ocr_line' id='line_1_20' title="bbox 448 2453 2825 2538; baseline 0.002 -26"><span class='ocrx_word' id='word_1_178' title='bbox 448 2453 520 2513; x_wconf 94' lang='lat' dir='ltr'>VI</span> <span class='ocrx_word' id='word_1_179' title='bbox 718 2453 905 2531; x_wconf 81' lang='lat' dir='ltr'>Igitur</span> <span class='ocrx_word' id='word_1_180' title='bbox 951 2456 1211 2532; x_wconf 88' lang='lat' dir='ltr'>primum</span> <span class='ocrx_word' id='word_1_181' title='bbox 1258 2456 1330 2515; x_wconf 92' lang='lat' dir='ltr'>de</span> <span class='ocrx_word' id='word_1_182' title='bbox 1379 2455 1502 2515; x_wconf 89' lang='lat' dir='ltr'>solo</span> <span class='ocrx_word' id='word_1_183' title='bbox 1549 2455 1721 2515; x_wconf 90' lang='lat' dir='ltr'>fundi</span> <span class='ocrx_word' id='word_1_184' title='bbox 1766 2456 2083 2517; x_wconf 89' lang='lat' dir='ltr'>videndum</span> <span class='ocrx_word' id='word_1_185' title='bbox 2130 2457 2276 2518; x_wconf 86' lang='lat' dir='ltr'>haec</span> <span class='ocrx_word' id='word_1_186' title='bbox 2325 2467 2623 2538; x_wconf 83' lang='lat' dir='ltr'>quattuor,</span> <span class='ocrx_word' id='word_1_187' title='bbox 2676 2477 2825 2536; x_wconf 83' lang='lat' dir='ltr'>quae</span> 
     </span>
     <span class='ocr_line' id='line_1_21' title="bbox 528 2561 2824 2646; baseline 0.002 -26"><span class='ocrx_word' id='word_1_188' title='bbox 528 2562 607 2621; x_wconf 85' lang='lat' dir='ltr'>sit</span> <span class='ocrx_word' id='word_1_189' title='bbox 662 2561 875 2643; x_wconf 82' lang='lat' dir='ltr'>forma,</span> <span class='ocrx_word' id='word_1_190' title='bbox 933 2579 1049 2640; x_wconf 90' lang='lat' dir='ltr'>quo</span> <span class='ocrx_word' id='word_1_191' title='bbox 1107 2562 1169 2621; x_wconf 92' lang='lat' dir='ltr'>in</span> <span class='ocrx_word' id='word_1_192' title='bbox 1224 2579 1442 2640; x_wconf 84' lang='lat' dir='ltr'>genere</span> <span class='ocrx_word' id='word_1_193' title='bbox 1499 2563 1725 2644; x_wconf 86' lang='lat' dir='ltr'>terrae,</span> <span class='ocrx_word' id='word_1_194' title='bbox 1784 2571 2066 2643; x_wconf 68' lang='lat' dir='ltr'>quantus»,</span> <span class='ocrx_word' id='word_1_195' title='bbox 2126 2583 2302 2643; x_wconf 86' lang='lat' dir='ltr'>quam</span> <span class='ocrx_word' id='word_1_196' title='bbox 2357 2584 2464 2646; x_wconf 90' lang='lat' dir='ltr'>per</span> <span class='ocrx_word' id='word_1_197' title='bbox 2522 2584 2585 2625; x_wconf 88' lang='lat' dir='ltr'>se</span> <span class='ocrx_word' id='word_1_198' title='bbox 2643 2572 2824 2626; x_wconf 79' lang='lat' dir='ltr'>tutus,</span> 
     </span>
     <span class='ocr_line' id='line_1_22' title="bbox 532 2668 2826 2753; baseline 0.002 -26"><span class='ocrx_word' id='word_1_199' title='bbox 532 2668 756 2728; x_wconf 84' lang='lat' dir='ltr'>formae</span> <span class='ocrx_word' id='word_1_200' title='bbox 804 2686 939 2729; x_wconf 84' lang='lat' dir='ltr'>eum</span> <span class='ocrx_word' id='word_1_201' title='bbox 987 2668 1104 2728; x_wconf 90' lang='lat' dir='ltr'>duo</span> <span class='ocrx_word' id='word_1_202' title='bbox 1153 2687 1370 2747; x_wconf 87' lang='lat' dir='ltr'>genera</span> <span class='ocrx_word' id='word_1_203' title='bbox 1418 2672 1564 2751; x_wconf 83' lang='lat' dir='ltr'>sint,</span> <span class='ocrx_word' id='word_1_204' title='bbox 1613 2689 1728 2730; x_wconf 85' lang='lat' dir='ltr'>una</span> <span class='ocrx_word' id='word_1_205' title='bbox 1778 2689 1952 2749; x_wconf 87' lang='lat' dir='ltr'>quam</span> <span class='ocrx_word' id='word_1_206' title='bbox 1999 2680 2210 2731; x_wconf 87' lang='lat' dir='ltr'>natura</span> <span class='ocrx_word' id='word_1_207' title='bbox 2258 2672 2375 2753; x_wconf 83' lang='lat' dir='ltr'>dat,</span> <span class='ocrx_word' id='word_1_208' title='bbox 2422 2673 2602 2733; x_wconf 84' lang='lat' dir='ltr'>altera</span> <span class='ocrx_word' id='word_1_209' title='bbox 2651 2691 2826 2751; x_wconf 82' lang='lat' dir='ltr'>quam</span> 
     </span>
    </p>
   </div>
   <div class='ocr_carea' id='block_1_5' title="bbox 529 2846 955 2852">
    <p class='ocr_par' dir='ltr' id='par_1_6' title="bbox 529 2846 955 2852">
     <span class='ocr_line' id='line_1_23' title="bbox 529 2846 955 2852; baseline 0 0"><span class='ocrx_word' id='word_1_210' title='bbox 529 2846 955 2852; x_wconf 95' lang='lat' dir='ltr'> </span> 
     </span>
    </p>
   </div>
   <div class='ocr_carea' id='block_1_6' title="bbox 674 2946 2828 3023">
    <p class='ocr_par' dir='ltr' id='par_1_7' title="bbox 674 2946 2828 3023">
     <span class='ocr_line' id='line_1_24' title="bbox 674 2946 2828 3023; baseline 0.002 -23"><span class='ocrx_word' id='word_1_211' title='bbox 674 2954 701 3000; x_wconf 92' lang='lat'>1</span> <span class='ocrx_word' id='word_1_212' title='bbox 743 2947 923 3001; x_wconf 89' lang='grc'>500155</span> <span class='ocrx_word' id='word_1_213' title='bbox 953 2946 1010 3000; x_wconf 99' lang='lat' dir='ltr'><strong><em>A</em></strong></span> <span class='ocrx_word' id='word_1_214' title='bbox 1154 2948 1631 3018; x_wconf 82' lang='lat' dir='ltr'>phylosophorum</span> <span class='ocrx_word' id='word_1_215' title='bbox 1659 2950 1715 3002; x_wconf 92' lang='lat' dir='ltr'><em>B</em></span> <span class='ocrx_word' id='word_1_216' title='bbox 1861 2955 1891 3002; x_wconf 87' lang='lat'><strong>2</strong></span> <span class='ocrx_word' id='word_1_217' title='bbox 1932 2949 2083 3017; x_wconf 87' lang='lat' dir='ltr'>quod</span> <span class='ocrx_word' id='word_1_218' title='bbox 2114 2948 2363 3023; x_wconf 67' lang='lat' dir='ltr'>habeant,</span> <span class='ocrx_word' id='word_1_219' title='bbox 2388 2950 2510 3005; x_wconf 92' lang='lat' dir='ltr'>AB</span> <span class='ocrx_word' id='word_1_220' title='bbox 2538 2954 2673 3019; x_wconf 91' lang='lat' dir='ltr'>(non</span> <span class='ocrx_word' id='word_1_221' title='bbox 2700 2957 2828 3021; x_wconf 77' lang='lat' dir='ltr'>post</span> 
     </span>
    </p>
   </div>
   <div class='ocr_carea' id='block_1_7' title="bbox 527 3036 2826 3108">
    <p class='ocr_par' dir='ltr' id='par_1_8' title="bbox 527 3036 2826 3108">
     <span class='ocr_line' id='line_1_25' title="bbox 527 3036 2826 3108; baseline 0.002 -19"><span class='ocrx_word' id='word_1_222' title='bbox 527 3036 677 3104; x_wconf 87' lang='lat' dir='ltr'>quod</span> <span class='ocrx_word' id='word_1_223' title='bbox 740 3036 1125 3104; x_wconf 77' lang='lat' dir='ltr'>superscripsit</span> <span class='ocrx_word' id='word_1_224' title='bbox 1172 3036 1275 3105; x_wconf 76' lang='lat' dir='ltr'>A2)</span> <span class='ocrx_word' id='word_1_225' title='bbox 1343 3037 1483 3105; x_wconf 72' lang='lat' dir='ltr'>quot</span> <span class='ocrx_word' id='word_1_226' title='bbox 1545 3036 1793 3090; x_wconf 72' lang='lat' dir='ltr'>habeant</span> <span class='ocrx_word' id='word_1_227' title='bbox 1838 3037 1895 3090; x_wconf 92' lang='lat' dir='ltr'><strong><em>P</em></strong></span> <span class='ocrx_word' id='word_1_228' title='bbox 1944 3037 2078 3105; x_wconf 89' lang='lat' dir='ltr'>quin</span> <span class='ocrx_word' id='word_1_229' title='bbox 2132 3038 2380 3093; x_wconf 75' lang='lat' dir='ltr'>habeant</span> <span class='ocrx_word' id='word_1_230' title='bbox 2422 3057 2455 3093; x_wconf 83' lang='lat' dir='ltr'><strong><em>v</em></strong></span> <span class='ocrx_word' id='word_1_231' title='bbox 2511 3041 2660 3108; x_wconf 87' lang='lat' dir='ltr'>quod</span> <span class='ocrx_word' id='word_1_232' title='bbox 2713 3057 2826 3094; x_wconf 94' lang='lat' dir='ltr'>non</span> 
     </span>
    </p>
   </div>
   <div class='ocr_carea' id='block_1_8' title="bbox 528 3134 2827 3253">
    <p class='ocr_par' dir='ltr' id='par_1_9' title="bbox 528 3134 2827 3253">
     <span class='ocr_line' id='line_1_26' title="bbox 528 3134 2827 3253; baseline 0.003 -22"><span class='ocrx_word' id='word_1_233' title='bbox 528 3179 773 3231; x_wconf 73' lang='lat' dir='ltr'>habeant</span> <span class='ocrx_word' id='word_1_234' title='bbox 829 3178 1055 3232; x_wconf 75' lang='lat' dir='ltr'>coniecit</span> <span class='ocrx_word' id='word_1_235' title='bbox 1107 3177 1452 3245; x_wconf 68' lang='lat' dir='ltr'>Politiamcs,</span> <span class='ocrx_word' id='word_1_236' title='bbox 1508 3178 1682 3233; x_wconf 81' lang='lat' dir='ltr'>edidit</span> <span class='ocrx_word' id='word_1_237' title='bbox 1728 3180 2024 3233; x_wconf 59' lang='lat' dir='ltr'>Iracundus</span> <span class='ocrx_word' id='word_1_238' title='bbox 2167 3186 2199 3233; x_wconf 90' lang='lat'>3</span> <span class='ocrx_word' id='word_1_239' title='bbox 2246 3182 2308 3234; x_wconf 79' lang='lat' dir='ltr'>tu</span> <span class='ocrx_word' id='word_1_240' title='bbox 2353 3134 2827 3253; x_wconf 42' lang='lat' dir='ltr'>potiulgaraegfft·ilgff3</span> 
     </span>
    </p>
   </div>
   <div class='ocr_carea' id='block_1_9' title="bbox 527 3267 885 3314">
    <p class='ocr_par' dir='ltr' id='par_1_10' title="bbox 527 3267 885 3314">
     <span class='ocr_line' id='line_1_27' title="bbox 527 3267 885 3314; baseline 0 -7"><span class='ocrx_word' id='word_1_241' title='bbox 527 3278 703 3314; x_wconf 81' lang='lat' dir='ltr'>expone</span> <span class='ocrx_word' id='word_1_242' title='bbox 732 3267 885 3307; x_wconf 74' lang='lat' dir='ltr'>scrofa</span> 
     </span>
    </p>
   </div>
   <div class='ocr_carea' id='block_1_10' title="bbox 520 3318 2830 4119">
    <p class='ocr_par' dir='ltr' id='par_1_11' title="bbox 520 3318 2830 3658">
     <span class='ocr_line' id='line_1_28' title="bbox 526 3318 2827 3390; baseline 0.003 -18"><span class='ocrx_word' id='word_1_243' title='bbox 526 3322 651 3373; x_wconf 74' lang='lat' dir='ltr'>turc</span> <span class='ocrx_word' id='word_1_244' title='bbox 681 3318 880 3387; x_wconf 86' lang='lat' dir='ltr'>inquid.</span> <span class='ocrx_word' id='word_1_245' title='bbox 906 3318 963 3372; x_wconf 98' lang='lat' dir='ltr'><strong><em>A</em></strong></span> <span class='ocrx_word' id='word_1_246' title='bbox 1086 3326 1120 3372; x_wconf 88' lang='lat'><strong>4</strong></span> <span class='ocrx_word' id='word_1_247' title='bbox 1158 3335 1188 3372; x_wconf 88' lang='lat' dir='ltr'>e</span> <span class='ocrx_word' id='word_1_248' title='bbox 1227 3318 1352 3387; x_wconf 83' lang='lat' dir='ltr'>quis</span> <span class='ocrx_word' id='word_1_249' title='bbox 1382 3320 1498 3373; x_wconf 90' lang='lat' dir='ltr'>PA</span> <span class='ocrx_word' id='word_1_250' title='bbox 1528 3336 1596 3373; x_wconf 87' lang='lat' dir='ltr'>ex</span> <span class='ocrx_word' id='word_1_251' title='bbox 1624 3321 1827 3390; x_wconf 85' lang='lat' dir='ltr'>quibus</span> <span class='ocrx_word' id='word_1_252' title='bbox 1857 3323 1913 3375; x_wconf 92' lang='lat' dir='ltr'><em>B</em></span> <span class='ocrx_word' id='word_1_253' title='bbox 1942 3338 1971 3375; x_wconf 91' lang='lat' dir='ltr'>e</span> <span class='ocrx_word' id='word_1_254' title='bbox 2002 3321 2205 3389; x_wconf 83' lang='lat' dir='ltr'>quibus</span> <span class='ocrx_word' id='word_1_255' title='bbox 2233 3339 2265 3376; x_wconf 88' lang='lat' dir='ltr'><strong><em>v</em></strong></span> <span class='ocrx_word' id='word_1_256' title='bbox 2385 3329 2417 3377; x_wconf 84' lang='lat'>5</span> <span class='ocrx_word' id='word_1_257' title='bbox 2455 3323 2615 3378; x_wconf 87' lang='lat' dir='ltr'>fundi</span> <span class='ocrx_word' id='word_1_258' title='bbox 2645 3326 2827 3379; x_wconf 78' lang='lat' dir='ltr'>solum</span> 
     </span>
     <span class='ocr_line' id='line_1_29' title="bbox 527 3408 2829 3480; baseline 0.003 -18"><span class='ocrx_word' id='word_1_259' title='bbox 527 3412 826 3479; x_wconf 76' lang='lat' dir='ltr'>partesque</span> <span class='ocrx_word' id='word_1_260' title='bbox 866 3409 985 3462; x_wconf 81' lang='lat' dir='ltr'>eius</span> <span class='ocrx_word' id='word_1_261' title='bbox 1016 3408 1130 3463; x_wconf 91' lang='lat' dir='ltr'>VB</span> <span class='ocrx_word' id='word_1_262' title='bbox 1158 3408 1317 3462; x_wconf 86' lang='lat' dir='ltr'>fundi</span> <span class='ocrx_word' id='word_1_263' title='bbox 1346 3409 1453 3463; x_wconf 80' lang='lat' dir='ltr'>soli</span> <span class='ocrx_word' id='word_1_264' title='bbox 1474 3450 1491 3472; x_wconf 12' lang='lat'>‚⁷</span> <span class='ocrx_word' id='word_1_265' title='bbox 1509 3454 1521 3465; x_wconf 91' lang='lat'><strong>.</strong></span> <span class='ocrx_word' id='word_1_266' title='bbox 1562 3412 1622 3463; x_wconf 77' lang='lat' dir='ltr'>et</span> <span class='ocrx_word' id='word_1_267' title='bbox 1648 3411 1836 3480; x_wconf 73' lang='lat' dir='ltr'>partes</span> <span class='ocrx_word' id='word_1_268' title='bbox 1866 3409 2004 3480; x_wconf 82' lang='grc'>51115,</span> <span class='ocrx_word' id='word_1_269' title='bbox 2033 3416 2097 3465; x_wconf 77' lang='lat' dir='ltr'>ut</span> <span class='ocrx_word' id='word_1_270' title='bbox 2123 3413 2353 3479; x_wconf 80' lang='lat' dir='ltr'>videtwr,</span> <span class='ocrx_word' id='word_1_271' title='bbox 2383 3414 2599 3468; x_wconf 79' lang='lat' dir='ltr'>duabus</span> <span class='ocrx_word' id='word_1_272' title='bbox 2627 3415 2829 3469; x_wconf 81' lang='lat' dir='ltr'>litteris</span> 
     </span>
     <span class='ocr_line' id='line_1_30' title="bbox 520 3496 2830 3570; baseline 0.003 -18"><span class='ocrx_word' id='word_1_273' title='bbox 520 3503 648 3567; x_wconf 78' lang='lat' dir='ltr'>post</span> <span class='ocrx_word' id='word_1_274' title='bbox 690 3497 797 3551; x_wconf 90' lang='grc'>5011</span> <span class='ocrx_word' id='word_1_275' title='bbox 833 3498 1020 3551; x_wconf 83' lang='lat' dir='ltr'>deletis</span> <span class='ocrx_word' id='word_1_276' title='bbox 1048 3498 1102 3550; x_wconf 90' lang='lat' dir='ltr'><strong><em>A</em></strong></span> <span class='ocrx_word' id='word_1_277' title='bbox 1142 3497 1250 3552; x_wconf 78' lang='lat' dir='ltr'>soli</span> <span class='ocrx_word' id='word_1_278' title='bbox 1276 3496 1436 3552; x_wconf 86' lang='lat' dir='ltr'>fundi</span> <span class='ocrx_word' id='word_1_279' title='bbox 1465 3500 1523 3552; x_wconf 77' lang='lat' dir='ltr'>et</span> <span class='ocrx_word' id='word_1_280' title='bbox 1550 3501 1739 3568; x_wconf 77' lang='lat' dir='ltr'>partes</span> <span class='ocrx_word' id='word_1_281' title='bbox 1769 3500 1887 3553; x_wconf 81' lang='lat' dir='ltr'>eius</span> <span class='ocrx_word' id='word_1_282' title='bbox 1914 3517 1968 3553; x_wconf 87' lang='lat' dir='ltr'><strong><em>m</em></strong></span> <span class='ocrx_word' id='word_1_283' title='bbox 2113 3507 2145 3554; x_wconf 89' lang='grc'><strong>6</strong></span> <span class='ocrx_word' id='word_1_284' title='bbox 2184 3518 2322 3570; x_wconf 81' lang='lat' dir='ltr'>opus</span> <span class='ocrx_word' id='word_1_285' title='bbox 2351 3501 2466 3555; x_wconf 71' lang='lat' dir='ltr'>sint</span> <span class='ocrx_word' id='word_1_286' title='bbox 2492 3518 2556 3556; x_wconf 88' lang='grc'>50</span> <span class='ocrx_word' id='word_1_287' title='bbox 2586 3503 2830 3559; x_wconf 76' lang='lat' dir='ltr'>debeant</span> 
     </span>
     <span class='ocr_line' id='line_1_31' title="bbox 529 3587 2684 3658; baseline 0.002 -17"><span class='ocrx_word' id='word_1_288' title='bbox 529 3587 891 3642; x_wconf 62' lang='lat' dir='ltr'>Schneider-us</span> <span class='ocrx_word' id='word_1_289' title='bbox 947 3603 1086 3656; x_wconf 79' lang='lat' dir='ltr'>opus</span> <span class='ocrx_word' id='word_1_290' title='bbox 1144 3588 1276 3639; x_wconf 73' lang='lat' dir='ltr'>sunt</span> <span class='ocrx_word' id='word_1_291' title='bbox 1333 3604 1398 3641; x_wconf 89' lang='grc'>50</span> <span class='ocrx_word' id='word_1_292' title='bbox 1446 3587 1689 3642; x_wconf 78' lang='lat' dir='ltr'>debeant</span> <span class='ocrx_word' id='word_1_293' title='bbox 1733 3587 1785 3641; x_wconf 90' lang='lat' dir='ltr'><strong><em>V</em></strong></span> <span class='ocrx_word' id='word_1_294' title='bbox 1834 3606 1974 3658; x_wconf 82' lang='lat' dir='ltr'>opus</span> <span class='ocrx_word' id='word_1_295' title='bbox 2023 3591 2154 3643; x_wconf 73' lang='lat' dir='ltr'>sunt</span> <span class='ocrx_word' id='word_1_296' title='bbox 2200 3606 2266 3644; x_wconf 85' lang='grc'>50</span> <span class='ocrx_word' id='word_1_297' title='bbox 2312 3590 2518 3645; x_wconf 73' lang='lat' dir='ltr'>debent</span> <span class='ocrx_word' id='word_1_298' title='bbox 2562 3591 2684 3645; x_wconf 93' lang='lat' dir='ltr'>AB</span> 
     </span>
    </p>

    <p class='ocr_par' dir='ltr' id='par_1_12' title="bbox 527 3673 2683 3749">
     <span class='ocr_line' id='line_1_32' title="bbox 527 3673 2683 3749; baseline 0.003 -20"><span class='ocrx_word' id='word_1_299' title='bbox 527 3673 707 3729; x_wconf 76' lang='lat' dir='ltr'>tercia</span> <span class='ocrx_word' id='word_1_300' title='bbox 743 3675 797 3727; x_wconf 93' lang='lat' dir='ltr'><strong><em>A</em></strong></span> <span class='ocrx_word' id='word_1_301' title='bbox 909 3682 938 3729; x_wconf 80' lang='lat'><strong>7</strong></span> <span class='ocrx_word' id='word_1_302' title='bbox 976 3675 1238 3730; x_wconf 86' lang='lat' dir='ltr'>facienda</span> <span class='ocrx_word' id='word_1_303' title='bbox 1272 3677 1395 3730; x_wconf 92' lang='lat' dir='ltr'>AB</span> <span class='ocrx_word' id='word_1_304' title='bbox 1430 3675 1698 3731; x_wconf 83' lang='lat' dir='ltr'>faciunda</span> <span class='ocrx_word' id='word_1_305' title='bbox 1736 3676 1789 3728; x_wconf 88' lang='lat' dir='ltr'><strong><em>V</em></strong></span> <span class='ocrx_word' id='word_1_306' title='bbox 1892 3679 2129 3747; x_wconf 83' lang='lat' dir='ltr'>quicque</span> <span class='ocrx_word' id='word_1_307' title='bbox 2168 3679 2284 3733; x_wconf 92' lang='lat' dir='ltr'>PA</span> <span class='ocrx_word' id='word_1_308' title='bbox 2312 3679 2558 3749; x_wconf 90' lang='lat' dir='ltr'>quidque</span> <span class='ocrx_word' id='word_1_309' title='bbox 2585 3682 2683 3735; x_wconf 84' lang='lat' dir='ltr'>Bv</span> 
     </span>
    </p>

    <p class='ocr_par' dir='ltr' id='par_1_13' title="bbox 528 3762 2830 4119">
     <span class='ocr_line' id='line_1_33' title="bbox 530 3762 2828 3839; baseline 0.002 -21"><span class='ocrx_word' id='word_1_310' title='bbox 530 3770 562 3818; x_wconf 91' lang='lat'>8</span> <span class='ocrx_word' id='word_1_311' title='bbox 601 3762 955 3833; x_wconf 82' lang='lat' dir='ltr'>generalibus</span> <span class='ocrx_word' id='word_1_312' title='bbox 983 3765 1262 3833; x_wconf 73' lang='lat' dir='ltr'>partibus]</span> <span class='ocrx_word' id='word_1_313' title='bbox 1291 3764 1589 3833; x_wconf 83' lang='lat' dir='ltr'>generibus</span> <span class='ocrx_word' id='word_1_314' title='bbox 1629 3765 1808 3819; x_wconf 89' lang='lat' dir='ltr'>VAB</span> <span class='ocrx_word' id='word_1_315' title='bbox 1900 3774 1966 3821; x_wconf 91' lang='lat'>10</span> <span class='ocrx_word' id='word_1_316' title='bbox 2004 3768 2093 3837; x_wconf 85' lang='lat' dir='ltr'>ea]</span> <span class='ocrx_word' id='word_1_317' title='bbox 2126 3776 2193 3821; x_wconf 76' lang='lat' dir='ltr'>ea</span> <span class='ocrx_word' id='word_1_318' title='bbox 2220 3769 2274 3821; x_wconf 92' lang='lat' dir='ltr'><strong><em>A</em></strong></span> <span class='ocrx_word' id='word_1_319' title='bbox 2368 3768 2631 3839; x_wconf 77' lang='lat' dir='ltr'>alterum]</span> <span class='ocrx_word' id='word_1_320' title='bbox 2662 3770 2828 3835; x_wconf 72' lang='lat' dir='ltr'>alter-</span> 
     </span>
     <span class='ocr_line' id='line_1_34' title="bbox 528 3853 2830 3925; baseline 0.003 -19"><span class='ocrx_word' id='word_1_321' title='bbox 528 3871 649 3907; x_wconf 84' lang='lat' dir='ltr'>ram</span> <span class='ocrx_word' id='word_1_322' title='bbox 677 3853 751 3919; x_wconf 87' lang='lat' dir='ltr'>A,</span> <span class='ocrx_word' id='word_1_323' title='bbox 780 3854 962 3907; x_wconf 76' lang='lat' dir='ltr'>omisit</span> <span class='ocrx_word' id='word_1_324' title='bbox 991 3854 1288 3909; x_wconf 72' lang='lat' dir='ltr'>Iucundus</span> <span class='ocrx_word' id='word_1_325' title='bbox 1408 3861 1471 3908; x_wconf 92' lang='lat'>11</span> <span class='ocrx_word' id='word_1_326' title='bbox 1514 3855 1756 3909; x_wconf 80' lang='lat' dir='ltr'>secunda</span> <span class='ocrx_word' id='word_1_327' title='bbox 1785 3872 1892 3922; x_wconf 85' lang='lat' dir='ltr'>que</span> <span class='ocrx_word' id='word_1_328' title='bbox 1922 3874 2051 3925; x_wconf 84' lang='lat' dir='ltr'>pars</span> <span class='ocrx_word' id='word_1_329' title='bbox 2081 3873 2187 3924; x_wconf 90' lang='lat' dir='ltr'>que</span> <span class='ocrx_word' id='word_1_330' title='bbox 2217 3857 2271 3909; x_wconf 91' lang='lat' dir='ltr'><strong><em>A</em></strong></span> <span class='ocrx_word' id='word_1_331' title='bbox 2381 3858 2677 3911; x_wconf 78' lang='lat' dir='ltr'>mouentur</span> <span class='ocrx_word' id='word_1_332' title='bbox 2715 3857 2830 3912; x_wconf 91' lang='lat' dir='ltr'>VB</span> 
     </span>
     <span class='ocr_line' id='line_1_35' title="bbox 530 3941 2827 4013; baseline 0.002 -18"><span class='ocrx_word' id='word_1_333' title='bbox 530 3943 808 3997; x_wconf 88' lang='lat' dir='ltr'>mouendo</span> <span class='ocrx_word' id='word_1_334' title='bbox 839 3942 956 3995; x_wconf 82' lang='lat' dir='ltr'>Am</span> <span class='ocrx_word' id='word_1_335' title='bbox 1103 3948 1168 3995; x_wconf 84' lang='lat'>12</span> <span class='ocrx_word' id='word_1_336' title='bbox 1210 3941 1420 3997; x_wconf 77' lang='lat' dir='ltr'>debent</span> <span class='ocrx_word' id='word_1_337' title='bbox 1448 3942 1811 3999; x_wconf 78' lang='lat' dir='ltr'>Schneiderus</span> <span class='ocrx_word' id='word_1_338' title='bbox 1957 3953 2022 3999; x_wconf 88' lang='lat'>13</span> <span class='ocrx_word' id='word_1_339' title='bbox 2061 3945 2237 3999; x_wconf 72' lang='lat' dir='ltr'>tercia</span> <span class='ocrx_word' id='word_1_340' title='bbox 2265 3946 2317 3998; x_wconf 88' lang='lat' dir='ltr'><strong><em>A</em></strong></span> <span class='ocrx_word' id='word_1_341' title='bbox 2466 3952 2532 3999; x_wconf 88' lang='lat'>14</span> <span class='ocrx_word' id='word_1_342' title='bbox 2561 3946 2630 4000; x_wconf 81' lang='lat' dir='ltr'>ad</span> <span class='ocrx_word' id='word_1_343' title='bbox 2661 3964 2827 4013; x_wconf 86' lang='lat' dir='ltr'>quam</span> 
     </span>
     <span class='ocr_line' id='line_1_36' title="bbox 533 4031 2827 4119; baseline 0.001 -35"><span class='ocrx_word' id='word_1_344' title='bbox 533 4046 688 4119; x_wconf 71' lang='lat' dir='ltr'>&#39;rem</span> <span class='ocrx_word' id='word_1_345' title='bbox 716 4031 771 4084; x_wconf 93' lang='lat' dir='ltr'><strong><em>A</em></strong></span> <span class='ocrx_word' id='word_1_346' title='bbox 819 4031 891 4085; x_wconf 87' lang='lat' dir='ltr'>ad</span> <span class='ocrx_word' id='word_1_347' title='bbox 940 4049 1111 4100; x_wconf 86' lang='lat' dir='ltr'>quam</span> <span class='ocrx_word' id='word_1_348' title='bbox 1155 4047 1274 4085; x_wconf 84' lang='lat' dir='ltr'>rem</span> <span class='ocrx_word' id='word_1_349' title='bbox 1320 4049 1374 4085; x_wconf 86' lang='lat' dir='ltr'><strong><em>m</em></strong></span> <span class='ocrx_word' id='word_1_350' title='bbox 1517 4034 1938 4101; x_wconf 81' lang='lat' dir='ltr'>praeparandae</span> <span class='ocrx_word' id='word_1_351' title='bbox 1976 4036 2033 4088; x_wconf 91' lang='lat' dir='ltr'><strong><em>B</em></strong></span> <span class='ocrx_word' id='word_1_352' title='bbox 2179 4040 2245 4088; x_wconf 89' lang='lat'>15</span> <span class='ocrx_word' id='word_1_353' title='bbox 2283 4034 2542 4089; x_wconf 85' lang='lat' dir='ltr'>facienda</span> <span class='ocrx_word' id='word_1_354' title='bbox 2579 4035 2699 4088; x_wconf 90' lang='lat' dir='ltr'>AB</span> <span class='ocrx_word' id='word_1_355' title='bbox 2744 4035 2827 4086; x_wconf 85' lang='lat' dir='ltr'>fa-</span> 
     </span>
    </p>
   </div>
   <div class='ocr_carea' id='block_1_11' title="bbox 526 4119 2831 4177">
    <p class='ocr_par' dir='ltr' id='par_1_14' title="bbox 526 4119 2831 4177">
     <span class='ocr_line' id='line_1_37' title="bbox 526 4119 2831 4177; baseline 0 -2"><span class='ocrx_word' id='word_1_356' title='bbox 526 4122 734 4175; x_wconf 83' lang='lat' dir='ltr'>ciunda</span> <span class='ocrx_word' id='word_1_357' title='bbox 773 4120 827 4172; x_wconf 90' lang='lat' dir='ltr'><strong><em>V</em></strong></span> <span class='ocrx_word' id='word_1_358' title='bbox 960 4127 1024 4175; x_wconf 89' lang='grc'>16</span> <span class='ocrx_word' id='word_1_359' title='bbox 1063 4119 1415 4175; x_wconf 74' lang='lat' dir='ltr'>circumitum</span> <span class='ocrx_word' id='word_1_360' title='bbox 1443 4120 1629 4174; x_wconf 89' lang='lat' dir='ltr'>PAB</span> <span class='ocrx_word' id='word_1_361' title='bbox 1655 4120 1948 4175; x_wconf 77' lang='lat' dir='ltr'>circuitum</span> <span class='ocrx_word' id='word_1_362' title='bbox 1975 4139 2007 4176; x_wconf 82' lang='lat' dir='ltr'><em>v</em></span> <span class='ocrx_word' id='word_1_363' title='bbox 2135 4139 2380 4176; x_wconf 84' lang='lat' dir='ltr'>annuum</span> <span class='ocrx_word' id='word_1_364' title='bbox 2407 4122 2593 4177; x_wconf 79' lang='lat' dir='ltr'><strong><em>A²mv</em></strong></span> <span class='ocrx_word' id='word_1_365' title='bbox 2623 4139 2831 4175; x_wconf 89' lang='lat' dir='ltr'>anuum</span> 
     </span>
    </p>
   </div>
   <div class='ocr_carea' id='block_1_12' title="bbox 530 4207 1344 4270">
    <p class='ocr_par' dir='ltr' id='par_1_15' title="bbox 530 4207 1344 4270">
     <span class='ocr_line' id='line_1_38' title="bbox 530 4207 1344 4270; baseline -0.005 -6"><span class='ocrx_word' id='word_1_366' title='bbox 530 4216 594 4264; x_wconf 79' lang='lat' dir='ltr'>ut</span> <span class='ocrx_word' id='word_1_367' title='bbox 628 4211 846 4264; x_wconf 77' lang='lat' dir='ltr'>videtur</span> <span class='ocrx_word' id='word_1_368' title='bbox 882 4209 937 4262; x_wconf 93' lang='lat' dir='ltr'><strong><em>A</em></strong></span> <span class='ocrx_word' id='word_1_369' title='bbox 975 4225 1183 4270; x_wconf 83' lang='lat' dir='ltr'>annum</span> <span class='ocrx_word' id='word_1_370' title='bbox 1223 4207 1344 4261; x_wconf 88' lang='lat' dir='ltr'>PB</span> 
     </span>
    </p>
   </div>
   <div class='ocr_carea' id='block_1_13' title="bbox 532 4297 2830 4583">
    <p class='ocr_par' dir='ltr' id='par_1_16' title="bbox 532 4297 2830 4583">
     <span class='ocr_line' id='line_1_39' title="bbox 678 4297 2823 4405; baseline 0 -18"><span class='ocrx_word' id='word_1_371' title='bbox 678 4340 742 4387; x_wconf 85' lang='lat'>19</span> <span class='ocrx_word' id='word_1_372' title='bbox 779 4333 983 4405; x_wconf 64' lang='lat' dir='ltr'>Igitur]</span> <span class='ocrx_word' id='word_1_373' title='bbox 1014 4333 1099 4386; x_wconf 76' lang='lat' dir='ltr'>De</span> <span class='ocrx_word' id='word_1_374' title='bbox 1135 4331 1320 4401; x_wconf 81' lang='lat' dir='ltr'>prima,</span> <span class='ocrx_word' id='word_1_375' title='bbox 1355 4297 1450 4401; x_wconf 58' lang='grc' dir='ltr'>ἑοὶ</span> <span class='ocrx_word' id='word_1_376' title='bbox 1482 4335 1489 4401; x_wconf 80' lang='lat' dir='ltr'>l</span> <span class='ocrx_word' id='word_1_377' title='bbox 1521 4331 1563 4385; x_wconf 89' lang='lat' dir='ltr'>li</span> <span class='ocrx_word' id='word_1_378' title='bbox 1602 4334 1763 4401; x_wconf 73' lang='lat' dir='ltr'>parte</span> <span class='ocrx_word' id='word_1_379' title='bbox 1791 4335 1848 4403; x_wconf 77' lang='lat' dir='ltr'>(h</span> <span class='ocrx_word' id='word_1_380' title='bbox 1869 4377 1881 4388; x_wconf 90' lang='lat'><em>.</em></span> <span class='ocrx_word' id='word_1_381' title='bbox 1903 4352 1963 4390; x_wconf 79' lang='lat' dir='ltr'>e.</span> <span class='ocrx_word' id='word_1_382' title='bbox 1987 4335 2056 4393; x_wconf 78' lang='lat' dir='ltr'>de</span> <span class='ocrx_word' id='word_1_383' title='bbox 2092 4333 2277 4404; x_wconf 81' lang='lat' dir='ltr'>prima</span> <span class='ocrx_word' id='word_1_384' title='bbox 2313 4309 2614 4404; x_wconf 58' lang='lat' dir='ltr'>principali</span> <span class='ocrx_word' id='word_1_385' title='bbox 2641 4336 2823 4403; x_wconf 78' lang='lat' dir='ltr'>parte)</span> 
     </span>
     <span class='ocr_line' id='line_1_40' title="bbox 532 4422 2830 4492; baseline 0 -15"><span class='ocrx_word' id='word_1_386' title='bbox 532 4426 595 4477; x_wconf 69' lang='lat' dir='ltr'>iri</span> <span class='ocrx_word' id='word_1_387' title='bbox 632 4423 876 4491; x_wconf 75' lang='lat' dir='ltr'>marqinc</span> <span class='ocrx_word' id='word_1_388' title='bbox 911 4423 1138 4477; x_wconf 75' lang='lat' dir='ltr'>rubrica</span> <span class='ocrx_word' id='word_1_389' title='bbox 1165 4423 1219 4475; x_wconf 89' lang='lat' dir='ltr'><strong><em>A</em></strong></span> <span class='ocrx_word' id='word_1_390' title='bbox 1362 4422 1594 4487; x_wconf 78' lang='lat' dir='ltr'>fortasse</span> <span class='ocrx_word' id='word_1_391' title='bbox 1631 4438 1742 4489; x_wconf 88' lang='lat' dir='ltr'>qua</span> <span class='ocrx_word' id='word_1_392' title='bbox 1780 4423 1853 4477; x_wconf 76' lang='lat' dir='ltr'>sit</span> <span class='ocrx_word' id='word_1_393' title='bbox 1889 4423 2071 4478; x_wconf 83' lang='lat' dir='ltr'>forma</span> <span class='ocrx_word' id='word_1_394' title='bbox 2214 4430 2283 4477; x_wconf 80' lang='lat'>20</span> <span class='ocrx_word' id='word_1_395' title='bbox 2321 4440 2421 4492; x_wconf 83' lang='lat' dir='ltr'>per</span> <span class='ocrx_word' id='word_1_396' title='bbox 2450 4439 2509 4476; x_wconf 90' lang='grc'>55</span> <span class='ocrx_word' id='word_1_397' title='bbox 2537 4425 2691 4477; x_wconf 76' lang='lat' dir='ltr'>tutus</span> <span class='ocrx_word' id='word_1_398' title='bbox 2720 4423 2830 4478; x_wconf 83' lang='lat' dir='ltr'>Am</span> 
     </span>
     <span class='ocr_line' id='line_1_41' title="bbox 533 4510 1420 4583; baseline -0.003 -16"><span class='ocrx_word' id='word_1_399' title='bbox 533 4511 859 4583; x_wconf 73' lang='lat' dir='ltr'>persecutus</span> <span class='ocrx_word' id='word_1_400' title='bbox 896 4512 952 4566; x_wconf 92' lang='lat' dir='ltr'><em>B</em></span> <span class='ocrx_word' id='word_1_401' title='bbox 989 4513 1319 4581; x_wconf 79' lang='lat' dir='ltr'>prosecutus</span> <span class='ocrx_word' id='word_1_402' title='bbox 1370 4510 1420 4564; x_wconf 87' lang='lat' dir='ltr'><strong><em>V</em></strong></span> 
     </span>
    </p>
   </div>
   <div class='ocr_carea' id='block_1_14' title="bbox 2858 1517 2951 1553">
    <p class='ocr_par' dir='ltr' id='par_1_17' title="bbox 2858 1517 2951 1553">
     <span class='ocr_line' id='line_1_42' title="bbox 2858 1517 2951 1553; baseline 0.011 -1"><span class='ocrx_word' id='word_1_403' title='bbox 2858 1517 2951 1553; x_wconf 87' lang='lat'>10-</span> 
     </span>
    </p>
   </div>
   <div class='ocr_carea' id='block_1_15' title="bbox 2861 2586 2916 2625">
    <p class='ocr_par' dir='ltr' id='par_1_18' title="bbox 2861 2586 2916 2625">
     <span class='ocr_line' id='line_1_43' title="bbox 2861 2586 2916 2625; baseline 0.018 -1"><span class='ocrx_word' id='word_1_404' title='bbox 2861 2586 2916 2625; x_wconf 81' lang='lat'>20</span> 
     </span>
    </p>
   </div>
  </div>
 </body>
</html>
