3178 5185
614 417 739 479 192
1295 426 1676 482 COMMENT.
1716 428 1796 480 IN
1833 427 2209 482 VARRONIS

611 583 669 640 in
718 582 987 660 principe
1035 580 1300 642 editione
1347 578 1675 642 Politianus
1722 600 1838 641 non
1888 585 2150 643 mutavit.
2245 588 2569 642 exactores
2617 588 2676 641 et
2716 599 2897 656 prae-

610 706 811 763 qnans
851 692 969 761 fiat
1007 707 1080 748 m.
1155 692 1410 749 alternis
1457 692 1566 764 qui
1614 692 1953 767 admittunt,
2002 692 2420 749 diuturniores
2457 705 2639 762 equos
2679 696 2745 748 'et
2788 705 2899 748 me·

611 798 794 855 liores
834 800 1032 870 pullos
1073 799 1221 869 fieri
1265 798 1492 856 dicunt.
1580 799 1787 870 itaque
1832 803 1901 856 ut
1945 797 2242 856 restibiles
2287 801 2519 870 seqetes
2566 801 2764 855 essent
2805 813 2903 854 ex·

611 906 903 975 uetiore3‚
969 906 1059 962 sic
1124 910 1267 978 quot
1331 905 1509 962 annis
1575 920 1735 976 quae
1793 909 2214 977 praeanantes
2273 906 2434 974 fiant
2486 900 2739 982 Merula,
2809 900 2904 961 ubi

604 1027 962 1084 praeqnans
1011 1014 1128 1082 fiat
1193 1028 1264 1069 ex
1322 1008 1525 1069 codice
1574 1027 1632 1068 m
1699 1011 1929 1086 recepit
1974 1007 2304 1089 Iuc'unduS,
2359 1011 2663 1069 molliores
2711 1010 2905 1083 pullos

612 1114 791 1175 editio
839 1114 1319 1175 Commeliniana.
1396 1118 1722 1176 admittant
1766 1133 1837 1175 ex
1886 1114 2037 1175 libro
2075 1115 2366 1195 Politiani,
2414 1133 2604 1190 equas
2651 1133 2723 1175 ex
2770 1132 2902 1174 con-

611 1225 837 1283 iectura
894 1222 1260 1283 Pontederae
1319 1239 1373 1300 p.
1413 1218 1545 1282 435
1607 1221 2009 1282 Schneiderus
2068 1224 2348 1283 restituit.
2433 1224 2636 1300 itaque
2692 1222 2903 1301 scripsi

613 1333 869 1391 alternis
917 1333 1025 1404 qui
1070 1333 1420 1404 admittant,
1469 1321 1889 1390 diuturniores
1936 1347 2149 1404 equas,
2207 1333 2485 1390 meliores
2523 1332 2722 1405 pullos
2765 1331 2908 1401 lieri

613 1440 841 1512 dicunt,
891 1436 946 1495 h.
987 1455 1036 1495 e.
1085 1438 1241 1515 siqui
1289 1436 1533 1497 alternis
1581 1437 1751 1496 annis
1799 1453 1985 1514 equos
2026 1434 2355 1516 admittant,
2401 1435 2494 1495 his
2548 1454 2730 1515 equas
2780 1434 2902 1495 diu·

612 1545 932 1623 turnioreS,
978 1542 1170 1621 pullos
1219 1541 1493 1603 meliores
1540 1544 1671 1603 fieri
1731 1542 1970 1623 dicunt,
2028 1549 2250 1604 mutato
2310 1544 2589 1604 nimirum
2638 1543 2904 1604 subiecto

610 1653 670 1711 in
720 1650 902 1710 altera
951 1656 1118 1728 parte
1168 1651 1518 1729 sententiae,
1567 1650 1740 1709 cuius
1777 1651 2015 1728 generis
2055 1632 2321 1728 exempla
2369 1651 2432 1709 in
2470 1649 2730 1710 relativis
2771 1668 2903 1728 pro·

612 1756 954 1817 nominibus
1002 1755 1140 1815 dedi
1185 1755 1209 1814 Ι
1248 1754 1352 1836 44,
1381 1753 1441 1816 4.
1529 1756 1878 1816 femininum
1927 1775 2115 1835 genus
2164 1765 2361 1817 autem
2402 1774 2590 1831 equas
2628 1776 2763 1817 cum
2808 1776 2903 1817 res

611 1867 738 1943 ipsa
789 1876 914 1924 tum
963 1863 1106 1923 illud
1156 1862 1314 1942 quod
1363 1865 1638 1943 sequitur
1684 1881 1841 1937 quae
1879 1871 2257 1939 praeqnates
2296 1868 2455 1937 fiant
2505 1863 2780 1942 postulat.
2821 1896 2900 1905 —

615 1975 983 2051 exuctioreS,
1030 1969 1189 2049 quod
1237 1978 1375 2049 post
1421 1969 1704 2030 Merulam
1755 1968 1826 2029 ab
1874 1969 2152 2030 omnibus
2200 1979 2509 2052 receptum
2558 1978 2711 2050 erat,
2758 1972 2902 2049 quin

610 2096 818 2138 verum
876 2085 1036 2137 esset
1090 2076 1351 2137 dubitari
1407 2095 1527 2137 non
1585 2076 1854 2137 debebat.
1941 2080 2332 2140 exsucciores
2378 2078 2422 2139 1.
2466 2077 2531 2140 F.
2571 2078 2901 2139 Gronovius

612 2184 767 2264 apud
818 2183 1268 2244 Schneiderum.
1343 2186 1540 2245 exucti
1589 2192 1824 2262 segetes
1872 2192 2013 2244 sunt
2061 2187 2164 2263 qui
2204 2187 2448 2247 remotis
2486 2187 2684 2246 succis
2723 2185 2906 2245 macri

612 2293 752 2352 lacti
800 2300 957 2373 sunt,
1004 2298 1071 2351 ut
1117 2290 1373 2351 Iuvenal.
1414 2299 1521 2351 sat.
1562 2289 1622 2372 8,
1652 2288 1739 2352 90
1787 2309 1923 2352 ossa
1964 2294 2130 2351 vides
2177 2310 2386 2353 rerum
2431 2296 2643 2353 vacuis
2681 2298 2903 2352 exucta

611 2402 904 2460 medullis.
992 2398 1095 2459 sed
1154 2400 1599 2459 coniunctivum
1667 2406 1863 2459 essent
1927 2400 1988 2458 in
2050 2398 2159 2459 hac
2216 2398 2474 2460 dictione
2533 2398 2728 2460 locum
2786 2416 2902 2458 non

614 2505 836 2566 habere
887 2506 1029 2566 vidit
1076 2506 1395 2587 GesneruS,
1445 2508 1549 2585 qui
1597 2507 1949 2566 concinnius
1999 2506 2185 2566 videri
2239 2509 2363 2567 sint
2407 2506 2723 2568 adnotavit.
2795 2523 2902 2583 pro

611 2614 724 2674 hoc
782 2615 1136 2674 infinitivum
1198 2633 1327 2675 esse
1382 2617 1581 2696 posui,
1637 2616 1753 2674 nisi
1807 2616 2007 2693 potius
2065 2613 2257 2675 deleto
2315 2603 2470 2676 esset
2523 2612 2901 2674 scribendum

612 2730 740 2781 erat
800 2728 867 2782 ut
922 2723 1223 2782 restibiles
1276 2730 1509 2797 seqetes
1563 2723 1938 2796 exactiores,
1994 2724 2085 2782 sic
2140 2726 2463 2796 quotannis
2519 2739 2677 2797 quae
2721 2739 2901 2797 prae-

609 2835 828 2903 qnates
867 2831 1042 2901 fiant.
1137 2831 1488 2890 sententiam
1550 2827 1873 2888 Varronem
1931 2827 2001 2888 ab
2062 2827 2380 2889 Aristotele
2437 2829 2573 2889 hist.
2618 2830 2794 2889 anim.
2832 2827 2902 2886 Vl

613 2931 877 3014 22,156
937 2938 1238 3016 accepisse
1296 2934 1595 2996 Victorius
1659 2934 1982 3017 adnotavit,
2042 2928 2207 2995 ὅταν
2266 2926 2340 2994 δὲ
2397 2929 2547 3016 τέκῃ
2596 2926 2637 3014 ἡ
2687 2931 2902 3013 ἵππος,

613 3033 735 3103 οὐκ
783 3034 991 3115 εὐθὺς
1037 3033 1197 3122 μετὰ
1245 3038 1443 3102 τοῦτο
1482 3037 1869 3119 πίμπλαται,
1917 3032 2086 3101 ἀλλὰ
2136 3036 2459 3102 διαλείπει
2504 3034 2757 3122 χρόνον
2794 3036 2902 3103 καὶ

609 3148 812 3210 τίκτει
861 3140 1143 3229 ἄμεινον
1188 3139 1475 3230 τετάρτῳ
1525 3137 1564 3227 ἢ
1613 3143 1882 3232 πέμπτῳ
1930 3146 2058 3208 ἔτει
2105 3142 2265 3228 μετὰ
2313 3139 2434 3209 τὸν
2481 3141 2701 3211 τόκον.
2784 3145 2902 3210 ἕνα

613 3247 675 3315 δ’
729 3247 1042 3317 ἐνιαυτὸν
1088 3247 1198 3315 καὶ
1244 3247 1523 3334 πάμπαν
1568 3246 1823 3335 ἀνάγκη
1866 3252 2230 3316 διαλείπειν
2268 3248 2379 3315 καὶ
2424 3262 2643 3316 ποιεῖν
2682 3247 2901 3335 ὥσπερ

612 3356 816 3423 νειόν.

788 3469 1161 3530 In-decem
1220 3468 1476 3529 diebus
1533 3464 1927 3530 secundum
1985 3479 2267 3549 partum
2332 3488 2484 3530 cum
2553 3471 2900 3532 matribus

610 3579 682 3636 in
727 3576 1063 3656 pabulum
1111 3575 1636 3655 prodigendum
1683 3595 1766 3636 ne
1815 3576 2121 3656 ungulas
2171 3586 2567 3637 commurat
2613 3588 2899 3639 stercus

612 3681 943 3760 tenebat]
1014 3683 1099 3743 De
1165 3682 1455 3743 Politiano
1521 3681 1665 3743 salsa
1731 3682 1961 3744 rettulit
2033 3683 2361 3743 Gesnerus:
2425 3702 2561 3744 nam
2630 3693 2899 3746 comurat

609 3796 847 3851 stercus
894 3792 1161 3865 tenebat,
1219 3809 1339 3850 non
1396 3794 1648 3852 tenellas
1693 3793 1972 3871 uerebat,
2028 3789 2357 3851 Politianus
2418 3808 2490 3849 ex
2548 3792 2754 3852 codice
2809 3791 2898 3851 ad·
2939 3816 2951 3822 ·

612 3900 866 3978 notavit,
922 3900 1245 3959 comburat
1287 3904 1525 3958 stercus
1582 3901 1831 3958 tenellas
1887 3916 1957 3956 ex
2007 3915 2112 3957 sua
2169 3899 2511 3957 coniectura
2571 3898 2896 3977 adscripsit.

611 4022 686 4063 ne
732 4007 996 4077 unqulas
1052 4005 1373 4065 comburat
1426 4011 1664 4065 stercus
1719 4007 2055 4064 cavendum
2112 4023 2184 4064 ex
2231 4003 2437 4065 Aldina
2495 4004 2757 4066 editione
2812 4024 2894 4065 re-

612 4119 851 4188 ceptum
912 4118 1055 4171 erat.
1137 4129 1213 4171 ne
1269 4114 1530 4185 unqulas
1587 4111 1906 4171 comburat
1959 4117 2196 4170 stercus
2261 4113 2602 4172 cavendum
2658 4115 2896 4174 tenellas

612 4216 1032 4278 Schneiderus.
1105 4219 1169 4276 in
1217 4220 1513 4298 scriptura
1561 4216 1894 4297 archetypi,
1952 4235 2127 4296 quam
2176 4216 2435 4278 editores
2492 4227 2893 4299 corruperant,

610 4327 867 4403 primum
936 4331 1071 4384 ante
1138 4325 1348 4385 decem
1404 4325 1906 4402 praepositionem
1966 4327 2055 4398 in,
2113 4342 2263 4403 quae
2321 4327 2382 4385 in
2448 4324 2559 4386 hac
2619 4328 2893 4404 temporis

610 4430 954 4490 definitione
1010 4429 1207 4490 locum
1266 4449 1384 4491 non
1451 4430 1656 4510 habet,
1713 4429 1928 4510 delevi,
1996 4430 2208 4491 deinde
2266 4439 2513 4492 teneras
2576 4434 2790 4512 scripsi
2841 4439 2894 4490 et

613 4555 849 4615 pravam
900 4536 1215 4597 verborum
1263 4536 1711 4598 collocationem
1759 4539 2011 4618 correxi,
2058 4540 2265 4599 decem
2312 4541 2525 4599 diebus
2570 4542 2891 4601 secundum
