3178 5185
596 429 718 496 118
1274 436 1656 492 COMMENT.
1692 436 1772 489 IN
1809 433 2183 490 VARRONIS

597 597 925 656 necessitas
972 596 1150 668 coqu,
1198 590 1274 652 ib.
1317 587 1416 652 17.
1492 609 1592 651 eas
1638 592 1819 669 igitur
1866 589 2071 672 Varro,
2118 592 2168 650 si
2215 590 2518 670 archetypi
2564 589 2868 651 lectionem

594 704 927 782 sequimur,
974 699 1046 760 ab
1095 700 1329 760 oleariis
1377 700 1530 758 vasis
1577 700 1656 759 ita
1705 698 2001 779 distinxit,
2050 705 2115 758 ut
2163 697 2322 758 oleae
2371 716 2443 758 ex
2491 696 2769 758 tabulatis
2813 699 2870 758 in

596 811 799 890 seriaS,
837 828 909 869 ex
948 808 1041 868 his
1080 808 1141 867 in
1180 824 1315 866 vasa
1353 805 1569 866 olearia
1610 824 1676 865 ac
1715 813 1975 884 trapetas
2015 805 2484 867 demitterentur.
2537 805 2642 866 sed
2682 808 2872 885 potius

594 916 973 978 scribendum
1023 922 1149 975 erat
1205 916 1556 974 demittatur
1605 931 1723 989 per
1768 916 1965 974 serias
2011 931 2087 973 ac
2134 931 2282 973 vasa
2338 915 2574 974 olearia
2624 916 2711 974 ad
2754 920 2871 973 tra-

588 1030 791 1104 petas,
836 1022 891 1082 h.
933 1040 982 1082 e.
1028 1039 1138 1102 per
1199 1022 1383 1081 serias
1432 1027 1491 1079 et
1545 1019 1655 1079 alia
1712 1038 1929 1099 genera
1986 1038 2275 1081 vasorum.
2367 1027 2629 1099 trapetas
2687 1030 2875 1081 autem

594 1126 755 1210 ipsas
802 1127 985 1188 molas
1034 1127 1280 1188 olearias
1318 1125 1500 1187 Varr‘o
1549 1126 1698 1187 dixit
1735 1134 1795 1187 et
1840 1126 1953 1187 hoc
1991 1125 2122 1187 loco
2162 1135 2221 1187 et
2259 1127 2330 1187 de
2370 1127 2507 1207 ling.
2546 1128 2646 1189 lat.
2677 1127 2725 1186 V
2757 1125 2873 1190 138

596 1244 860 1315 trapetes
906 1239 1097 1297 molae
1144 1238 1415 1297 oleariae
1459 1242 1775 1310 vocantur,
1824 1242 2091 1312 trapetes
2136 1253 2175 1295 a
2223 1237 2490 1312 terend0,
2536 1240 2664 1297 nisi
2701 1255 2876 1312 qrae-

600 1363 736 1408 cum
784 1352 887 1406 est.
964 1342 1242 1404 subtilius
1281 1342 1576 1403 distinctis
1624 1342 1943 1421 generibus
1989 1344 2523 1404 instrumentorum
2564 1343 2881 1404 Columella

597 1452 703 1513 XII
732 1449 837 1534 52,
867 1448 905 1512 6
954 1450 1137 1511 molas
1184 1469 1215 1510 a
1254 1458 1501 1531 trapeto,
1540 1450 1698 1529 quod
1747 1449 1910 1532 dixit,
1954 1450 2216 1510 diversas
2253 1452 2470 1531 posuit,
2509 1455 2639 1513 oleo
2688 1459 2882 1512 autem

598 1561 975 1633 conficiendo
1020 1561 1214 1618 molae
1260 1560 1531 1618 utiliores
1576 1564 1720 1619 sunt
1767 1575 1946 1632 quam
1994 1564 2315 1638 trapetum,
2354 1565 2664 1634 trapetum
2709 1576 2883 1633 quam

598 1669 836 1727 canalis
893 1671 952 1726 et
1009 1668 1188 1725 solea.
1282 1663 1536 1742 denique
1605 1671 1867 1724 veterem
1932 1663 2246 1724 lectionem
2313 1683 2470 1739 quae
2534 1685 2639 1725 res
2700 1669 2885 1726 molae

597 1774 885 1853 oleariae,
935 1789 1084 1850 quae
1130 1770 1483 1849 interpolata
1531 1770 1776 1831 Aldinae
1825 1771 2103 1831 editionis
2151 1771 2430 1853 lectione,
2480 1790 2662 1852 quam
2712 1791 2883 1851 supra

596 1881 798 1959 posui,
846 1880 908 1938 in
955 1878 1128 1938 editis
1178 1877 1615 1957 exemplaribus
1663 1886 1943 1958 corrupta
1989 1888 2142 1961 erat,
2191 1899 2387 1940 veram
2444 1898 2574 1940 esse
2630 1881 2886 1961 Scaliger

598 1987 871 2066 cognovit
927 1994 987 2046 et
1042 2004 1218 2046 usum
1274 1988 1530 2046 nominis
1586 2005 1688 2047 res
1746 1985 2059 2066 adscriptis
2116 1987 2400 2066 exemplis
2464 1987 2882 2067 comprobavit.

602 2094 865 2174 exempla
923 2104 1139 2176 autem,
1178 2092 1394 2173 quibus
1441 2093 1498 2152 id
1547 2111 1765 2153 nomen
1804 2111 1941 2153 cum
1987 2092 2245 2154 relativis
2288 2093 2376 2155 vel
2415 2096 2886 2156 demonstrativis

599 2200 1051 2282 pronominibus
1108 2218 1216 2279 pro
1264 2209 1428 2260 certo
1487 2199 1683 2279 aliquo
1742 2202 1977 2261 nomine
2037 2203 2305 2284 ponitur,
2351 2204 2412 2261 in
2467 2202 2561 2262 his
2614 2201 2885 2262 Varronis

607 2309 771 2370 libris
819 2315 959 2384 sunt
1007 2306 1177 2386 haec,
1223 2305 1248 2365 1
1291 2302 1392 2386 16,
1429 2302 1469 2367 6
1525 2310 1663 2368 viae
1706 2339 1794 2349 —-
1842 2313 1949 2368 aut
1987 2309 2247 2381 flumina
2298 2340 2398 2390 -,
2443 2310 2666 2383 quibus
2713 2313 2883 2370 utris-

600 2436 716 2493 que
762 2418 944 2477 rebus
999 2416 1172 2476 evehi
1214 2445 1301 2456 —
1345 2416 1594 2488 seimus,
1643 2413 1668 2472 1
1712 2411 1811 2496 17,
1855 2412 1886 2474 1
1936 2416 2204 2475 homines
2250 2423 2309 2476 et
2354 2418 2735 2477 adminicula
2789 2419 2881 2476 ho-

601 2528 852 2606 minum,
906 2525 1041 2584 sine
1095 2523 1310 2597 quibus
1366 2523 1551 2582 rebus
1606 2525 1806 2582 colere
1863 2538 1983 2583 non
2037 2529 2314 2600 possunt,
2362 2520 2510 2606 114,
2550 2519 2590 2584 6
2636 2523 2791 2601 faba
2834 2530 2887 2584 et

602 2635 830 2695 hordeo
886 2638 943 2693 et
998 2637 1200 2692 cetero
1250 2629 1586 2706 frumentO,
1646 2648 1804 2706 quae
1857 2649 1958 2692 res
2013 2648 2131 2692 non
2178 2633 2352 2692 modo
2399 2634 2885 2708 pinquitudinem

603 2739 896 2816 efficiunt,
943 2736 1023 2797 ΠΙ
1066 2734 1164 2820 16,
1201 2734 1307 2809 23,
1328 2741 1628 2814 propolim
1658 2770 1743 2781 —
1774 2755 1954 2813 quam
2000 2755 2128 2800 rem
2175 2742 2355 2800 etiam
2401 2742 2644 2800 nomine
2691 2743 2885 2801 eodem

607 2849 831 2908 medici
873 2851 1144 2920 utuntur,
1191 2843 1243 2903 11
1284 2842 1340 2927 7,
1380 2842 1418 2906 8
1465 2849 1677 2907 scillae
1721 2848 1981 2906 medium
2028 2852 2350 2907 conterunt
2375 2865 2490 2906 —.·
2528 2852 2658 2907 tum
2705 2865 2777 2908 ea
2821 2864 2886 2906 re

605 2962 892 3015 naturam
957 2970 1150 3027 equae
1193 2984 1282 2994 —
1328 2959 1613 3029 tanqunt,
1687 2952 1768 3012 ΙΙΙ
1818 2949 1919 3035 16,
1960 2950 2042 3014 12
2105 2956 2441 3014 melittonas
2516 2956 2603 3013 ita
2676 2952 2885 3029 faeere

606 3068 864 3139 oportet,
919 3077 1067 3136 quos
1131 3063 1244 3120 alii
1303 3063 1687 3138 melitroplzia
1753 3064 2083 3137 appellant,
2141 3064 2393 3123 eandem
2459 3078 2587 3122 rem
2649 3064 2885 3137 quidam

605 3171 883 3230 mellaria
891 3188 917 3238 ;
963 3174 1023 3226 et
1070 3166 1340 3226 similiter
1387 3165 1413 3227 I
1458 3164 1555 3248 12,
1593 3163 1637 3227 4
1685 3168 1762 3227 ab
1811 3169 1931 3228 hac
1976 3174 2241 3243 utraque
2277 3187 2348 3230 re
2393 3171 2722 3245 superiora
2757 3172 2883 3230 loca

607 3279 853 3356 tutiora,
901 3272 1005 3334 ubi
1050 3291 1121 3334 re
1167 3274 1228 3333 in
1277 3273 1479 3334 codice
1531 3276 1814 3335 omissum
1864 3273 2076 3335 addidi.

786 3378 825 3441 6
891 3379 965 3440 ln
1013 3381 1294 3441 acervis
1339 3380 1675 3441 iactando
1733 3379 2088 3441 ventilare
2146 3381 2463 3462 oportet]
2514 3384 2588 3443 In
2639 3385 2885 3455 acervis,

609 3487 765 3568 quod
823 3505 895 3546 ex
951 3484 1386 3567 superioribuS,
1441 3496 1509 3547 ut
1573 3487 1833 3568 videtur,
1891 3496 2175 3549 consueto
2241 3487 2620 3550 librariorum
2691 3507 2882 3550 errore

608 3595 927 3674 repetitum
967 3601 1109 3673 erat,
1149 3591 1352 3653 delevi.
1430 3611 1561 3654 nam
1603 3597 1665 3654 in
1714 3598 1953 3656 acervis
1998 3598 2294 3657 ventilare
2330 3595 2448 3656 dici
2495 3614 2614 3656 non
2663 3601 2886 3676 poterat

609 3702 680 3763 de
729 3701 900 3783 oleis,
949 3718 1124 3780 quae,
1171 3698 1311 3758 dum
1369 3701 1543 3761 etiam
1592 3703 1655 3760 in
1712 3703 1940 3762 acervis
1988 3710 2152 3785 sunt,
2199 3701 2466 3763 iactando
2516 3703 2882 3764 ventilantur.

789 3805 824 3868 7
901 3807 1050 3867 Non
1125 3805 1350 3867 solum
1425 3807 1813 3887 denigrare
1887 3816 2153 3869 terram
2227 3809 2347 3870 sed
2423 3808 2881 3871 multitudine

609 3918 849 3977 facere
907 3912 1260 3989 sterilem]
1312 3914 1436 3976 Sed
1480 3919 1662 3976 etiam
1717 3919 2100 3978 multitudine
2144 3915 2383 3977 Merula.
2474 3920 2587 3978 sed
2630 3937 2748 3978 non
2793 3915 2882 3976 ad-

609 4024 732 4085 dito
781 4024 960 4084 etiam
1006 4028 1141 4101 post
1187 4039 1306 4082 non
1352 4026 1540 4083 solum
1599 4021 1815 4102 legitur
1872 4033 2176 4103 praeterea
2232 4023 2257 4082 l
2296 4021 2399 4105 37,
2436 4021 2478 4084 2
2527 4042 2649 4085 non
2704 4028 2882 4085 solum

612 4134 673 4192 in
719 4131 928 4191 ovibus
974 4131 1306 4205 tondendis,
1353 4132 1463 4191 sed
1505 4132 1567 4190 in
1616 4148 1744 4191 meo
1790 4134 2025 4207 capillo.

787 4241 913 4296 LVI
978 4234 1095 4294 Em
1152 4238 1320 4314 quin
1378 4235 1648 4315 adsum]
1706 4235 1789 4298 Ita
1855 4239 1915 4296 in
1972 4237 2289 4317 archetypo
2355 4238 2643 4317 scriptum
2709 4238 2878 4299 fuisse

613 4345 950 4404 testimonio
999 4340 1245 4403 Victorii
1292 4350 1522 4404 constat
1577 4337 1744 4426 (nam
1791 4343 1947 4422 quod
2004 4346 2066 4404 in
2123 4343 2629 4424 explanationibus
2685 4348 2879 4405 absum

615 4452 881 4533 scripsit,
947 4452 1140 4510 errori
1212 4449 1594 4511 tribuendum
1668 4444 1815 4534 est),
1890 4459 2066 4531 atque
2131 4451 2243 4512 hoc
2308 4454 2503 4531 ipsum
2570 4451 2877 4512 Politianus

621 4557 823 4640 voluit,
871 4575 1225 4637 quamquam
1270 4560 1332 4617 in
1380 4556 1633 4618 lectione
1679 4558 1966 4638 principis
2005 4557 2281 4620 editionis
2327 4562 2425 4619 ille
2472 4562 2628 4620 enim
2674 4558 2879 4634 ecquid
