3178 5185
872 455 1132 510 RERVM
1170 454 1647 510 RVSTICARVM
1684 456 1820 510 LIB.
1858 458 1878 509 I
1919 455 1994 509 41
2058 499 2062 508 .
2245 475 2248 480 ·
2410 449 2529 512 101

278 601 577 670 ἀπόλλυσι
622 603 1004 690 παραρρέον
1064 602 1176 670 διὰ
1223 601 1346 689 τὴν
1393 603 1787 687 ἀσθένειαν,
1844 600 1924 670 δι’
1978 599 2015 671 ὃ
2062 605 2172 670 καὶ
2220 605 2325 672 ἐπὶ
2380 606 2532 673 κυνὶ

281 713 445 776 δοκεῖ
484 707 979 797 ἀσφαλέστατος
1025 707 1214 778 εἶναι.

431 820 468 883 3
537 822 760 883 Vitem
809 823 1049 884 triduo
1098 832 1469 902 antequam
1518 826 1852 884 inserant
1899 824 2274 903 desecant]
2346 825 2532 887 Vitem

278 932 458 991 triduo
504 931 561 990 in
611 929 931 1010 archetypo
979 930 1107 1010 fuit,
1156 949 1274 990 non
1322 934 1504 991 uitem
1551 949 1689 992 cum
1736 934 1958 1006 triduo,
2006 930 2162 1009 quod
2212 950 2282 992 ex
2327 932 2531 993 codice

276 1055 322 1095 m
348 1035 660 1096 Politiauus
691 1036 1077 1115 adscripsisse
1121 1037 1370 1098 videtur.
1446 1056 1578 1097 nam
1619 1040 1679 1098 in
1711 1037 1955 1116 reliquis
1986 1056 2121 1098 cum
2150 1057 2267 1098 non
2298 1038 2530 1118 legitur.

276 1142 465 1201 deinde
512 1146 573 1203 in
621 1161 804 1218 quam
853 1147 1130 1205 inserunt
1175 1146 1412 1223 scripsi,
1471 1144 1573 1205 ubi
1622 1148 1684 1205 in
1730 1163 1853 1219 qua
1909 1147 1971 1205 in
2028 1145 2345 1225 archetypo
2403 1147 2531 1207 fuit.

273 1253 327 1309 in
368 1268 536 1325 quam
584 1250 967 1311 scribendum
1015 1270 1146 1312 esse
1195 1271 1266 1312 ex
1313 1253 1387 1312 iis
1435 1270 1583 1330 quae
1634 1270 1811 1329 supra
1866 1249 1982 1334 40,
2019 1248 2061 1313 5
2117 1262 2176 1314 et
2223 1250 2262 1313 6
2310 1255 2529 1333 scripta

273 1366 395 1416 sunt
437 1356 696 1436 intellegi
748 1365 997 1436 poterat.

427 1462 499 1522 In
539 1482 671 1542 qua
710 1482 908 1523 umor
944 1464 1405 1523 aduenticius
1444 1463 1756 1523 effluere
1796 1463 2062 1541 possit]
2113 1465 2280 1526 Unde
2314 1467 2532 1526 humor

268 1567 561 1630 Iucundus.
639 1569 829 1630 deleta
875 1571 1313 1649 praepositione
1363 1574 1425 1630 in
1473 1572 1690 1649 scripsi
1746 1589 1868 1645 qua
1915 1588 2107 1651 umor,
2157 1571 2211 1631 h.
2252 1591 2301 1633 e.
2347 1581 2411 1634 ut
2460 1591 2528 1632 eo

268 1674 382 1735 loco
427 1696 594 1737 umor
641 1676 887 1737 effluere
935 1679 1171 1755 possit.-

423 1783 493 1844 Iu
543 1785 683 1845 sico
724 1793 793 1844 et
829 1784 1008 1843 malo
1048 1787 1311 1863 punico
1351 1793 1419 1843 et
1458 1786 1517 1843 si
1557 1802 1687 1862 qua
1732 1786 1944 1844 etiam
1984 1784 2235 1845 horum
2277 1795 2527 1846 natura

269 1889 596 1968 aridiora]
648 1890 884 1958 Punico
941 1899 999 1950 et
1056 1889 1268 1951 deinde
1326 1893 1607 1951 aridiora
1664 1890 1995 1970 apographa
2053 1894 2273 1952 omnia:
2331 1895 2527 1953 minus

267 2006 516 2056 accurate
576 1996 921 2057 Politianus
989 2001 1223 2074 punica
1280 1997 1501 2057 Merula
1559 1999 1838 2057 restituit.
1926 2008 2232 2077 praeterea
2296 2003 2526 2074 siquae,

268 2121 370 2162 non
404 2108 590 2180 siqua,
639 2103 1020 2164 scribendum
1061 2121 1192 2164 esse
1240 2103 1359 2163 dixi
1408 2102 1433 2162 1
1480 2100 1572 2177 12,
1609 2102 1665 2165 3.
1742 2103 1814 2163 de
1852 2106 2088 2183 punicis
2138 2105 2302 2165 malis
2346 2114 2407 2166 et
2453 2106 2525 2166 de

267 2211 378 2270 licis
421 2212 621 2272 eadem
669 2210 843 2272 docet
889 2210 1116 2271 Plinius
1165 2209 1317 2270 XVII
1371 2208 1500 2272 113
1548 2215 1783 2288 punica
1831 2230 1973 2273 vero
2021 2221 2080 2273 et
2116 2216 2305 2285 ficum
2342 2232 2525 2289 quae·

266 2334 366 2390 que
407 2321 527 2379 alia
572 2322 742 2380 sicca
788 2327 928 2379 sunt
972 2322 1396 2380 recrastinare
1441 2321 1684 2379 minime
1729 2322 1892 2380 utile.

422 2424 810 2485 Videndum
867 2433 943 2485 ut
1006 2424 1195 2504 quod
1265 2425 1671 2485 transferat
1733 2427 1803 2485 in
1869 2444 2205 2487 cacumen
2268 2427 2526 2488 habeat

266 2529 611 2608 gemmam]
673 2532 748 2590 In
793 2533 1292 2611 praepositionem
1351 2530 1557 2592 delevi.
1634 2550 1768 2599 nam
1825 2550 2107 2594 cacumen
2163 2536 2225 2595 in
2280 2534 2526 2596 transla-

269 2636 502 2697 tionibus
549 2637 642 2698 vel
688 2638 1069 2700 insitionibus
1118 2639 1337 2700 dicitur
1384 2639 1681 2719 surculuS,
1733 2641 1834 2718 qui
1880 2642 2184 2722 inseritur,
2234 2651 2299 2702 ut
2341 2661 2520 2721 supra

267 2740 353 2822 40,
381 2742 416 2805 6
444 2749 669 2807 ramuli
704 2764 1027 2807 cacumen:
1066 2749 1206 2808 item
1247 2746 1470 2807 Colum.
1503 2745 1547 2804 V
1579 2744 1681 2829 11,
1712 2743 1756 2806 4
1797 2765 1871 2808 ea
1909 2755 2143 2808 tantum
2180 2754 2522 2824 cacumina,

192 2882 197 2885 2
264 2866 402 2922 quae
445 2855 715 2914 inserere
762 2857 934 2929 voles,
988 2857 1279 2928 relinque,
1334 2853 1410 2914 ib.
1461 2857 1787 2914 cacumina
1842 2857 2061 2929 olivae,
2120 2852 2219 2934 12,
2249 2853 2289 2916 3
2338 2875 2521 2918 cacu-

264 2960 406 3044 mina
449 2963 779 3036 cytisorum
825 2979 967 3021 vere
1013 2963 1327 3037 disponitO.

415 3063 457 3126 4
519 3065 611 3126 De
668 3069 759 3127 iis
813 3069 1066 3145 primis
1126 3075 1472 3146 quattuor
1527 3067 1918 3146 generibus
1979 3069 2361 3147 seminum]
2430 3072 2522 3133 De

262 3172 340 3230 his
375 3176 578 3248 privis,
629 3168 775 3234 ‘hoc
822 3181 913 3233 est
959 3173 1031 3233 de
1082 3172 1173 3233 his
1221 3173 1471 3252 singulis
1522 3176 2104 3253 quatuor'seminum
2148 3173 2521 3258 generibus',

266 3280 497 3340 coniecit
532 3280 824 3340 Trillerus
863 3280 1092 3340 observ.
1131 3279 1205 3338 IV
1235 3277 1317 3340 27
1359 3299 1412 3358 p.
1444 3277 1597 3341 466.
1665 3284 1883 3358 primis
1919 3281 2162 3342 inclusit
2200 3282 2519 3366 GesneruS‚

265 3388 349 3461 qui
408 3387 546 3448 haec
618 3388 689 3448 ad
757 3388 1249 3467 quadripertitam
1305 3390 1599 3450 seminum
1665 3389 2014 3450 divisionem
2080 3409 2259 3470 supra
2323 3389 2438 3476 29,
2476 3391 2516 3454 3

265 3492 548 3555 indicatam
597 3498 901 3575 pertinere
948 3495 1264 3557 adnotavit.
1338 3495 1483 3556 haec
1531 3504 1812 3575 quattuor
1850 3505 2047 3558 autem
2089 3517 2307 3576 genera
2346 3504 2516 3560 semi-

264 3616 384 3660 num
419 3604 606 3680 prima
644 3602 925 3663 dicuntur
964 3622 1083 3663 non
1120 3612 1369 3682 propter
1401 3611 1672 3664 naturam
1710 3606 2022 3685 seminum,
2060 3605 2162 3665 sed
2202 3614 2516 3686 propterea

262 3708 394 3782 quod
441 3728 506 3769 ea
553 3709 760 3769 divisio
808 3710 1087 3788 primaria
1128 3719 1234 3771 est.
1310 3729 1442 3769 nam
1490 3712 1552 3770 in
1603 3729 1718 3771 uno
1767 3729 2003 3789 quoque
2045 3730 2264 3790 genere
2310 3713 2556 3791 plures·

265 3822 313 3871 et
353 3814 610 3876 diversae
660 3824 801 3876 sunt
847 3819 1076 3895 species
1123 3818 1432 3877 seminum.
1702 3820 1704 3824 ‘
2333 3885 2338 3891 ,

415 3921 460 3980 Ε
508 3923 773 4001 quibus
820 3925 1068 4001 paruis
1125 3923 1307 4002 quod
1367 3925 1610 3983 enasci
1665 3922 1966 3984 coliculi
2024 3926 2139 3985 uix
2198 3927 2511 4006 queunt]

262 4026 308 4083 E
342 4032 570 4105 quibus,
619 4033 783 4106 quod
817 4034 1048 4107 parviS,
1105 4034 1316 4091 enasci
1350 4048 1476 4110 sqq.
1526 4030 1857 4111 GesneruS,
1906 4031 2061 4111 quod
2113 4031 2513 4095 Schneiderus

262 4133 518 4208 probavit.
592 4146 755 4198 recte
796 4146 992 4197 tamen
1030 4137 1184 4197 idem
1224 4137 1523 4199 adnotavit
1560 4140 1889 4199 orationem
1918 4142 2286 4218 interpositis
2317 4141 2513 4202 verbis

264 4246 438 4303 omnia
473 4277 543 4287 —
588 4248 870 4305 aridiora
919 4262 1285 4327 suspensam,
1332 4245 1545 4305 deinde
1589 4254 1873 4307 mutatam
1911 4245 2134 4307 absolvi
2170 4247 2281 4329 his,
2317 4266 2512 4323 quare

265 4362 329 4405 ex
370 4356 531 4411 terra
566 4355 773 4429 potius
811 4370 938 4431 sqq.

419 4453 457 4516 5
519 4457 591 4517 In
640 4459 769 4518 boc
818 4461 1005 4519 enim
1053 4459 1408 4519 umidiora
1459 4479 1659 4539 quam
1708 4459 2061 4538 aridiora]
2119 4460 2288 4521 Vario
2335 4464 2508 4524 modo

268 4555 390 4620 haec
432 4563 500 4623 ab
546 4565 973 4644 interpretibus
1033 4564 1312 4644 temptata
1361 4574 1527 4648 sunt,
1587 4586 1723 4628 cum
1781 4569 1893 4627 vim
1953 4569 2273 4649 particulae
2328 4588 2509 4645 quam
