3178 5185
880 387 1141 444 RERVM
1177 389 1657 446 RVSTICARVM
1697 392 1831 447 LIB.
1873 393 1895 445 Ι
1939 392 1970 447 1
2534 388 2569 452 7

466 548 700 627 ltaque
771 546 955 627 quod
1019 547 1070 606 ii
1135 554 1477 623 parentes
1544 549 1775 626 magni
1839 547 2181 609 dicuntur
2248 552 2571 630 iuppiter

312 664 489 736 pater
541 654 949 735 appellatur
1016 652 1231 714 tellus
1298 661 1493 713 terra
1561 653 1817 731 mater]
1890 656 2084 717 Tellus
2148 664 2319 717 terra
2374 668 2572 719 mater

313 762 606 842 apographa
661 771 721 823 et
761 781 832 823 ex
870 764 1000 841 ipso
1038 760 1355 839 archetypo
1394 758 1711 843 Victorius,
1765 762 1957 823 Tellus
1999 782 2143 825 vero
2180 773 2375 824 mater
2412 765 2566 826 edita

313 877 428 930 ante
469 869 784 930 Victorium
835 868 1216 947 exemplaria,
1276 867 1431 945 quod
1489 866 1816 929 Politiauus
1873 871 1933 930 in
1987 872 2255 950 principe
2308 870 2565 932 editione

316 996 412 1037 non
455 980 722 1039 correxit.
792 983 1082 1054 parentes
1129 984 1188 1036 et
1238 978 1451 1051 maqni
1504 975 1774 1037 Ursinus,
1848 985 2023 1039 terra
2072 978 2387 1039 delendum
2434 998 2566 1040 esse

312 1083 575 1145 adnotavit
600 1084 886 1145 Iordanus
927 1082 994 1143 ad
1026 1082 1274 1142 Prelleri
1314 1081 1550 1161 mythol.
1582 1083 1749 1144 Rom.
1791 1103 1839 1144 v.
1870 1084 1921 1144 ΙΙ
1959 1104 2014 1164 p.
2047 1083 2103 1146 2.
2168 1104 2405 1165 pravam
2437 1105 2560 1146 ver·

310 1189 492 1250 borum
520 1199 897 1272 structuram,
927 1189 1245 1269 quaeolim
1273 1198 1416 1267 erat,
1447 1193 1612 1264 quod
1639 1192 1686 1250 ii
1703 1200 1993 1267 parentes
2020 1196 2231 1268 maqni
2255 1196 2564 1275 dicuntur,

309 1287 649 1358 distinctione
679 1308 815 1377 post
837 1304 1129 1376 parentes
1150 1298 1302 1357 facta
1330 1299 1580 1356 correxi.
1627 1315 1759 1357 nam
1789 1307 2104 1378 propterea
2134 1298 2291 1379 quod
2321 1300 2562 1382 Iupiter,

312 1412 363 1464 et
392 1404 574 1465 Tellus
610 1415 889 1485 parentes
937 1412 1102 1487 sunt,
1151 1403 1294 1464 dum
1333 1404 1565 1465 fructus
1613 1406 1736 1483 agri
1776 1404 2068 1487 culturae,
2111 1425 2260 1486 quos
2303 1406 2465 1468 caelo
2504 1418 2564 1469 et

313 1520 445 1571 terra
488 1515 812 1593 continent,
867 1515 1143 1592 gignunt,
1202 1513 1331 1572 iure
1389 1511 1450 1571 hi
1497 1513 1871 1591 potissimum
1931 1517 2123 1593 magni
2175 1513 2561 1593 appellantur.

308 1618 368 1677 de
400 1619 592 1679 iisdem
630 1619 813 1680 Varro
852 1620 923 1679 de
963 1619 1100 1697 ling.
1140 1619 1234 1678 lat.
1272 1617 1319 1677 V
1349 1615 1432 1680 58
1481 1617 1625 1678 dicit
1669 1619 1863 1681 Terra
1902 1623 2059 1681 enim
2088 1627 2147 1681 et
2189 1621 2449 1696 Caelum,
2497 1630 2566 1682 at

308 1727 736 1789 Samothracum
774 1731 951 1789 initia
990 1730 1224 1801 docent,
1260 1733 1402 1787 sunt
1438 1728 1540 1787 dei
1573 1730 1798 1802 maqni.
1878 1727 2070 1788 Terra
2116 1734 2312 1789 mater
2364 1736 2561 1789 autem

308 1843 518 1913 propter
572 1842 914 1895 consuetam
972 1851 1179 1894 eorum
1235 1832 1552 1894 verborum
1619 1835 2106 1912 compositionem
2173 1834 2395 1895 dictum
2453 1844 2560 1896 est.

459 1922 778 2003 Necessari
842 1941 1095 2020 simplici
1162 1944 1186 2001 i
1240 1940 1434 2001 littera
1496 1959 1567 2001 ex
1632 1940 1948 2021 archetypo
2005 1940 2329 2002 Politianus
2385 1942 2560 2002 adno-

309 2049 427 2107 tavit
477 2056 531 2108 et
582 2047 635 2108 ΙΙ
674 2044 741 2127 5,
770 2044 810 2107 9
858 2051 1178 2128 nuqatori,
1241 2065 1391 2125 quae
1448 2065 1516 2107 ex
1575 2048 1900 2108 imitatione
1961 2046 2211 2127 vulgaris
2269 2052 2558 2110 sermonis

307 2152 459 2213 Varro
501 2157 767 2234 recipere
805 2156 1016 2233 potuit.
1067 2152 1223 2214 ‘nam
1262 2153 1312 2213 11
1358 2153 1412 2235 1,
1439 2151 1482 2214 2
1522 2157 1864 2230 pecuariae
1902 2136 2165 2217 athletae
2201 2157 2412 2236 scripsi
2449 2175 2556 2236 pro

301 2266 541 2339 pecuari,
587 2261 745 2342 quod
793 2263 853 2324 in
895 2261 1098 2322 codice
1127 2261 1266 2335 fuit,
1316 2267 1373 2320 et
1420 2259 1472 2319 ΙΙ
1514 2258 1568 2343 1,
1608 2258 1687 2321 14
1732 2264 1894 2321 asini
1937 2264 2236 2344 arcadici,
2289 2281 2406 2323 non
2455 2282 2554 2324 ar-

307 2371 438 2429 cadi.
506 2372 563 2429 in
610 2368 877 2430 ablativis
925 2370 1145 2429 retinui
1191 2368 1217 2427 1
1259 2366 1360 2449 14,
1388 2365 1430 2428 2
1485 2371 1762 2443 lonquris
1809 2377 1869 2428 et
1912 2367 1964 2427 11
2003 2365 2071 2451 9,
2099 2366 2145 2429 4
2202 2373 2555 2446 internodis,

307 2478 508 2536 correxi
548 2473 717 2556 1112,
749 2473 829 2537 17
877 2479 1146 2537 sestertis
1193 2484 1252 2536 et
1297 2474 1378 2535 111
1407 2470 1466 2557 5,
1498 2472 1533 2536 7
1586 2476 1811 2536 Pontis.

455 2579 490 2644 6
552 2585 677 2646 Nec
713 2602 834 2646 non
882 2586 1064 2646 etiam
1093 2602 1324 2661 precor
1370 2581 1506 2643 libri
1552 2601 1730 2643 manu
1780 2584 1988 2663 scripti
2026 2592 2086 2644 et
2127 2604 2198 2645 ex
2238 2584 2554 2666 archetypo

307 2685 615 2772 PolitianuS,
663 2709 783 2751 non
830 2709 943 2752 nec
988 2708 1108 2752 non
1155 2698 1215 2752 et
1264 2708 1518 2767 precor,
1575 2699 1644 2750 ut
1698 2689 1998 2752 Gesnerus
2046 2691 2370 2755 adnotavit:
2443 2712 2557 2755 nec

309 2812 402 2857 non
437 2816 652 2874 precor
699 2797 881 2858 editio
927 2800 1223 2878 princeps,

453 2900 484 2963 7
538 2903 878 2966 Indicabo
925 2923 955 2965 a
1005 2903 1267 2983 quibus
1307 2904 1799 2983 scriptoribus
1850 2906 2212 2984 repertas]
2254 2908 2556 2984 Repertas

310 3010 621 3094 apographa,
669 3015 949 3090 reperias
1004 3014 1065 3072 in
1111 3013 1379 3092 principe
1432 3012 1691 3072 editione
1739 3012 2065 3073 Politianus
2112 3032 2231 3073 non
2278 3017 2554 3095 correxit,

309 3120 562 3190 reperitas
600 3138 671 3180 ex
720 3118 924 3180 codice
973 3118 1272 3179 adnotavit
1307 3116 1624 3200 Victorius,
1672 3136 1878 3179 errore
1926 3119 2141 3198 aliquo,
2191 3127 2257 3180 ut
2303 3100 2554 3201 videtur,

309 3237 400 3297 quo
432 3224 697 3286 inductus
737 3225 999 3305 Scaliger
1038 3229 1334 3303 reperites
1375 3225 1848 3308 commendabat,
1899 3229 2189 3303 repetitas
2223 3225 2552 3288 Pontedera

307 3330 450 3409 antiq.
485 3330 572 3395 lat.
611 3353 667 3413 p.
709 3329 814 3394 90.
890 3352 1096 3394 verum
1152 3331 1307 3393 haud
1368 3332 1545 3394 dubie
1604 3342 1696 3393 est
1751 3332 1906 3411 quod
1953 3332 2250 3395 Victorius
2302 3337 2556 3396 coniecit

306 3445 522 3512 repetas,

447 3541 483 3606 8
527 3546 789 3607 Hieron
828 3546 1101 3608 siculus
1140 3556 1208 3608 et
1246 3545 1517 3606 attalus
1555 3545 2032 3625 philometor]
2083 3549 2350 3611 Hierone
2388 3569 2552 3625 reae,

307 3651 469 3713 Attalo
503 3672 662 3730 reqe,
702 3656 1104 3716 Philometore
1141 3672 1288 3729 reqe
1339 3653 1565 3714 Plinius
1605 3656 1665 3714 in
1704 3653 1897 3714 indice
1938 3654 2073 3714 libri
2111 3653 2256 3735 XIV,
2286 3638 2554 3717 Hierone

308 3775 437 3834 reye,
472 3762 865 3823 Philometore
918 3780 1089 3837 reae,
1146 3763 1349 3821 Attalo
1396 3779 1544 3836 reqe
1599 3760 1757 3821 idem
1803 3761 1864 3820 in
1920 3761 2216 3823 iudicibus
2263 3761 2549 3822 librorum

310 3861 398 3924 XV.
430 3864 588 3929 XVII.
634 3866 842 3949 xvn13
892 3876 950 3928 et
997 3867 1268 3929 similiter
1307 3866 1628 3928 Columella
1670 3866 1696 3926 1
1737 3864 1794 3949 1,
1824 3865 1862 3930 8
1912 3869 2108 3938 Siculi
2152 3887 2385 3945 quoque
2433 3887 2551 3929 non

311 3974 558 4035 mediocri
583 3993 740 4036 cura
769 3979 1073 4051 neqotium
1099 3978 1264 4037 istud
1283 3977 1600 4051 prosecuti
1615 3982 1771 4050 sunt,
1802 3976 2031 4037 Hieron
2062 3984 2120 4037 et
2146 3976 2552 4052 Epicharmus

315 4078 613 4158 discipuluS,
644 4084 1012 4144 Philometor
1049 4089 1109 4144 et
1134 4085 1390 4158 AttaluS,
1431 4082 1742 4142 manifesto
1784 4100 2005 4142 errore.
2070 4081 2322 4143 Ursinus
2353 4090 2546 4142 tamen

318 4185 433 4260 apud
476 4186 786 4250 Varronem
833 4192 1073 4251 Attalus
1118 4198 1177 4251 et
1224 4191 1588 4251 Philometor
1637 4188 1949 4268 legendum
2001 4191 2278 4270 coniecit3
2326 4191 2549 4248 rectius

323 4285 538 4368 Cuperus
593 4298 745 4377 apud
803 4296 1130 4358 Gesnerum
1189 4300 1264 4359 de
1323 4298 1571 4372 reqibus
1618 4298 1849 4358 Hieron
1898 4297 2141 4357 Siculus
2200 4302 2260 4356 et
2314 4296 2551 4356 Attalus

328 4394 645 4464 Philometor.
694 4422 829 4464 nam
858 4402 1115 4463 Attalum
1145 4402 1602 4464 Philometorem
1633 4403 1904 4481 Pergami
1942 4419 2142 4480 regem
2172 4402 2290 4461 dici
2320 4411 2546 4463 certum

332 4509 405 4560 est.
466 4505 527 4567 de
580 4509 691 4571 hoc
744 4511 806 4570 in
865 4510 1104 4570 scholiis
1150 4508 1488 4571 Horatianis
1543 4509 1615 4570 ab
1672 4508 1937 4569 Usenero
1995 4507 2066 4567 de
2127 4508 2308 4569 schol.
2347 4507 2547 4572 Horat.
