3178 5185
582 389 715 452 224
1564 390 1942 446 VARRONIS

582 555 721 636 buS,
798 557 899 616 sed
977 556 1221 617 auribus
1289 558 1566 634 spiritum
1634 559 1853 618 ducere
1921 557 2111 617 solere
2179 565 2449 636 pastores
2516 561 2878 618 curiosiores

581 662 805 741 aliquot
851 663 1074 724 dicunt.
2953 743 2960 748 υ

529 772 564 829 6
766 769 846 829 De
896 770 1096 830 alteris
1144 781 1425 851 quattuor
1471 774 1629 851 quod
1679 782 1772 834 est
1816 774 1887 833 de
1933 779 2125 852 pastu,
2171 770 2283 832 hoc
2322 771 2473 830 dico.
2548 771 2878 831 stabulatur

578 895 765 954 pecus
811 879 1051 960 meliuS,
1101 880 1170 940 ad
1221 881 1503 940 hibernos
1551 889 1791 940 exortos
1839 882 1890 939 si
1937 885 2182 959 spectat,
2231 878 2387 956 quod
2437 886 2528 938 est
2576 878 2874 939 alsiosum.

579 984 665 1065 id,
723 993 789 1045 ut
844 987 1153 1067 pleraque,
1210 988 1402 1067 lapide
1460 996 1561 1048 aut
1620 995 1769 1048 testa
1817 986 2122 1047 substerni
2168 993 2402 1063 oportet
2449 985 2699 1065 caprile,
2756 1004 2874 1064 quo
2928 1000 2953 1038 5

578 1094 776 1152 minus
826 1097 903 1153 sit
944 1095 1301 1173 uliginosum
1340 1115 1406 1155 ac
1447 1095 1821 1155 lutulentum.
1900 1094 2045 1154 foris
2084 1112 2221 1153 cum
2259 1100 2350 1153 est
2386 1093 2878 1172 pernoctandum,

577 1200 718 1259 item
767 1203 829 1260 in
896 1202 1143 1261 eandem
1202 1210 1431 1281 partem
1479 1201 1626 1262 caeli
1674 1219 1825 1280 quae
1874 1207 2146 1278 spectent
2194 1208 2393 1278 saepta
2450 1207 2686 1276 oportet
2735 1198 2872 1259 sub-

576 1310 763 1367 sterni
821 1308 1122 1388 virgultiS,
1177 1328 1250 1369 ne
1309 1309 1666 1369 oblinantur.
1770 1327 1886 1367 non
1943 1306 2129 1366 multo
2187 1305 2357 1366 aliter
2416 1306 2703 1365 tuendum
2762 1307 2873 1366 hoc

573 1431 760 1490 pecus
826 1416 887 1473 in
954 1424 1127 1493 pastu
1193 1425 1369 1495 atque
1426 1416 1695 1495 ovillum,
1754 1415 1910 1494 quod
1970 1421 2163 1473 tamen
2211 1411 2434 1472 habent
2480 1430 2584 1471 sua
2632 1416 2872 1491 propria

576 1520 880 1601 quaedam,
920 1523 1077 1600 quod
1117 1525 1316 1601 potius
1356 1523 1730 1584 silvestribus
1768 1521 2017 1582 saltibus
2055 1519 2425 1580 delectantur
2459 1537 2635 1597 quam
2664 1521 2867 1596 pratis,
2897 1530 2947 1570 1⁰

523 1627 557 1683 7
583 1627 848 1687 studiose
905 1632 1060 1689 enim
1118 1630 1190 1690 de
1248 1630 1583 1710 agrestibus
1640 1629 1956 1690 fruticibus
2013 1636 2339 1705 pascuntur
2394 1634 2571 1704 atque
2619 1628 2679 1684 in
2726 1625 2872 1687 locis

573 1733 749 1793 cultis
825 1736 1074 1815 virgulta
1143 1746 1411 1816 carpunt.
1514 1739 1713 1817 itaque
1779 1757 1811 1797 a
1877 1735 2172 1814 carpendo
2241 1752 2451 1812 caprae
2517 1734 2870 1793 nominatae.

572 1840 644 1900 ab
703 1842 813 1902 hoc
870 1845 931 1902 in
988 1843 1115 1922 lege
1173 1845 1483 1905 locationis
1540 1845 1705 1904 fundi
1765 1846 1953 1921 excipi
2014 1842 2192 1921 solet,
2260 1860 2333 1901 ne
2391 1840 2637 1900 colonus
2694 1859 2869 1919 capra

571 1956 773 2008 natum
840 1952 900 2010 in
969 1952 1150 2012 fundo
1216 1960 1434 2031 pascat.
1537 1951 1747 2011 harum
1815 1951 1972 2010 enim
2039 1949 2246 2008 dentes
2313 1950 2540 2007 inimici
2607 1949 2869 2027 sationiS‚

571 2073 718 2133 quas
773 2060 948 2117 etiam
1007 2059 1286 2137 astrologi
1344 2062 1424 2120 ita
1471 2065 1829 2137 receperunt
1877 2059 1935 2116 in
1985 2055 2232 2131 caelum,
2281 2063 2348 2115 ut
2393 2063 2557 2114 extra
2604 2054 2866 2115 lembum
2895 2063 2960 2138 15-

571 2161 884 2224 duodecim
951 2167 1256 2243 signorum
1325 2166 1716 2226 excluserint:
1782 2171 1922 2224 sunt
1988 2164 2103 2223 duo
2170 2162 2345 2222 haedi
2402 2169 2463 2221 et
2517 2180 2694 2239 capra
2750 2180 2865 2221 non

518 2265 750 2347 Slonge
807 2289 837 2329 a
897 2279 1083 2332 tauro.
1187 2273 1342 2351 quod
1401 2273 1472 2333 ad
1530 2273 1784 2332 feturam
1840 2273 2126 2352 pertinet,
2203 2269 2526 2329 desistente
2583 2276 2867 2329 autumno

570 2378 815 2454 exigunt
861 2397 891 2437 a
939 2397 1118 2456 grege
1166 2381 1227 2438 in
1276 2398 1540 2459 campos,
1589 2380 1789 2440 hircos
1828 2381 1888 2438 in
1937 2377 2209 2458 caprilia,
2256 2378 2397 2435 item
2446 2384 2513 2435 ut
2560 2377 2620 2435 in
2669 2376 2863 2435 arieti-

570 2482 682 2543 bus
722 2484 962 2545 dictum.
1043 2504 1193 2564 quae
1233 2489 1522 2567 concepit,
1569 2496 1706 2566 post
1745 2493 2018 2565 quartum
2059 2502 2322 2544 mensem
2364 2482 2559 2542 reddit
2597 2489 2862 2559 tempore

570 2608 767 2650 verno.
860 2594 919 2651 in
969 2595 1273 2657 nutricatu
1317 2594 1516 2674 haedi,
1564 2597 1898 2654 trimestres
1945 2612 2080 2652 cum
2130 2600 2266 2651 sunt
2316 2590 2481 2671 facti,
2530 2598 2656 2650 tum
2706 2608 2857 2649 sum·
2891 2599 2938 2636 20

568 2699 889 2758 mittuntur
954 2708 1013 2760 et
1078 2702 1137 2759 in
1204 2719 1382 2779 grege
1448 2703 1744 2778 incipiunt
1810 2719 1959 2761 esse.
2069 2700 2208 2778 quid
2276 2698 2465 2758 dicam
2525 2696 2597 2756 de
2655 2715 2855 2756 earum

712 2911 776 2959 13
817 2907 888 2960 ab
926 2908 1034 2961 hoe
1070 2908 1127 2961 in
1165 2907 1291 2978 lege
1330 2910 1373 2961 Ι
1408 2915 1469 2975 2,
1506 2912 1579 2963 17

566 3032 871 3041 mv&
888 3038 989 3043 4⁴*-

711 3106 738 3154 1
781 3102 1039 3172 spiritum
1065 3121 1159 3157 mv
1200 3102 1441 3159 sitritum
1478 3103 1659 3156 PAB
1766 3102 2072 3156 curiosores
2101 3101 2155 3153 Β
2265 3107 2296 3153 2
2337 3100 2570 3168 aliquot,
2608 3102 2701 3154 sed
2737 3102 2763 3154 t
2798 3101 2859 3152 in

565 3206 771 3243 rasura
806 3191 863 3245 A
901 3191 1131 3259 aliquod
1172 3192 1288 3245 PB
1327 3190 1501 3259 aliqui
1538 3193 1646 3245 hoc
1684 3208 1713 3244 v

708 3285 742 3331 4
780 3279 1059 3347 hybernos
1108 3280 1160 3332 V
1317 3282 1539 3335 exortos
1581 3280 1698 3332 PB
1737 3280 1960 3333 exortus
1999 3280 2157 3333 Amv
2311 3275 2360 3330 si
2396 3278 2616 3346 spectat
2663 3277 2774 3329 ΥΒ
2813 3275 2859 3330 si

566 3369 848 3435 spectant,
896 3370 987 3422 sed
1028 3386 1067 3420 n
1104 3370 1332 3423 deletum
1368 3368 1425 3422 A
1461 3369 1509 3423 si
1547 3370 1808 3438 spectant
1841 3386 1895 3422 m
2039 3374 2070 3421 ὅ
2111 3370 2209 3421 aut
2246 3367 2417 3437 testa]
2458 3369 2558 3420 aut
2595 3366 2683 3419 sta
2720 3382 2855 3421 corr.

565 3462 664 3528 mit
702 3476 782 3528 A²
991 3483 1022 3529 6
1061 3475 1414 3530 lutulendum
1451 3478 1506 3529 A
1718 3482 1746 3529 ‘1
1785 3475 1844 3528 in
1881 3475 2115 3529 eandem
2153 3476 2369 3543 partem
2419 3473 2531 3526 ΥΒ
2567 3473 2626 3526 in
2664 3474 2856 3528 eadem

562 3565 784 3633 partem
821 3565 877 3618 A
923 3565 981 3618 in
1029 3567 1225 3620 eadem
1272 3568 1430 3635 parte
1468 3583 1522 3619 m
1668 3567 1829 3632 septa.
1868 3566 2094 3632 oportet
2130 3561 2409 3615 substerni
2446 3561 2708 3631 uirgultis
2748 3563 2856 3615 Pm

563 3656 724 3723 septa
753 3657 978 3723 oportet
1006 3654 1406 3709 substernimus
1428 3653 1756 3724 uirgultisA
1776 3656 1937 3725 septa
1956 3653 2177 3721 oportet
2194 3649 2596 3705 substernimus
2618 3648 2855 3720 gultisB

562 3746 724 3811 septa
753 3744 1157 3798 substernimus
1185 3745 1446 3814 uirgultis
1464 3763 1495 3797 v
1570 3751 1603 3798 9
1635 3743 1867 3799 ouillum
1888 3742 2068 3796 PAB
2099 3741 2311 3795 ouilum
2331 3757 2362 3792 v
2437 3738 2651 3793 habent
2675 3739 2853 3792 PAB

560 3832 734 3887 habet
770 3850 802 3886 v
947 3840 1010 3886 11
1056 3834 1334 3888 studiosae
1372 3835 1426 3886 Β
1560 3832 1859 3887 fruticibus
1897 3833 1954 3885 P
1982 3828 2312 3898 fructicibus
2351 3828 2405 3880 B
2442 3825 2772 3882 fructicibus
2801 3827 2852 3880 A

560 3922 834 3976 fructibus
861 3940 956 3976 mv
1092 3924 1261 3990 atque
1290 3922 1386 3976 Bv
1416 3922 1599 3989 adque
1630 3922 1743 3974 PA
1875 3926 1939 3974 12
1968 3918 2217 3988 uirgulta
2258 3917 2368 3969 ΥΒ
2399 3917 2708 3985 uirgultum
2739 3917 2852 3971 Am

671 4018 734 4065 13
765 4013 836 4066 ab
864 4013 972 4066 hoc
996 4012 1175 4065 PAB
1206 4013 1276 4066 ob
1307 4014 1414 4066 hoc
1437 4028 1469 4064 v
1580 4010 1775 4080 excepi
1803 4027 1940 4064 corr.
1973 4008 2155 4077 excipi
2174 4008 2228 4060 Β
2337 4022 2505 4074 capra
2524 4009 2718 4061 natum
2749 4006 2852 4061 Vm

560 4118 789 4170 capram
838 4103 1032 4154 natum
1071 4105 1123 4154 A
1163 4117 1387 4169 capram
1426 4104 1622 4154 natum
1660 4100 1714 4152 B
1861 4103 1927 4150 16
1975 4096 2328 4151 excluserunt
2363 4113 2501 4150 corr.
2543 4127 2610 4134 —-
2650 4094 2763 4149 rint
2798 4096 2850 4147 A

778 4189 968 4259 haedi]
1009 4190 1099 4242 edi
1135 4190 1192 4242 A
1398 4205 1566 4258 capra
1615 4187 1725 4240 ΥΒ
1763 4204 1928 4256 capre
1965 4189 2085 4240 Am
2293 4191 2355 4238 17
2409 4185 2481 4237 ad
2518 4185 2758 4239 feturam
2795 4183 2850 4236 Β

559 4282 836 4334 afeturam
882 4278 939 4332 A
984 4278 1056 4331 ad
1103 4278 1377 4331 foeturam
1428 4277 1479 4328 V
1619 4278 1889 4330 autumno
1939 4275 2056 4328 AB
2104 4276 2351 4329 autunno
2404 4273 2459 4325 P
2501 4276 2783 4328 auctunno
2818 4289 2850 4326 v

704 4374 768 4420 18
824 4366 884 4419 in
941 4384 1170 4435 campos
1208 4367 1325 4421 AB
1381 4365 1440 4417 in
1493 4382 1689 4434 campo
1750 4365 1801 4418 V
1958 4366 2141 4420 hircos
2191 4364 2300 4417 ΥΒ
2349 4364 2522 4431 hycos
2565 4362 2620 4414 A
2784 4366 2847 4414 19

558 4456 815 4525 concepit
849 4473 880 4509 v
921 4455 1167 4525 concipit
1202 4455 1384 4509 PAB
1527 4461 1597 4509 20
1636 4455 1767 4508 hedi
1804 4455 1861 4509 A
1998 4472 2121 4508 cum
2160 4456 2289 4507 sunt
2327 4453 2687 4505 Schneider-us
2725 4467 2849 4505 cum

556 4548 666 4603 sint
711 4548 887 4601 VAB
1033 4545 1435 4597 submittuntur
1481 4543 1658 4596 VAB
