3178 5185
561 405 694 469 220
1543 402 1918 457 VARRONIS

562 571 998 649 adcognoscant
1042 577 1288 630 matrem
1339 571 1475 647 agni
1521 577 1580 629 et
1627 568 1841 647 pabulo
1891 587 1954 628 se
2004 575 2289 628 saturent.
2384 567 2598 628 deinde
2640 574 2898 627 matres

563 696 698 738 cum
757 695 934 755 grege
989 685 1223 755 pastum
1279 676 1605 757 prodeunt,
1663 678 1925 736 retinent
1980 694 2191 755 agnoS,
2245 675 2316 736 ad
2374 694 2525 755 quos
2582 693 2727 735 cum
2787 691 2896 733 re-

565 784 776 844 ductae
843 784 913 843 ad
981 801 1324 863 vesperum,
1390 782 1651 843 aluntur·
1686 783 1836 843 lacte
1894 790 1954 842 et
2008 800 2221 843 rursus
2278 782 2741 862 discernuntur,
2807 798 2895 839 ne

564 899 746 951 noctu
803 910 834 950 a
892 891 1182 951 matribus
1239 876 1683 951 conculcentur.
1788 889 1901 949 hoc
1957 892 2099 949 item
2156 889 2381 949 faciunt
2434 907 2636 968 mane,
2704 894 2895 947 ante-

470 1000 750 1077 16quam
796 1005 1015 1057 matres
1062 1000 1120 1058 in
1170 996 1450 1075 pabulum
1498 1004 1726 1076 exeant,
1773 1003 1839 1056 ut
1886 998 2021 1074 agni
2069 995 2263 1055 satulli
2312 997 2454 1056 fiant
2489 994 2659 1055 lacte.
2762 995 2894 1054 cir-
2954 1014 2984 1052 5

565 1107 714 1166 citer
780 1105 986 1165 decem
1053 1104 1179 1164 dies
1248 1123 1382 1164 cnm
1448 1105 1916 1182 praeterierunt,
1973 1101 2138 1180 palos
2204 1103 2452 1180 offigunt
2516 1110 2576 1162 et
2632 1102 2707 1161 ad
2773 1119 2895 1161 eos

565 1211 805 1290 alligant
850 1211 1002 1272 libro
1050 1220 1154 1271 aut
1200 1230 1315 1289 qua
1362 1210 1471 1271 alia
1520 1229 1584 1269 re
1634 1210 1749 1269 levi
1787 1210 2092 1288 distanteS,
2141 1228 2214 1269 ne
2254 1216 2378 1268 toto
2418 1208 2511 1268 die
2551 1216 2893 1269 cursantes

565 1322 722 1379 inter
770 1336 833 1378 se
883 1319 1075 1378 teneri
1123 1317 1386 1377 delibent
1432 1316 1652 1395 aliquid
1702 1316 2123 1376 membrorum.
2218 1318 2269 1376 si
2316 1316 2387 1376 ad
2438 1318 2645 1376 matris
2688 1333 2889 1375 mam-

567 1443 722 1484 mam
772 1443 891 1484 non
933 1423 1191 1504 accedet,
1239 1424 1551 1484 admovere
1593 1430 1829 1503 oportet
1866 1431 1926 1483 et
1963 1422 2124 1482 labra
2164 1425 2298 1500 agni
2339 1441 2603 1501 unguere
2643 1422 2889 1483 buturo

514 1607 517 1610 Ι
569 1539 671 1592 aut
726 1531 897 1609 adipe
955 1530 1123 1590 suilla
1172 1539 1232 1591 et
1279 1530 1531 1591 olfacere
1579 1529 1742 1589 labra
1788 1527 1955 1589 lacte.
2048 1528 2258 1589 diebus
2305 1537 2440 1607 post
2486 1531 2694 1607 paucis
2747 1528 2884 1588 obi·
2921 1548 2974 1585 ιο

571 1657 706 1699 cere
764 1640 838 1698 iis
895 1640 1103 1698 viciam
1160 1636 1419 1697 molitam
1478 1644 1581 1697 aut
1628 1634 1873 1696 herbam
1923 1643 2213 1715 teneram,
2272 1643 2587 1716 antequam
2644 1642 2890 1696 exeunt

478 1749 556 1805 17
579 1755 812 1825 pastum
861 1753 921 1806 et
967 1764 1102 1806 cum
1151 1752 1543 1805 reverterunt.
1637 1752 1696 1803 et
1744 1745 1830 1802 sic
1877 1744 2271 1823 nutricantur,
2320 1743 2506 1821 quaad
2548 1743 2691 1803 facti
2731 1750 2887 1802 sunt

571 1853 1053 1932 quadrimestre&
1146 1854 1371 1911 interea
1419 1857 1640 1910 matres
1679 1864 1885 1909 eorum
1924 1852 1999 1909 iis
2037 1849 2406 1928 temporibus
2444 1869 2562 1910 non
2603 1850 2887 1929 mulgent

572 1960 840 2038 quidam,
905 1960 1006 2037 qui
1071 1966 1139 2018 ut
1193 1957 1433 2039 meliuS,
1498 1959 1739 2017 omnino
1795 1964 2113 2037 perpetuo,
2181 1956 2337 2035 quod
2396 1964 2457 2017 et
2510 1956 2676 2017 lanae
2735 1955 2883 2036 plus

574 2066 775 2126 ferunt
821 2074 881 2126 et
928 2082 1110 2143 agnos
1157 2063 1376 2143 plures,
1469 2082 1603 2124 cum
1654 2062 1887 2141 depulsi
1933 2070 2075 2123 sunt
2121 2065 2256 2140 agni
2302 2061 2690 2142 a-matribuS,
2740 2062 2880 2123 dili·
2913 2078 2967 2118 15

572 2175 767 2252 gentia
815 2171 1144 2232 adhibenda
1193 2178 1284 2231 est
1330 2188 1402 2229 ne
1451 2170 1747 2231 desiderio
1796 2176 2124 2229 senescant.
2216 2170 2414 2248 itaque
2462 2168 2880 2229 deliniendum

570 2282 632 2340 in
680 2280 981 2339 nutricatu
1029 2277 1231 2356 pabuli
1277 2276 1538 2337 bonitate
1589 2285 1647 2336 et
1694 2296 1724 2336 a
1775 2277 1994 2355 frigore
2034 2287 2093 2335 et
2132 2285 2299 2337 aestu
2339 2295 2412 2336 ne
2452 2276 2595 2356 quid
2636 2275 2878 2337 laboret

480 2389 559 2446 18
583 2385 927 2446 curandum.
1020 2404 1156 2445 cum
1203 2383 1495 2444 oblivione
1543 2386 1658 2444 iam
1705 2384 1873 2444 lactis
1921 2401 2037 2443 non
2086 2383 2383 2444 desiderat
2429 2390 2695 2462 matrem,
2748 2392 2879 2445 tum

577 2493 832 2571 denique
880 2491 1335 2570 conpellendum
1373 2494 1434 2551 in
1474 2509 1715 2570 gregem
1753 2493 1968 2551 ovium.
2060 2497 2319 2551 castrare
2370 2498 2605 2568 oportet
2653 2508 2875 2569 agnum

722 2778 789 2825 10
827 2771 995 2840 adipe
1035 2770 1202 2825 suilla
1243 2771 1522 2826 Priscian.
1563 2772 1598 2825 l.
1650 2770 1712 2826 V.
1743 2787 1802 2839 p.
1848 2775 1975 2837 168,
2015 2775 2087 2824 16
2124 2771 2158 2826 Z.
2204 2770 2325 2824 VII
2353 2788 2411 2840 p.
2452 2773 2586 2838 321,
2625 2774 2706 2826 20

579 2866 644 2915 19
686 2863 929 2915 castrare
971 2860 1127 2914 Plin.
1166 2866 1219 2928 8,
1259 2865 1369 2915 198

759 3133 786 3180 1
845 3129 1099 3182 saturent
1143 3145 1196 3181 m
1234 3128 1528 3184 Iucundus
1575 3126 1830 3180 saturant
1877 3126 2055 3180 VAB
2235 3125 2436 3180 deinde
2484 3126 2615 3180 dum
2664 3128 2874 3181 matres

581 3216 876 3271 Iucunda-3
1054 3222 1085 3269 3
1127 3215 1514 3270 discernuntur
1550 3217 1711 3269 Amv
1750 3214 2136 3269 discernentur
2176 3215 2292 3268 ΡΒ
2470 3232 2575 3269 nec
2610 3219 2783 3270 noctu
2820 3215 2875 3268 A

797 3312 828 3359 6
884 3304 1122 3375 offigunt
1168 3305 1283 3358 PA
1340 3303 1580 3373 affigunt
1635 3320 1771 3360 corr.
1826 3303 2065 3372 offigunt
2108 3304 2163 3357 Β
2223 3304 2464 3373 affigunt
2507 3321 2602 3358 mv
2819 3286 2877 3358 et

579 3393 1006 3460 superscriptum
1060 3394 1124 3446 in
1169 3394 1223 3446 A
1441 3399 1471 3447 7
1530 3391 1806 3447 distantes
1851 3409 1944 3447 mv
1991 3393 2277 3447 destantes
2324 3409 2461 3447 corr.
2511 3394 2785 3447 distantes
2820 3394 2874 3445 A

582 3481 869 3535 destantes
908 3482 1021 3534 ΡΒ
1201 3487 1232 3534 9
1290 3482 1492 3536 buturo
1531 3481 1710 3534 PAB
1757 3480 1961 3550 butyro
1997 3498 2030 3535 v
2213 3487 2282 3535 10
2337 3481 2558 3537 obicere
2597 3483 2713 3536 ΡΒ
2760 3482 2875 3536 abi-

582 3585 705 3624 cere
760 3568 817 3622 A
885 3568 1128 3624 obiicere
1181 3587 1213 3624 v
1429 3575 1494 3624 11
1559 3570 1811 3624 teneram
1866 3587 1960 3624 mv
2014 3571 2287 3625 tenetiam
2344 3572 2458 3626 ΡΒ
2512 3573 2763 3630 tenetum
2815 3575 2878 3624 nt

580 3659 796 3712 videtur
868 3658 923 3711 A
963 3703 974 3713 .
1010 3659 1146 3713 ‘Aut
1224 3658 1461 3713 herbam
1533 3661 1783 3713 teneram
1815 3700 1826 3710 .
1864 3659 2284 3715 Contaminatns
2355 3661 2419 3714 in
2492 3666 2731 3714 eoetrema
2803 3664 2878 3714 est

580 3748 817 3802 dictione
889 3748 1125 3816 optimus
1198 3749 1363 3815 liber,
1438 3747 1772 3802 Tenentiam
1837 3749 1980 3802 enim
2042 3749 2200 3804 habet
2228 3770 2245 3802 .·
2273 3754 2540 3818 receptam
2604 3751 2876 3804 lectionem

582 3836 789 3890 retinui
819 3852 830 3888 :
861 3835 1140 3889 emendari
1183 3836 1417 3901 fortasse
1451 3851 1565 3890 non
1601 3837 1932 3892 incommode
1959 3842 2144 3905 posset
2185 3836 2456 3893 Tenellam
2484 3860 2501 3892 .·
2530 3844 2660 3892 sunt
2696 3845 2877 3893 tamen

582 3931 754 3980 mann
778 3925 991 3992 scripti,
1019 3925 1116 3993 qui
1151 3923 1430 3992 Teneram,
1460 3926 1679 3980 habent’
1725 3925 1998 3980 Victorius
2107 3929 2311 3980 exeunt
2339 3926 2523 3980 PAB
2552 3928 2758 3982 exeant
2782 3943 2877 3981 mv

693 4021 758 4069 12
789 4014 940 4082 quod
969 4013 1042 4067 ad
1063 4013 1180 4066 PA
1210 4015 1393 4081 quoad
1413 4014 1573 4069 Bmv
1685 4021 1751 4068 13
1779 4014 1849 4068 iis
1867 4013 2214 4083 temporibus
2234 4015 2349 4068 PA
2371 4015 2719 4085 temporibus
2738 4015 2805 4070 iis
2824 4016 2879 4068 B

582 4103 670 4158 his
722 4102 1068 4172 temporibus
1105 4119 1136 4156 v
1282 4104 1537 4173 mulgent
1571 4103 1861 4158 Iucundus
1906 4105 2198 4172 mulgeant
2245 4104 2423 4157 VAB
2569 4111 2636 4159 14
2683 4105 2780 4173 qui
2816 4106 2879 4159 ut

583 4193 786 4246 melius
816 4191 1003 4245 PAB
1040 4191 1137 4260 qui
1173 4191 1372 4245 melius
1410 4209 1440 4246 v
1463 4231 1473 4243 .
1494 4193 1728 4259 fortasse
1764 4191 1863 4259 qui
1898 4192 1956 4246 id
1994 4193 2193 4246 melius
2344 4198 2409 4247 15
2452 4193 2587 4262 agni
2624 4211 2659 4248 a
2686 4192 2879 4248 matri·

496 4330 508 4348 ,
583 4281 686 4335 bus
711 4280 828 4336 PA
865 4299 899 4335 a
927 4278 1199 4335 matribus
1228 4279 1361 4348 agni
1380 4279 1474 4333 Βυ
1586 4285 1653 4332 16
1683 4277 1963 4333 desiderio
1993 4271 2287 4334 senescant
2314 4279 2422 4334 VB
2452 4279 2731 4336 desiderio
2758 4298 2878 4336 nes·

586 4373 716 4425 cant
735 4370 791 4424 A
821 4368 1098 4424 desidioso
1129 4369 1424 4422 senescant
1449 4384 1503 4421 m
1615 4374 1678 4422 17
1708 4367 1910 4422 fricore
1930 4367 1986 4423 A
2092 4366 2315 4422 laboret
2332 4368 2514 4422 ABm
2544 4370 2805 4424 laborent
2834 4368 2882 4423 V

731 4464 796 4512 18
837 4458 1120 4512 desiderat
1156 4456 1336 4510 PAB
1373 4456 1696 4511 desiderant
1732 4475 1765 4512 v
1881 4462 1945 4510 19
1985 4456 2410 4526 conpellendum
2449 4458 2504 4511 A
2542 4458 2877 4529 compellen-

585 4549 718 4602 dum
765 4547 873 4601 VB
