3178 5185
554 435 631 488 Vl
1487 437 1909 491 PRAEFATIO

557 592 715 650 enim
763 590 1149 670 Politianum,
1206 593 1434 651 etiamsi
1493 611 1702 670 magna
1758 592 2059 671 diligentia
2119 596 2178 652 in
2243 595 2596 655 excutiendo
2646 595 2850 655 codice

557 716 702 757 usus
769 708 889 778 est,
948 707 1141 759 tamen
1198 698 1482 776 quaedam
1542 718 1691 776 quae
1750 698 1920 759 aliter
1976 703 2036 759 in
2099 718 2167 758 eo
2227 709 2403 777 atque
2460 704 2519 760 in
2579 704 2850 780 principe

556 804 815 864 editione
866 807 1087 884 scripta
1135 814 1305 865 erant
1351 807 1622 865 omisisse
1672 806 1760 864 vel
1810 825 2017 884 parum
2070 815 2343 866 accurate
2388 807 2851 885 discrepantiam

555 911 778 972 codicis
815 912 1147 972 adnotasse.
1214 931 1659 992 nonnumquam
1708 916 1902 994 etiam,
1941 914 2043 974 ubi
2084 922 2251 974 vetus
2303 916 2600 994 scriptura
2641 924 2850 993 postea

556 1028 821 1079 correcta
863 1027 1005 1099 erat,
1037 1027 1437 1080 correctorem
1479 1023 1678 1099 potius
1721 1040 1895 1098 quam
1936 1024 2186 1101 primam
2228 1024 2582 1101 scripturam
2616 1022 2853 1083 videtur

554 1133 798 1185 secutus
846 1145 995 1186 esse.
1070 1128 1130 1185 in
1177 1126 1354 1185 huius
1404 1127 1563 1186 modi
1611 1129 1790 1205 igitur
1838 1127 1999 1208 lociS,
2049 1147 2167 1206 quo
2215 1131 2439 1189 certius
2488 1129 2559 1189 de
2612 1148 2680 1188 eo
2729 1129 2851 1189 dis-

505 1270 513 1279 ·
554 1252 734 1293 sensu
772 1233 1020 1293 iudicari
1060 1242 1277 1314 posset,
1309 1233 1482 1293 fidem
1521 1234 1993 1313 apographorum
2034 1235 2349 1315 adscriptis
2389 1236 2639 1296 aliorum
2673 1236 2851 1297 libro·

555 1358 686 1400 rum
756 1343 1110 1401 testimoniis
1176 1342 1535 1401 confirmavi.
1634 1360 1698 1401 ea
1763 1360 1901 1401 vero
1970 1362 2120 1419 quac
2187 1362 2260 1402 ex
2320 1342 2581 1403 Mediceo
2645 1344 2854 1404 codice

554 1447 867 1508 admodum
900 1449 1106 1507 vitiose
1141 1450 1364 1526 scripto
1396 1447 1668 1507 adnotata
1712 1457 1850 1508 suut
1892 1468 2006 1508 non
2049 1459 2164 1508 tam
2196 1451 2265 1509 ad
2300 1459 2558 1513 veterem
2592 1453 2850 1529 scriptu—

553 1573 679 1614 ram
711 1554 1173 1614 confirmandam
1205 1572 1379 1632 quam
1411 1555 1480 1614 ad
1512 1554 1837 1633 indaganda
1870 1555 2259 1633 interpolatae
2291 1557 2565 1616 lectionis
2607 1559 2851 1636 vestigia

559 1663 879 1739 pertinent.
954 1662 1065 1721 hoc
1115 1659 1318 1721 codice
1367 1663 1521 1721 enim
1571 1661 1718 1741 Itali,
1758 1665 1861 1740 qui
1909 1666 2116 1741 quinto
2165 1663 2394 1723 decimo
2435 1672 2495 1722 et
2542 1672 2712 1723 sexto
2754 1664 2852 1723 de-

559 1771 711 1829 cimo
762 1769 998 1828 saeculo
1046 1768 1327 1828 Varronis
1376 1767 1559 1828 libros
1609 1777 2039 1849 tractaverunt,
2089 1771 2183 1828 usi
2230 1778 2384 1829 sunt.
2460 1787 2579 1847 quo
2631 1770 2851 1829 sactum

558 1883 650 1935 est
697 1885 763 1940 ut
810 1874 1092 1935 lectiones
1141 1875 1426 1953 quaedam
1476 1895 1546 1935 ex
1587 1894 1656 1935 eo
1705 1875 2085 1955 depromptae
2134 1878 2194 1935 in
2244 1878 2689 1954 antiquissimas
2730 1876 2851 1936 edi-

557 1984 750 2042 tiones
797 1984 1212 2061 reciperentur
1252 1991 1310 2042 et
1349 1981 1560 2041 deinde
1612 1982 1679 2041 ad
1733 1981 1990 2061 reliquas
2029 1982 2319 2043 editiones
2359 1993 2851 2062 propagarentur.

734 2088 878 2149 Post
925 2090 1213 2149 lectiones
1272 2088 1578 2167 archetypi
1637 2092 2011 2148 coniecturas
2071 2088 2363 2148 editorum
2421 2099 2481 2149 et
2535 2090 2850 2150 doctorum

557 2198 851 2275 virorum,
897 2198 1001 2274 qui
1048 2202 1287 2273 praeter
1335 2193 1464 2253 illos
1512 2197 1573 2254 in
1623 2194 1986 2255 emendanda
2046 2203 2327 2272 corrupta
2384 2198 2681 2274 scriptura
2731 2206 2851 2257 stu-

557 2305 718 2364 dium
767 2313 822 2364 et
873 2321 1111 2381 operam
1161 2302 1615 2383 collocaverunt,
1665 2304 1865 2382 posui,
1915 2311 1979 2362 ut
2027 2309 2353 2376 constaret,
2402 2303 2543 2380 quid
2593 2306 2850 2382 quisque

556 2410 627 2469 ad
676 2411 1147 2469 emendationem
1196 2408 1545 2468 contulisset
1593 2418 1652 2469 et
1698 2428 1729 2467 a
1770 2427 1888 2488 quo
1936 2411 2192 2487 primum
2242 2428 2308 2467 ea
2348 2428 2498 2488 quae
2548 2419 2713 2471 recte
2763 2410 2853 2470 vel

556 2516 940 2596 probabiliter
988 2525 1255 2576 correcta
1316 2526 1485 2576 erant
1541 2519 1779 2576 inventa
1836 2525 2052 2575 essent.
2146 2534 2281 2575 nam
2337 2517 2396 2575 in
2454 2516 2852 2591 adnotatione,

557 2644 631 2684 ne
680 2627 896 2684 veteris
946 2632 1003 2683 et
1051 2626 1342 2702 genuinae
1393 2628 1724 2702 scripturae
1774 2626 2056 2684 memoria
2104 2622 2256 2684 mole
2308 2627 2598 2684 variarum
2650 2625 2852 2686 lectio·

556 2750 698 2792 num
747 2740 807 2791 et
862 2733 1338 2792 coniecturarum
1398 2731 1784 2811 obrueretur,
1839 2731 1977 2789 olim
2034 2749 2219 2809 pauca
2276 2751 2347 2790 ex
2404 2729 2495 2790 his
2551 2731 2851 2791 dederam.

557 2857 623 2898 ac
672 2858 744 2896 ne
794 2856 951 2897 nunc
1001 2838 1238 2916 quidem
1287 2856 1501 2916 operae
1549 2840 1807 2917 pretium
1856 2846 1986 2897 erat
2031 2856 2096 2896 ea
2146 2840 2371 2918 omnia,
2422 2856 2573 2915 quae
2623 2839 2684 2896 in
2736 2838 2850 2897 hoc

556 2964 772 3024 genere
824 2945 913 3004 vel
959 2948 1017 3003 in
1069 2943 1430 3003 editionibus
1479 2943 1569 3002 vel
1617 2945 1675 3001 iu
1726 2945 2166 3003 commentariis
2214 2943 2527 3003 doctorum
2587 2946 2849 3003 virorum

555 3059 836 3131 temptata
885 3061 1069 3124 erant,
1110 3059 1400 3128 repetere.
1479 3069 1614 3109 uam
1654 3057 1713 3108 et
1752 3050 1823 3109 ab
1871 3052 1944 3110 iis
1982 3051 2084 3128 qui
2124 3052 2378 3129 primum
2419 3050 2528 3109 bos
2571 3048 2851 3109 Varronis

554 3159 737 3219 libros
786 3159 1116 3237 ediderunt,
1164 3160 1224 3217 in
1274 3159 1480 3235 primis
1528 3176 1559 3215 a
1601 3156 1854 3236 Georgio
1894 3155 2142 3235 Merula,
2192 3158 2294 3234 qui
2342 3158 2677 3235 principem
2728 3156 2848 3217 edi·

557 3270 777 3327 tionem
816 3268 1063 3345 curavit,
1104 3274 1162 3325 et
1201 3285 1230 3324 a
1274 3264 1536 3324 lucundo
1576 3263 1922 3346 Veronensi,
1963 3265 2066 3341 qui
2105 3263 2344 3322 Aldinae
2384 3262 2629 3323 editioni
2682 3282 2848 3340 prae-

555 3374 685 3453 fuit,
727 3373 907 3433 multa
956 3375 1082 3431 sine
1131 3371 1245 3432 ulla
1285 3389 1459 3431 manu
1503 3372 1863 3449 scriptorum
1902 3369 2190 3430 librorum
2231 3372 2582 3430 auctoritate
2625 3378 2849 3429 temere

555 3487 776 3540 mutata
824 3487 987 3559 sunt,
1035 3486 1095 3538 et
1141 3487 1344 3556 postea
1406 3478 1476 3537 ab
1525 3476 1682 3556 aliis,
1729 3474 1979 3536 maxime
2039 3476 2109 3535 ab
2162 3475 2372 3535 Ursino
2421 3485 2481 3534 et
2530 3474 2851 3554 Scaligero,

555 3605 672 3646 non
730 3587 963 3664 cognita
1022 3585 1268 3645 traditae
1325 3588 1657 3664 scripturae
1716 3583 1829 3643 tide
1886 3601 1954 3642 ea
2011 3602 2159 3661 quae
2217 3585 2276 3642 in
2342 3581 2704 3642 editionibus
2754 3602 2848 3642 ex·

554 3712 757 3774 pressa
807 3702 976 3752 erant
1026 3684 1191 3752 novis
1240 3694 1602 3752 coniecturis
1649 3700 1817 3752 aucta
1876 3699 2040 3770 sunt,
2094 3708 2343 3768 quarum
2392 3706 2663 3767 magnam
2715 3708 2846 3768 par·

555 3809 674 3859 tem
721 3801 1041 3860 memoriae
1090 3799 1344 3877 prodere
1384 3798 1594 3859 inutile
1643 3799 1771 3859 fuit.
1847 3799 2192 3875 gravissima
2232 3806 2430 3858 autem
2469 3799 2671 3875 operis
2712 3814 2848 3875 pars

554 3908 667 3967 fuit
714 3905 877 3986 baec,
926 3916 991 3966 ut
1040 3908 1333 3985 scriptura
1381 3907 1706 3986 archetypi,
1754 3907 1803 3964 si
1855 3904 2027 3963 modo
2077 3906 2420 3982 incorrupta
2470 3912 2627 3984 erat,
2676 3904 2844 3965 resti-

554 4023 825 4074 tueretur
873 4022 931 4073 et
979 4012 1050 4072 ab
1109 4013 1667 4093 interpolationibus
1725 4019 1785 4072 et
1841 4013 2229 4092 coniecturiS,
2276 4010 2495 4089 quibus
2552 4010 2692 4071 olim
2753 4011 2845 4071 de·

552 4128 786 4199 pravata
837 4127 981 4199 erat,
1028 4119 1465 4200 defenderetur,
1505 4139 1570 4179 ea
1620 4137 1770 4199 quae
1809 4121 1949 4178 vitio
1998 4117 2341 4179 laborabant
2379 4116 2841 4178 emendarentur

553 4236 614 4288 et
660 4227 966 4287 emendata
1015 4227 1189 4288 lectio
1238 4230 1419 4288 certis
1467 4229 1833 4306 argumentis
1881 4225 2387 4304 comprobaretur.
2464 4234 2525 4284 et
2568 4229 2843 4303 quoniam

561 4337 777 4394 iustam
816 4334 1029 4394 borum
1068 4334 1356 4395 librorum
1397 4335 1870 4395 emendationem
1910 4332 2054 4392 nibil
2094 4334 2276 4411 magis
2312 4331 2640 4412 impedivit,
2672 4350 2842 4411 quam

555 4441 713 4519 quod
761 4443 802 4501 ii
850 4444 954 4519 qui
1003 4439 1140 4501 huic
1189 4444 1277 4501 rei
1324 4460 1563 4520 operam
1615 4440 1909 4500 dederunt
1953 4442 2254 4518 propriam
2302 4440 2597 4499 sermonis
2637 4438 2840 4498 Varro·

555 4550 714 4606 niani
764 4556 1031 4607 naturam
1084 4567 1197 4608 non
1245 4548 1813 4629 animadverterant,
1859 4546 2033 4624 paulo
2081 4548 2418 4606 accuratius
2465 4563 2531 4606 ea
2583 4564 2733 4624 quae
2773 4544 2843 4604 de
