3178 5185
878 423 1138 479 RERVM
1183 423 1667 479 RVSTIOARVM
1702 425 1834 480 LIB.
1874 426 1927 479 II
1968 424 1999 478 1
2455 419 2574 483 141

312 569 442 661 ests
482 579 701 658 Popma
769 583 1033 641 removit,
1124 588 1429 658 praeterea
1507 588 1788 641 neutrum
1854 580 2232 641 scribendum
2300 592 2449 665 erat,
2516 587 2577 644 in

309 691 594 763 emptione
660 690 816 748 alias
878 690 1288 763 stipulandum
1342 705 1557 748 sanum
1618 706 1769 761 esse,
1836 692 1992 749 alias
2047 708 2080 749 e
2132 708 2282 750 sano
2336 709 2578 766 pecore,
2661 669 2664 672 ⁴

309 798 455 854 alias
502 801 802 855 neutrum.
1239 780 1242 785 ⁸

471 899 555 963 16
616 901 965 962 Pascendi
1004 902 1307 980 primum
1349 900 1548 961 locus
1588 904 1708 981 qui
1737 911 1844 962 est
1882 904 2037 963 eius
2068 905 2251 964 ratio
2283 904 2574 983 triplex]

312 1010 543 1069 Primus
573 1013 741 1070 locus
780 1007 933 1068 edita
973 1008 1106 1068 inde
1147 1027 1178 1068 a
1207 1010 1475 1086 principe
1516 1009 1773 1069 editione
1813 1009 2163 1089 exemplaria
2202 1021 2383 1071 recte,
2440 1030 2575 1072 nam

307 1118 488 1194 pastio
539 1118 599 1174 in
648 1115 849 1176 alteris
896 1124 1174 1194 quattuor
1222 1114 1524 1176 divisionis
1563 1115 1831 1195 partibus
1869 1119 2123 1195 primum
2166 1117 2359 1178 locum
2399 1128 2577 1179 tenet.

470 1222 546 1282 In
605 1224 1014 1283 montuosis
1071 1224 1313 1301 potius
1376 1222 1555 1283 locis
1613 1241 1813 1302 quam
1882 1223 2319 1285 fructicibus
2375 1244 2574 1304 quam

306 1333 370 1390 in
423 1329 754 1390 herbidis
809 1328 1113 1409 campis]
1181 1331 1255 1390 In
1315 1334 1598 1390 montosis
1654 1333 1857 1406 potius
1920 1335 2068 1392 locis
2131 1339 2193 1392 et
2246 1331 2579 1407 fruticibus

308 1437 623 1498 iucundus,
702 1435 894 1496 deleto
950 1439 1150 1516 priore
1207 1436 1335 1497 loco
1384 1455 1565 1511 quam
1613 1438 1825 1516 scripsi
1883 1441 1945 1498 in
2004 1442 2328 1499 montuosis
2375 1443 2578 1516 potius

306 1547 444 1605 locis
505 1542 855 1618 fruticibus,
949 1562 1082 1604 nam
1141 1543 1485 1623 fruticibuS,
1548 1546 1651 1623 qni
1706 1552 1843 1604 sunt
1911 1546 1972 1604 in
2030 1548 2358 1606 montuosis
2414 1545 2578 1627 lociS,

306 1668 511 1730 caprae
558 1658 915 1730 pascuntur:
967 1653 1080 1711 nisi
1126 1654 1323 1730 potius
1363 1650 1741 1712 scribendum
1793 1661 1918 1712 erat
1976 1655 2036 1712 in
2082 1656 2405 1714 montuosis
2442 1657 2589 1715 locis

303 1777 432 1820 cum
475 1758 827 1843 fruticibus.

476 1865 880 1944 Exiguntur
929 1867 997 1925 in
1047 1863 1411 1926 burbures
1458 1865 1644 1926 altos
1694 1864 2004 1941 montes]
2067 1868 2385 1942 Gurqures
2433 1867 2587 1927 edita

305 1981 432 2034 ante
482 1973 811 2033 Victorium
866 1971 1247 2055 exemplaria,
1303 1973 1619 2033 Burbures
1667 1971 1911 2032 Victorii
1972 1973 2153 2033 editio
2209 1975 2425 2053 prima,
2483 1973 2585 2033 sed

311 2083 625 2157 Guryures
664 2079 921 2140 secunda
962 2089 1023 2139 et
1060 2078 1273 2139 deinde
1318 2078 1579 2157 reliquae
1621 2079 1924 2139 editiones,
1999 2089 2338 2159 corruptam
2384 2079 2585 2139 arche-

305 2191 422 2268 typi
479 2190 855 2267 scripturam,
907 2205 1022 2265 qua
1089 2204 1302 2246 nomen
1359 2188 1647 2245 montium
1705 2186 2097 2265 significatur,
2156 2187 2391 2248 retinui.
2467 2205 2584 2247 non

303 2294 495 2356 addito
543 2295 781 2354 nomine
831 2292 1034 2353 eadem
1081 2311 1178 2353 res
1228 2300 1500 2353 narratur
1548 2289 1600 2351 11
1639 2289 1697 2371 8,
1727 2288 1769 2353 5
1814 2295 1871 2352 si
1913 2296 2124 2353 exacti
2165 2300 2306 2353 sunt
2355 2297 2581 2354 aestivo

305 2409 566 2479 tempore
613 2405 676 2462 in
722 2407 965 2474 montes,
1013 2403 1178 2475 quod
1213 2403 1288 2473 sit
1337 2402 1398 2460 in
1447 2417 1602 2474 aqro
1651 2400 1928 2460 Reatino,

480 2505 560 2569 17
629 2506 825 2577 Quod
874 2507 1215 2567 hordeum
1265 2516 1333 2566 et
1379 2505 1536 2566 faba
1594 2505 1960 2566 interdum⁴
2013 2508 2106 2567 sit
2161 2506 2583 2586 quibusdam

304 2615 762 2676 obiciendum
813 2625 881 2676 et
928 2615 1230 2675 dandum
1287 2612 1516 2674 bubus
1572 2612 1892 2693 lupinum
1942 2622 2010 2673 et
2066 2613 2392 2676 lactariis
2447 2635 2583 2676 me-

265 2713 458 2782 'dica
522 2731 592 2782 et
658 2720 1000 2801 cytisum]
1077 2723 1254 2795 Quod
1313 2724 1563 2781 ordeum
1628 2728 1687 2781 et
1743 2719 1957 2795 sabam
2022 2724 2325 2783 interdum
2379 2726 2587 2784 ovibus

303 2832 706 2891 obiiciendum
754 2837 813 2890 et
857 2832 1127 2891 dandum
1174 2830 1366 2890 bubus
1422 2831 1691 2904 lupinum
1747 2837 1807 2888 et
1851 2832 2131 2889 lactariis
2186 2833 2480 2890 medicam
2528 2837 2587 2892 et

304 2940 600 3013 cythisum
647 2935 917 2997 Ursinus,
1011 2937 1291 2996 feminina
1349 2953 1483 2994 cum
1532 2936 1762 2994 neutris
1811 2936 2124 2995 coniuncta
2179 2938 2472 2997 hordeum
2528 2944 2587 2997 et

298 3042 468 3120 faba,
514 3046 752 3104 medica
800 3051 858 3103 et
904 3047 1161 3121 cytisum
1208 3043 1593 3103 offensionem
1630 3039 1926 3119 ,praebere
1969 3060 2086 3101 non
2126 3040 2434 3103 debebant.
2509 3041 2581 3101 de

306 3152 677 3211 coniunctivo
727 3150 901 3211 modo
949 3170 1064 3211 una
1104 3168 1242 3211 cum
1289 3149 1605 3209 indicativo
1645 3149 1855 3229 posite,
1891 3151 1972 3207 sit
2006 3150 2400 3228 obiciendum,
2445 3167 2581 3209 cum

305 3255 618 3335 praecedat
657 3260 732 3329 fit
774 3264 1009 3332 satura,
1058 3265 1340 3335 sequatur
1385 3257 1527 3315 item
1577 3257 1780 3327 datur,
1829 3253 2051 3314 dictum
2099 3263 2191 3313 est
2237 3254 2262 3313 1
2299 3253 2358 3337 2,
2394 3254 2492 3318 12,

482 3360 565 3424 18
632 3364 869 3424 Facere
913 3370 1148 3440 oportet
1194 3361 1373 3423 editio
1421 3362 1703 3439 princeps
1753 3378 1784 3420 a
1822 3360 2110 3421 Politiano
2157 3379 2275 3421 non
2315 3359 2583 3424 correcta

306 3477 364 3530 et
392 3470 578 3530 codex
608 3468 915 3549 CaesenaS,
948 3469 1171 3545 facere
1207 3475 1496 3545 oporteat,
1537 3466 1691 3545 quod
1729 3465 1957 3546 reliqua
1987 3467 2318 3546 apographa
2348 3468 2584 3552 habent,

307 3578 365 3637 in
410 3577 730 3657 archetypo
779 3577 961 3637 fuisse
1015 3576 1265 3636 videtur,

485 3681 565 3745 19
643 3684 777 3746 Oua
824 3687 1164 3745 ianenemia
1212 3683 1597 3758 appellabant
1644 3701 1714 3740 ex
1754 3681 2072 3762 archetypo
2119 3682 2442 3743 Politianus
2484 3683 2580 3744 ad·

226 3795 229 3798 ’
310 3794 527 3852 notavit
593 3790 686 3851 vel
751 3808 954 3850 errore
1011 3790 1205 3868 aliquo
1263 3788 1348 3848 vel
1419 3789 1555 3865 quia
1613 3791 2004 3863 appellabant
2056 3788 2196 3847 olim
2262 3792 2323 3849 in
2379 3790 2581 3851 codice

310 3899 611 3979 scriptum,
659 3896 871 3957 deinde
920 3902 1255 3955 correctum
1305 3901 1456 3953 erat:
1513 3910 1676 3972 nam,
1723 3911 1841 3953 oua
1889 3896 2030 3954 iane
2075 3898 2236 3954 nemi
2278 3899 2586 3971 appellant

310 4004 638 4083 apographa
696 4004 906 4063 omnia,
991 3992 1319 4080 ὑπηνέμια
1374 3997 1699 4060 Politianus
1766 4006 1824 4059 et
1880 4010 2012 4080 post
2073 4000 2230 4061 hunc
2287 3999 2583 4062 Victorius

251 4156 255 4162 .
315 4128 381 4169 ex
428 4111 617 4172 Plinio
664 4109 717 4169 X
757 4107 884 4170 160
933 4117 992 4168 et
1038 4105 1352 4167 Aristotele
1392 4106 1524 4165 hist,
1564 4108 1738 4167 anim,
1777 4106 1822 4163 V
1865 4103 1920 4187 l,
1947 4104 2008 4167 42
2055 4106 2128 4166 VI
2164 4105 2224 4189 2,
2253 4104 2311 4169 8.

459 4218 1000 4279 Remanserunt
1046 4217 1117 4274 in
1164 4214 1402 4274 uoluis
1450 4215 1736 4274 intimis
1792 4222 2056 4274 uocant
2111 4212 2444 4291 chorion]
2505 4217 2581 4277 In

311 4329 547 4388 valvolis
594 4326 835 4398 intimis,
882 4340 1036 4397 quas
1081 4328 1302 4382 vocant
1353 4318 1586 4400 χορίον
1645 4318 1921 4401 Ursinus,
1979 4324 2039 4380 in
2086 4324 2270 4381 volvis
2328 4325 2584 4383 intimis:

311 4435 367 4492 in
406 4437 477 4493 iis
515 4438 739 4493 vocant
772 4428 1006 4512 χορίον
1043 4427 1373 4506 Nettleship
1414 4426 1601 4487 annal,
1633 4426 1907 4506 philolog,
1948 4426 2278 4507 Cantabrig,
2317 4448 2366 4491 a.
2412 4427 2576 4491 1877

312 4559 362 4618 p,
405 4537 544 4601 174.
638 4538 809 4618 plura
854 4539 1104 4617 periisse
1151 4543 1421 4615 apparet,
1481 4552 1629 4612 quae
1687 4537 1747 4593 in
1795 4533 1954 4595 hunc
2011 4535 2135 4595 fere
2193 4536 2431 4598 modum
2489 4556 2580 4598 re-
