3178 5185
757 415 1018 469 RERVM
1055 414 1535 470 RVSTIOARVM
1573 415 1709 469 LlB.
1749 417 1773 470 I
1814 413 2071 471 26-27
2482 408 2560 470 77

312 567 426 629 liter
458 588 530 629 ac
566 577 845 631 stercore
881 571 941 629 in
980 569 1300 649 archetypo
1339 571 1628 649 scriptum
1668 579 1812 630 erat.
1887 587 2021 630 nam
2060 571 2296 648 saepius
2335 570 2397 629 in
2436 570 2567 631 eius

310 675 443 735 modi
495 675 931 737 elocutionibus
988 678 1065 737 ab
1122 678 1626 756 praepositionem
1682 696 1791 756 pro
1849 676 2099 738 ablativo
2148 675 2331 736 Varro
2390 696 2561 738 usur-

310 785 462 859 pavit,
504 781 528 841 I
565 779 674 863 59,
704 781 744 844 2
793 787 981 844 datur
1029 785 1105 843 ab
1155 791 1308 864 arte,
1355 783 1435 843 Ill
1472 782 1533 865 2,
1567 782 1644 845 17
1695 786 1860 844 vinci
1895 801 1933 842 a
1972 786 2131 856 villa,
2179 783 2252 843 de
2291 803 2409 863 quo
2449 804 2564 846 usu

310 887 649 950 Roessnerus
697 890 769 951 de
817 908 1017 970 praep.
1066 889 1138 950 ab
1187 890 1259 952 de
1307 909 1376 951 ex
1426 909 1539 951 usu
1591 889 1952 950 Varroniano
1998 908 2053 968 p.
2092 887 2177 950 23
2225 891 2563 970 disputavit.

306 994 369 1055 de
409 995 641 1076 reliquis
689 1016 808 1058 non
856 1005 949 1057 est
995 1017 1104 1058 cur
1152 997 1476 1059 dubitetur.
1549 1015 1684 1066 nam
1722 999 1796 1057 iis
1835 995 2185 1077 sationibuS,
2232 1016 2381 1075 quae
2421 1017 2560 1059 vere

305 1101 450 1182 fiunt,
475 1104 759 1183 agricolas
789 1114 1010 1165 terram
1042 1105 1252 1165 rudem
1282 1104 1669 1183 proscindere
1699 1111 1936 1182 oportet
1974 1102 2205 1164 duabus
2237 1104 2308 1164 de
2349 1108 2567 1186 causiS,

306 1210 532 1286 primum
579 1218 647 1271 ut
694 1229 844 1290 quae
893 1230 965 1272 ex
1015 1230 1079 1271 ea
1121 1219 1289 1271 enata
1330 1220 1471 1272 sunt
1508 1211 1946 1290 exradicentur,
1985 1210 2197 1270 deinde
2237 1218 2303 1271 ut
2340 1211 2563 1291 glaebis

305 1314 568 1377 calefactis
627 1320 887 1380 sationes
944 1326 1005 1378 et
1059 1317 1130 1378 ad
1191 1316 1444 1378 imbrem
1506 1316 1916 1398 accipiendum
1974 1319 2233 1396 aptiores
2281 1327 2367 1399 et,
2425 1337 2565 1379 cum

305 1420 565 1484 relaxatae
615 1426 752 1505 sint,
799 1425 871 1485 ad
919 1443 1071 1503 opus
1120 1424 1416 1484 faciliores
1465 1426 1701 1485 saciant.

454 1528 690 1608 Neque
738 1549 817 1590 ea
865 1532 1098 1591 minus
1136 1530 1325 1591 binis
1363 1530 1702 1592 arandum
1743 1538 1854 1591 ter
1892 1528 2184 1607 melius]
2218 1531 2370 1590 Eam
2399 1539 2563 1592 recte

305 1632 540 1696 Ursinus.
615 1655 750 1696 nam
797 1636 870 1697 ad
917 1643 1138 1697 terram
1186 1635 1331 1697 haec
1369 1638 1690 1716 pertinent,
1736 1654 1857 1696 non
1895 1635 1965 1695 ad
2016 1637 2293 1697 sationes,
2358 1641 2557 1698 minus

304 1741 379 1800 bis
417 1740 657 1823 Merula,
703 1746 901 1804 minus
948 1745 1106 1803 binis
1152 1761 1222 1803 ex
1273 1742 1592 1822 archetypo
1640 1743 1896 1803 restitui.
1972 1742 2245 1803 similiter
2300 1747 2557 1805 alternis

303 1844 443 1922 120,
469 1846 524 1909 3.
570 1849 624 1908 11
665 1847 722 1932 7,
758 1848 855 1910 11.
904 1848 982 1909 111
1025 1848 1125 1931 16,
1155 1847 1214 1911 9.
1289 1859 1349 1910 et
1405 1849 1666 1930 postulat
1719 1849 1834 1909 hoc
1890 1867 2035 1909 usus
2083 1847 2391 1931 VarroniS,
2452 1853 2556 1930 qui

302 1951 561 2016 adverbiis
626 1975 1012 2018 numerorum
1072 1960 1210 2034 plus
1274 1956 1366 2017 vel
1419 1960 1616 2017 minus
1672 1958 1800 2016 sine
1856 1973 2037 2031 quam
2092 1957 2377 2035 particula
2435 1976 2554 2018 non

303 2058 518 2124 addidit:
573 2081 707 2123 nam
767 2062 847 2123 ΙΙΙ
888 2060 997 2137 10,
1028 2061 1069 2125 3
1117 2068 1259 2139 plus
1314 2081 1495 2138 quam
1551 2070 1646 2123 ter
1700 2080 1809 2142 pro
1860 2066 2001 2138 plus
2055 2071 2275 2137 quater
2322 2066 2553 2143 scripsi.

303 2182 418 2225 cum
459 2169 700 2249 reliquis
748 2172 1013 2231 numeris
1059 2169 1263 2230 eadem
1312 2176 1653 2230 constanter
1699 2186 1820 2229 non
1867 2168 2064 2229 addito
2112 2187 2292 2245 quam
2337 2174 2555 2252 posuit,

305 2274 445 2333 etin
496 2276 927 2355 significatione
985 2278 1190 2337 aetatis
1247 2279 1444 2337 maior
1500 2284 1561 2336 et
1616 2279 1813 2337 minor
1869 2295 1986 2336 non
2044 2276 2241 2338 addito
2297 2295 2479 2352 quam
2531 2276 2554 2336 1

301 2374 389 2460 20,
417 2379 447 2441 1
490 2402 682 2458 neque
725 2387 990 2445 minores
1037 2386 1246 2444 trimos
1300 2402 1495 2458 neque
1538 2386 1802 2444 maiores
1848 2384 2224 2458 quadrimos,
2281 2382 2332 2443 11
2370 2382 2438 2466 2,
2471 2382 2552 2445 18

300 2500 400 2544 non
440 2492 720 2550 minorem
768 2492 1035 2564 quinque
1079 2507 1361 2564 mensum,
1410 2484 1470 2569 5,
1511 2485 1593 2549 13
1640 2507 1759 2551 non
1807 2492 2070 2551 minores
2116 2497 2350 2566 oportet
2396 2494 2574 2552 inire*

302 2590 486 2676 bimas,
541 2595 607 2679 7,
649 2595 684 2658 1
745 2616 822 2658 ne
876 2601 998 2657 sint
1042 2600 1304 2658 minores
1356 2600 1601 2673 trimae,
1658 2600 1920 2658 maiores
1977 2601 2183 2659 decem
2238 2616 2554 2673 annorum,

301 2694 450 2775 1116,
478 2698 515 2762 2
561 2707 826 2765 minores
864 2706 1061 2765 bimae
1104 2721 1224 2765 non
1272 2706 1528 2764 idoneae
1539 2724 1564 2775 ;
1620 2711 1824 2763 contra
1873 2702 1924 2762 11
1963 2701 2142 2784 2,14
2187 2723 2381 2779 neque
2421 2709 2558 2781 pati

301 2816 500 2878 oportet
542 2813 806 2872 minores
852 2828 1033 2885 quam
1072 2812 1262 2871 bimas
1299 2813 1493 2887 saliri,
1540 2807 1602 2890 4,
1635 2807 1671 2869 7
1703 2829 1898 2885 neque
1934 2813 2197 2871 minores
2235 2813 2551 2873 admitten-

305 2911 401 2972 dae
439 2933 611 2989 quam
659 2920 1005 2992 anniculae,
1053 2915 1114 2999 4,
1142 2914 1225 2978 21
1274 2936 1352 2978 ne
1398 2921 1662 2979 minores
1709 2935 1891 2992 quam
1935 2925 2267 2978 semestres.

458 3020 494 3082 3
540 3025 835 3086 Aestate
875 3025 1047 3084 sieri
1075 3043 1344 3086 messes
1373 3034 1718 3104 oportere
1749 3033 2084 3085 autumno
2124 3025 2341 3084 siccis
2380 3033 2580 3111 tem·-

303 3129 684 3200 pestatibus
750 3130 1151 3197 uindemias
1218 3149 1296 3191 ac
1371 3130 1596 3191 siluas
1672 3129 1904 3191 excoli
1979 3129 2551 3191 commodissime

303 3236 443 3294 tunc
484 3237 804 3316 praecidi
851 3237 1148 3297 arbores
1195 3246 1533 3317 oportere
1584 3237 1977 3297 secundum
2016 3234 2316 3314 terram]
2367 3238 2552 3313 Opor-

303 3341 410 3398 tere
448 3350 698 3423 utroque
754 3343 884 3403 loco
942 3342 1128 3403 deleri
1185 3342 1370 3404 voluit
1423 3343 1706 3424 UrsinuS,
1766 3350 2001 3421 oportet
2057 3343 2359 3404 Gesnerus
2415 3362 2551 3404 con-

302 3441 432 3509 iecit.
497 3452 841 3530 infinitivu8,
889 3468 1007 3528 quo
1054 3458 1368 3529 praecepta
1416 3449 1764 3511 referuntur
1803 3448 2070 3531 aliorum,
2118 3468 2237 3510 non
2282 3453 2410 3511 eius
2450 3453 2553 3530 qui

304 3546 546 3639 loquitur,
594 3557 1000 3636 neglegentiae
1058 3556 1291 3616 cuidam
1348 3555 1586 3616 dicendi
1642 3556 1826 3617 tribui
1871 3558 2117 3636 poterit,
2173 3565 2240 3618 ut
2296 3558 2434 3637 quid
2494 3560 2553 3637 ii,

304 3671 519 3731 quorum
577 3665 838 3724 rationes
896 3665 958 3723 in
1015 3662 1345 3723 sationibus
1403 3663 1689 3723 faciendis
1747 3663 1919 3722 modo
1977 3664 2308 3743 descriptae
2366 3673 2553 3745 erant,

306 3760 356 3819 in
396 3767 604 3849 reliqua
651 3777 820 3850 parte
869 3772 1007 3829 anni
1055 3770 1186 3829 fieri
1231 3768 1432 3850 velint,
1478 3768 1794 3831 indicetur.

445 3873 819 3938 Prioribus
889 3875 1287 3954 imbribus]
1363 3874 1602 3954 Vulgari
1676 3878 2009 3956 scripturae
2075 3878 2213 3937 vitio
2279 3883 2549 3937 correcto

298 3978 632 4046 primoribus
681 3985 922 4065 scripsi,
979 3985 1134 4044 sicut
1180 3983 1397 4062 legitur
1444 3981 1496 4041 11
1535 3981 1602 4064 2,
1647 3980 1730 4043 14
1777 3986 2067 4060 primitus
2113 3987 2313 4044 oritur
2358 3986 2551 4045 herba

304 4080 558 4151 imbribus
596 4076 975 4168 primoribus
1021 4098 1290 4152 evocata.
1479 4069 1488 4081 ⁸
2019 4155 2024 4159 ,

450 4195 606 4258 Cum
653 4197 816 4277 gelu
865 4199 1185 4259 cortices
1246 4215 1325 4256 ex
1372 4196 1728 4258 imbribus
1784 4205 2084 4258 careant
2138 4196 2404 4275 glacie]
2472 4199 2552 4260 Et

303 4293 554 4365 imbribus
590 4311 853 4366 careant
888 4311 948 4364 et
978 4307 1184 4378 alacie
1210 4303 1451 4364 Merula.
1525 4323 1606 4365 ex
1643 4306 1935 4365 imbribus
1973 4311 2233 4365 careant
2267 4311 2326 4389 et
2348 4308 2552 4379 alacie

303 4403 496 4482 scripsi.
585 4411 780 4472 hieme
854 4418 980 4471 tum
1056 4405 1344 4490 putantur
1408 4411 1681 4492 arboreS,
1758 4428 1893 4471 cum
1968 4412 2224 4471 cortices
2289 4410 2424 4489 gelu
2490 4420 2550 4473 et

302 4501 455 4579 glacie
489 4528 708 4599 carent,
748 4517 905 4596 quod
944 4516 1238 4578 imbribus
1277 4518 1556 4578 eflicitur.
1622 4519 1860 4577 nomine
1894 4521 2036 4593 θεῖα
2076 4526 2271 4595 autem
2310 4527 2549 4598 praeter
