3178 5185
865 444 1126 498 RERVM
1162 443 1644 499 RVSTIOARVM
1682 445 1817 499 LIB.
1855 445 1934 497 ΙΙΙ
1974 440 2010 498 5
2444 433 2574 497 245

290 617 336 658 a.
378 594 547 658 1886
589 586 651 677 p.
695 595 821 660 697
881 600 1306 676 interpretatus
1364 606 1455 659 est
1510 597 1794 659 reticulos
1841 616 1872 657 e
1928 596 2043 656 filis
2101 596 2312 656 ferreis
2371 596 2573 678 factos,

290 723 644 784 quamquam
701 704 815 765 hoc
870 723 1059 784 genus
1116 707 1335 766 retium
1401 723 1595 784 neque
1662 725 1694 765 a
1742 703 2000 765 Varrone
2059 721 2253 782 neque
2319 701 2390 762 ab
2447 702 2574 762 aliis

289 820 816 877 commemoratum
871 813 1127 873 invenio.
1201 830 1385 891 quare
1441 812 1597 873 haud
1654 814 1776 873 scio
1824 829 1898 872 an
1945 812 2143 889 potius
2190 809 2574 870 scribendum

288 920 363 978 sit
414 922 667 980 reticuli
710 922 921 980 tenuis.
997 918 1210 979 deinde
1259 921 1473 999 scripsi
1519 926 1588 980 ut
1624 922 1905 996 prospici
1949 921 2011 979 in
2048 921 2259 979 silvam
2290 920 2481 994 possit
2518 924 2605 978 et·

287 1045 445 1102 quae
491 1029 581 1087 ibi
622 1033 764 1087 sunt
808 1029 1011 1088 videri
1053 1045 1248 1102 neque
1293 1030 1425 1088 avis
1472 1045 1546 1087 ea
1584 1030 1873 1087 transire.
1948 1043 2082 1085 nam
2119 1043 2278 1099 quae
2316 1027 2404 1086 ibi
2436 1032 2577 1085 sunt

288 1137 406 1193 non
453 1132 655 1193 addito
706 1132 883 1193 verbo
932 1127 1045 1193 dici
1096 1151 1217 1193 non
1264 1142 1514 1212 poterat.
1595 1131 1832 1193 reticuli
1876 1151 1985 1211 pro
2031 1134 2255 1211 pariete
2305 1140 2461 1205 sunt,
2511 1140 2576 1190 ut

287 1248 643 1318 prospectus
698 1241 760 1299 in
816 1237 1019 1299 silvam
1076 1246 1272 1318 pateat
1329 1249 1389 1300 et
1444 1258 1594 1319 quae
1652 1238 1734 1299 ibi
1782 1248 1922 1299 sunt
1968 1256 2103 1298 aves
2151 1238 2336 1298 videri
2385 1236 2456 1297 ab
2504 1239 2576 1296 iis

287 1365 438 1425 quae
495 1349 556 1406 in
614 1345 928 1406 ornithone
985 1345 1247 1407 inclusae
1305 1354 1446 1407 sunt
1501 1348 1758 1427 possint,
1824 1364 2016 1424 neque
2075 1351 2273 1404 tamen
2330 1346 2449 1404 avis
2508 1362 2575 1404 ea

284 1461 456 1531 parte
505 1454 762 1513 transire
808 1455 1014 1532 possit.

466 1559 663 1620 Intra
710 1560 1111 1620 interiores
1168 1559 1537 1620 columnas
1574 1591 1664 1602 —
1701 1562 1896 1619 inter
1950 1559 2078 1619 has
2135 1517 2574 1637 exteriores]

289 1668 464 1728 Inter
511 1669 625 1727 has
670 1674 729 1728 et
783 1670 1124 1728 exteriores
1169 1665 1500 1747 Iucundos,
1560 1670 1720 1727 inter
1777 1669 2097 1727 interiores
2143 1670 2454 1727 columnas
2499 1700 2571 1709 —

289 1775 456 1834 intra
494 1775 608 1833 has
655 1779 715 1834 et
758 1777 1097 1835 exteriores
1125 1772 1459 1848 TurnebuS,
1500 1777 1661 1834 inter
1693 1781 1948 1851 utroque
1995 1771 2125 1832 loco
2158 1772 2576 1833 SchneideruS.

474 1877 560 1942 14
626 1881 750 1941 Per
805 1884 1216 1942 canaliculum
1281 1879 1420 1940 libri
1484 1898 1662 1939 manu
1721 1881 1928 1959 scripti
1986 1887 2046 1940 et
2110 1881 2386 1958 impressi
2441 1886 2576 1940 ante

285 1987 643 2069 victorium,
690 1980 810 2065 per
856 1991 1267 2049 canaliculam
1316 1987 1495 2047 editio
1543 1985 1805 2066 Victorii,
1856 1985 2011 2065 quod
2062 1984 2274 2046 deinde
2323 1985 2394 2046 ad
2443 1986 2575 2046 reli-

285 2114 432 2174 quas
480 2094 777 2155 editiones
822 2101 1213 2174 propagatum
1252 2102 1405 2156 erat.

466 2201 732 2262 Subter
796 2200 1287 2262 columnarum
1355 2200 1767 2280 stylobaten
1833 2207 1942 2260 est
2008 2199 2187 2279 lapis
2252 2219 2285 2260 a
2351 2200 2576 2260 falere

282 2309 532 2389 pedem
582 2314 653 2368 et
697 2307 1122 2367 dodrantem
1171 2306 1346 2385 alta]
1397 2309 1622 2368 Subter
1666 2306 1802 2366 libri
1851 2325 2025 2366 manu
2074 2308 2281 2387 scripti
2328 2315 2389 2367 et
2424 2306 2575 2367 Poli-

286 2420 511 2498 tianuS,
568 2417 779 2477 subtus
837 2415 1017 2475 editio
1073 2417 1381 2496 princeps,
1439 2413 1597 2494 quod
1655 2413 1955 2475 Gesnerus
2002 2414 2290 2475 Politiano
2348 2413 2575 2474 tribuit.

286 2528 447 2586 altus
495 2522 818 2604 IucunduS,
866 2526 993 2583 alta
1031 2521 1330 2582 Victorius
1377 2540 1449 2581 ex
1496 2520 1816 2601 archetypo
1863 2523 2144 2582 restituit.
2219 2524 2375 2599 lapis
2412 2520 2574 2582 femi-

285 2634 425 2692 nino
484 2649 704 2710 genere
761 2630 987 2691 dictum
1043 2629 1115 2689 ab
1163 2629 1355 2689 Ennio
1402 2628 1630 2689 Nonius
1678 2647 1732 2706 p.
1772 2626 1922 2703 211,
1960 2626 1999 2689 9
2051 2632 2290 2691 notavit.
2375 2628 2579 2705 falere

286 2740 348 2798 in
394 2736 670 2817 partibus
718 2736 1125 2797 aedificiorum
1172 2735 1245 2796 ab
1292 2736 1421 2796 aliis
1469 2736 1695 2797 dictum
1745 2755 1862 2796 non
1914 2739 2148 2797 invenio
2204 2756 2396 2817 neque
2444 2746 2577 2817 apte

287 2844 644 2924 explicatum
685 2843 756 2903 ab
795 2843 1226 2922 interpretibus
1270 2843 1457 2903 viden.
1532 2842 1850 2904 Turnebus
1889 2843 2252 2923 crepidinem
2291 2844 2576 2924 lapideam

286 2961 564 3031 stagnum
595 2950 949 3011 ambientem
979 2952 1303 3027 phalerum
1333 2949 1449 3009 dici
1478 2951 1708 3028 putavit
1737 2952 1974 3010 nomine
2004 2968 2036 3010 a
2075 2951 2329 3011 candore
2368 2952 2578 3031 lapidis

283 3061 584 3141 imposit0,
614 3060 891 3138 quoniam
924 3049 1222 3139 φάλερον
1253 3056 1405 3136 apud
1440 3056 1698 3118 Graecos
1729 3066 1888 3118 esset
1924 3057 2258 3119 candidum.
2317 3058 2577 3139 Scaliger

284 3169 466 3246 pilam
527 3165 619 3226 vel
685 3164 900 3225 molem
963 3144 1170 3243 stagno
1228 3165 1584 3246 oppositam,
1651 3183 1800 3243 quae
1857 3173 2048 3224 totum
2102 3164 2373 3244 peristyli
2426 3184 2579 3227 onus

286 3278 634 3355 sustineret,
671 3290 804 3333 esse
846 3271 1054 3352 voluit3
1102 3268 1302 3330 faleria
1341 3280 1539 3331 autem
1577 3270 1733 3331 dicta
1773 3290 1903 3331 esse
1944 3273 2110 3350 quasi
2150 3270 2388 3354 baleria,
2428 3293 2578 3353 quae

288 3384 435 3442 mari
507 3386 971 3459 opponerentur.
1072 3375 1300 3455 reliqua
1368 3395 1518 3456 quae
1575 3376 1647 3437 ab
1709 3376 2040 3438 editoribus
2098 3387 2157 3438 et
2213 3378 2284 3438 ab
2342 3382 2413 3440 iis
2475 3384 2578 3460 qui

285 3490 356 3549 de
416 3486 736 3548 ornithone
792 3484 1072 3546 Varronis
1130 3485 1446 3564 separatim
1504 3486 1879 3563 scripserunt
1935 3484 2229 3565 disputata
2287 3496 2347 3547 et
2401 3491 2578 3567 pictis

287 3595 504 3657 tabulis
550 3593 841 3655 illustrata
890 3598 1031 3652 sunt
1080 3609 1199 3650 non
1247 3598 1528 3671 repetam.
1605 3609 1740 3650 nam
1786 3593 1847 3651 in
1906 3609 1975 3651 eo
2027 3590 2096 3651 ab
2152 3590 2265 3652 illis
2314 3602 2578 3655 erratum

286 3710 402 3783 est,
472 3699 632 3780 quod
698 3707 1044 3779 apparatum
1105 3699 1355 3758 convivii
1411 3699 1470 3757 in
1529 3697 1846 3758 ornithone
1903 3699 2162 3759 instituti
2227 3717 2259 3758 a
2315 3697 2578 3761 Varrone

285 3807 545 3869 describi
599 3813 985 3886 putaverunt,
1054 3822 1407 3884 quamquam
1472 3804 1530 3864 id
1598 3807 1823 3883 ipsum
1857 3807 1917 3865 in
1974 3804 2205 3865 Luculli
2263 3807 2576 3868 ornithone

286 3933 465 3995 supra
504 3912 565 3995 4,
593 3911 634 3975 3
674 3910 1127 3993 improbaverat,
1166 3929 1359 3990 neque
1397 3919 1558 3971 certa
1598 3910 1905 3990 epularum
1946 3912 2299 3990 significatio
2338 3916 2399 3973 in
2429 3916 2574 3993 ipsis

286 4021 485 4082 verbis
551 4023 721 4080 inest.
815 4018 917 4078 sed
975 4020 1251 4079 convivae
1310 4017 1594 4078 dicuntur
1658 4036 1821 4098 aveS,
1887 4017 1955 4078 ad
2018 4036 2270 4097 quarum
2335 4019 2576 4099 pabula-

287 4131 508 4190 tionem
538 4145 688 4206 quae
718 4125 990 4186 instituta
1022 4134 1161 4184 sunt
1190 4122 1629 4184 describuntur.
1704 4125 1905 4201 itaque
1945 4124 1994 4210 si
2024 4122 2349 4184 Varronem
2380 4129 2575 4206 sequi-

287 4255 449 4317 mur,
505 4233 686 4294 falere
745 4239 835 4292 est
891 4232 1101 4291 semita
1156 4232 1383 4291 circum
1443 4238 1718 4309 stagnum
1774 4230 1926 4290 facta
1993 4238 2052 4289 et
2110 4228 2343 4292 culcitis
2399 4240 2577 4312 atque

292 4340 637 4421 columelliS,
683 4342 746 4399 in
795 4336 1011 4417 quibus
1059 4356 1194 4397 aves
1233 4337 1527 4419 adsidant,
1583 4340 1771 4397 instar
1829 4335 2147 4404 falerarum
2207 4345 2428 4398 ornata.
2504 4339 2577 4399 ab

289 4448 401 4509 hoc
439 4448 510 4507 ad
552 4445 883 4526 stylobaten
922 4444 1329 4505 columnarum
1372 4453 1461 4505 est
1492 4443 1638 4524 lapis
1675 4444 1887 4523 pedem
1927 4450 1987 4503 et
2025 4440 2370 4504 dodrantem
2409 4446 2577 4524 altuS,

292 4557 484 4635 ipsum
534 4554 716 4615 falere
765 4552 1017 4612 duorum
1066 4552 1283 4632 pedum
1333 4551 1706 4612 altitudinem
1756 4570 1785 4610 a
1846 4559 2051 4629 stagno
2107 4550 2310 4633 habet3
2375 4552 2575 4613 infimo
