3178 5185
547 399 630 461 72
678 355 723 398 ⁶
1221 402 1610 481 *COMMENTf
1648 407 1726 460 IN
1765 403 2139 459 VARRONIS

545 559 696 620 hanc
746 560 887 620 Cato
936 556 994 640 6,
1024 557 1064 620 3
1113 561 1172 619 in
1224 567 1457 620 umecto
1505 559 1636 620 loco
1686 579 1802 620 uua
1859 577 1995 619 cum
2042 552 2438 619 harundineto
2489 562 2609 618 seri
2657 556 2848 639 iubet,

547 668 703 727 unde
752 669 1019 746 asparagi
1065 667 1222 727 liant.
1298 667 1454 728 idem
1493 669 1787 747 praecipit
1823 666 2026 747 Varro,
2075 684 2211 726 cum
2258 665 2572 726 corrudam
2613 667 2674 725 in
2718 682 2849 724 um·

548 774 742 835 brosis
789 773 933 834 locis
980 772 1291 833 serendam
1341 793 1473 834 esse
1519 774 1683 857 dicit,
1733 773 1888 853 quod
1929 792 2267 854 asparaguS,
2316 792 2493 852 quem
2532 771 2669 832 inde
2713 772 2847 830 fieri

548 880 689 962 vult,
727 882 807 941 ita
847 881 1014 961 petit,
1052 883 1351 942 umbrosis
1386 884 1535 942 locis
1573 886 1701 943 alia
1738 900 1929 961 seraS,
1967 888 2036 941 ut
2071 883 2407 942 corrudam
2438 897 2565 958 sqq.
2627 877 2852 938 deinde

550 991 771 1064 aprica
817 987 1080 1047 breviter
1127 987 1351 1048 dictum
1393 997 1485 1048 est
1522 1007 1633 1067 pro
1674 1007 1744 1048 eo
1786 988 1941 1066 quod
1982 989 2320 1048 accuratius
2360 986 2678 1047 dicendum
2722 993 2854 1044 erat

555 1090 784 1175 ‘aprica
832 1112 981 1173 quae
1031 1091 1221 1155 sunt'.
1581 1162 1591 1171 ,

729 1200 844 1261 Sic
891 1200 1025 1261 alia
1074 1210 1145 1262 et
1192 1201 1331 1262 alio
1378 1201 1537 1262 loco
1587 1203 2012 1263 serenda‘ut
2051 1200 2311 1261 habeas
2351 1201 2619 1260 uimina
2662 1199 2855 1260 unde

553 1308 817 1369 utendo
862 1355 875 1367 .
923 1307 958 1368 l.
1028 1309 1195 1388 quid
1258 1309 1482 1369 facias
1549 1320 1626 1370 ut
1681 1312 1959 1389 sirpeas
2011 1308 2240 1368 uallus
2306 1315 2544 1368 crates
2596 1340 2675 1349 —
2732 1304 2856 1367 ubi

552 1414 949 1495 aucupare]
1009 1417 1115 1477 Sic
1171 1424 1230 1476 et
1283 1418 1411 1477 alia
1468 1419 1589 1477 alio
1645 1420 1776 1478 loco
1831 1418 2157 1491 serunda,·
2196 1422 2265 1475 ut
2316 1416 2546 1475 habeas
2603 1417 2857 1487 vimina,

552 1525 717 1583 unde
762 1526 985 1583 utendo
1033 1524 1271 1597 aliquid
1307 1520 1533 1597 faciae,
1572 1529 1641 1583 ut
1675 1525 1952 1598 scirpeus
1991 1524 2180 1582 vallos
2220 1528 2422 1582 crates
2459 1520 2706 1602 Merula,
2754 1519 2859 1580 ubi

554 1632 770 1690 viendo
816 1632 968 1704 quid
995 1627 1203 1704 facias
1240 1627 1544 1689 Iucundus
1583 1647 1655 1689 ex
1692 1628 1884 1689 Nonio
1925 1646 1979 1706 p.
2023 1625 2171 1710 189,
2204 1625 2285 1688 16
2327 1630 2604 1709 restituit,
2646 1645 2856 1706 quam-

556 1754 730 1814 quam
781 1734 862 1795 ibi
919 1737 981 1795 in
1039 1753 1214 1796 manu
1263 1736 1506 1814 scriptis
1564 1734 1733 1795 libris
1790 1734 1968 1796 verba
2016 1734 2296 1796 Varronis
2353 1743 2633 1814 corrupta
2697 1741 2859 1815 sunt,

571 1843 748 1903 Viere
793 1845 1028 1903 vincire
1074 1845 1413 1917 inflectere,
1485 1843 1684 1904 Varro
1731 1845 1807 1903 de
1853 1861 1925 1904 re
1970 1846 2206 1904 rustica
2263 1844 2362 1903 lib.
2403 1843 2444 1901 I
2482 1848 2548 1901 ut
2594 1843 2862 1902 habeam

555 1957 625 2010 ut
669 1952 835 2010 mina
884 1951 1249 2010 inueniendo
1304 1953 1469 2024 quod
1516 1948 1742 2025 facias,
1817 1949 2030 2010 deinde
2085 1954 2324 2026 sirpeas
2379 1953 2590 2024 qualos
2648 1957 2863 2010 crates

558 2058 818 2117 coniecit
864 2054 1215 2135 Sylburgius
1261 2058 1323 2116 in
1372 2056 1633 2117 editione
1682 2054 2141 2116 Commeliniana
2187 2075 2242 2135 p.
2286 2052 2430 2117 775.
2471 2088 2553 2098 -—
2595 2058 2864 2135 primum

556 2167 648 2225 sic
715 2166 867 2238 alia,
927 2181 1076 2242 quae
1144 2162 1216 2223 ab
1282 2161 1614 2223 editoribus
1669 2163 1730 2223 in
1789 2165 1957 2223 initio
2024 2181 2208 2223 novae
2274 2164 2600 2223 sententiae
2662 2165 2864 2242 posita

560 2279 748 2351 erant,
794 2288 931 2331 cum
980 2269 1422 2353 superioribUS,
1478 2288 1629 2349 quae
1686 2270 1760 2331 de
1817 2272 2034 2348 apricis
2089 2269 2237 2330 locis
2292 2276 2610 2348 praecepta
2669 2277 2865 2350 erant,

562 2379 869 2457 coniunxi,
916 2376 1129 2438 deinde
1179 2377 1548 2438 manifestam
1597 2377 1867 2437 lacunam
1916 2376 2217 2456 supplevi,
2273 2383 2332 2437 et
2389 2379 2509 2436 alio
2556 2380 2688 2437 loco
2743 2380 2863 2437 vir-

557 2487 732 2559 yulta
778 2475 1059 2546 serenda.
1137 2502 1270 2543 nam
1320 2501 1456 2544 cum
1506 2485 1664 2543 varia
1711 2501 1929 2562 genera
1977 2481 2256 2543 arborum
2297 2500 2406 2560 pro
2446 2484 2601 2541 varia
2648 2491 2863 2544 natura

562 2589 828 2651 locorum
877 2592 939 2651 in
986 2590 1170 2652 fundo
1219 2589 1471 2652 serenda
1521 2592 1659 2673 sint,
1706 2589 1820 2651 alio
1867 2589 1997 2651 loco
2057 2608 2124 2650 ea
2172 2608 2204 2650 e
2257 2587 2475 2669 quibus
2524 2590 2745 2651 vimina
2795 2590 2865 2651 ad

563 2699 959 2758 instrumenta
1007 2700 1230 2758 rustica
1278 2698 1536 2777 paranda
1582 2698 1755 2778 fiunt,
1801 2697 1914 2757 alio
1964 2696 2092 2756 loco
2141 2695 2284 2755 silva
2332 2695 2580 2777 caedua,
2634 2697 2753 2757 alio
2801 2708 2868 2759 ut

565 2806 887 2882 aucupium
935 2805 1063 2865 fieri
1108 2807 1316 2885 possit,
1363 2806 1425 2864 in
1473 2807 1666 2884 primo
1714 2822 1933 2884 genere
1981 2805 2173 2863 omitti
2231 2821 2348 2861 non
2397 2812 2660 2886 poterat,
2720 2807 2865 2885 quid

566 2919 725 2971 esset
788 2909 931 2972 illud
992 2912 1149 2990 quod
1207 2920 1453 2991 propter
1510 2913 1726 2972 vimina
1785 2913 1904 2971 seri
1973 2908 2237 2969 deberet.
2319 2912 2542 2971 salicta
2597 2917 2867 2974 serenda

567 3016 704 3077 olim
745 3020 988 3080 conieci.
1064 3018 1168 3079 sed
1209 3018 1483 3079 salictum
1513 3026 1684 3079 antea
1715 3036 1851 3078 cum
1889 3017 2287 3077 harundineto
2326 3015 2685 3094 appellatum
2720 3029 2866 3080 erat.

570 3123 964 3203 virgultorum
1003 3134 1199 3186 autem
1246 3127 1468 3186 mentio
1508 3127 1569 3185 in
1617 3123 1935 3185 viminibus
1982 3122 2259 3203 parandis
2307 3123 2456 3182 sacta
2506 3133 2597 3184 est
2637 3124 2867 3187 Colum.

569 3230 622 3290 X
664 3228 774 3312 12,
813 3228 916 3292 90.
973 3264 1048 3273 —-
1099 3235 1293 3293 vallus
1340 3234 1401 3291 in
1451 3231 1773 3311 archetypo
1825 3232 2114 3311 scriptum
2162 3228 2292 3308 fuit,
2339 3245 2456 3288 non
2505 3234 2713 3311 vallea,
2765 3233 2867 3293 sed

568 3341 715 3398 valli
741 3335 892 3418 122,
919 3335 949 3397 1
985 3347 1043 3398 et
1072 3341 1246 3399 vallis
1279 3333 1429 3419 152,
1451 3336 1510 3398 2.
1560 3356 1873 3415 aucupare
1901 3355 1974 3396 ex
1994 3336 2245 3396 Gesneri
2274 3338 2618 3397 coniectura
2644 3342 2867 3419 recepi.

751 3441 791 3504 6
862 3442 1196 3522 Spartum
1247 3444 1429 3504 unde
1478 3449 1730 3504 nectas
1780 3442 2011 3503 bubus
2059 3442 2302 3522 paleas
2358 3442 2594 3504 lineas
2641 3449 2871 3506 restis

571 3548 818 3626 funes]
887 3551 1108 3611 Nec-tas
1174 3553 1355 3612 boues
1413 3555 1631 3628 paleas
1692 3569 1769 3610 m.
1842 3552 2143 3627 spartum,
2209 3552 2372 3609 unde
2428 3552 2621 3610 lineas
2679 3559 2870 3613 restes

566 3656 749 3733 funes
780 3655 1005 3732 facicm,
1044 3659 1262 3732 quibus
1299 3665 1509 3718 nectas
1548 3660 1723 3719 boves
1756 3661 1971 3734 paleas
2009 3665 2069 3717 et
2095 3658 2222 3717 alia
2251 3655 2571 3716 Iucundus,
2646 3656 2866 3720 Bodaei

572 3762 1046 3824 emendationem
1103 3771 1315 3825 nectas
1377 3766 1569 3825 bubus
1637 3769 1832 3826 soleas
1898 3765 2158 3841 recepi„
2200 3780 2333 3822 nam
2399 3761 2703 3841 palearum
2769 3766 2865 3826 hic

574 3870 743 3933 locus
790 3888 910 3929 non
958 3878 1064 3930 est.
1141 3869 1436 3931 solearum
1484 3889 1659 3931 usum
1699 3871 2108 3931 demonstrant
2153 3869 2317 3951 haec,
2365 3887 2515 3948 quae
2563 3868 2635 3929 ab
2685 3873 2866 3932 inter·

573 3975 848 4057 pretibus
894 3976 1190 4056 adscripta
1237 3986 1403 4059 sunt,
1466 3976 1691 4038 Colum.
1730 3976 1804 4036 VI
1848 3974 1954 4057 12,
2000 3973 2029 4035 1
2082 3982 2296 4052 postea
2352 3978 2684 4039 linamenta
2740 3984 2866 4041 sale

578 4091 760 4159 atque
816 4092 989 4145 aceto
1046 4086 1257 4145 inbuta
1311 4087 1707 4161 adplicantur
1764 4102 1842 4144 ac
1895 4088 2059 4145 solea
2105 4088 2354 4159 spartea
2400 4098 2513 4157 pes
2569 4086 2865 4161 induitur,

578 4190 779 4250 Galen.
828 4190 900 4251 de
939 4189 1196 4251 aliment.
1235 4191 1431 4252 facult.
1470 4190 1496 4250 I
1534 4187 1573 4251 9
1617 4183 1796 4273 (med.
1836 4207 2029 4269 graec.
2069 4209 2117 4248 v.
2158 4187 2232 4248 VI
2270 4207 2324 4267 p.
2355 4183 2515 4271 502)
2560 4187 2865 4272 καθάπερ

578 4289 614 4358 ὁ
663 4290 950 4377 σπάρτος
997 4289 1489 4379 ὀνομαζόμενός
1534 4293 1756 4375 ἐστιν,
1804 4291 1869 4369 ἐξ
1928 4280 2011 4356 οὗ
2057 4290 2416 4358 πλέκουσιν
2473 4286 2866 4379 ὑποδήματα

580 4414 720 4477 τοῖς
783 4395 1186 4484 ὑποζυγίοις.
1276 4404 1567 4465 linearum
1644 4413 1842 4464 autem
1908 4405 2031 4462 sive
2096 4402 2496 4464 funiculorum
2565 4407 2742 4465 etiam
2806 4409 2863 4466 iu

583 4512 825 4571 rusticis
872 4509 1154 4590 operibus
1201 4512 1484 4590 frequens
1531 4528 1677 4570 usus
1727 4512 1854 4570 fuit.
