3178 5185
828 407 1084 462 RERVM
1120 407 1600 463 RVSTICARVM
1638 408 1772 463 LIB.
1813 409 1864 460 II
1904 406 1940 460 5
2421 410 2548 474 237

276 572 545 654 subsimi,
586 592 656 633 ne
702 573 960 654 gibberi,
1008 576 1175 652 spina
1222 575 1432 635 leviter
1480 578 1746 656 remissa,
1794 578 2014 653 apertis
2062 576 2324 657 naribuS,
2369 576 2553 637 labris

276 678 588 759 subnigriS‚
650 681 986 741 cervicibus
1052 683 1269 742 crassis
1334 702 1400 743 ae
1454 682 1673 761 longiS,
1738 700 1769 741 a
1826 681 1975 742 eollo
2031 701 2280 760 corpore
2337 683 2542 761 apoleo
2609 689 2645 745 8

275 786 549 867 demisso,
591 787 739 848 bene
788 796 1075 869 costatoS‚
1120 787 1255 848 latis
1302 791 1553 869 umeriS,
1601 788 1775 848 bonis
1821 789 2113 866 clunibuS,
2162 791 2367 850 codam
2414 808 2549 868 pro-

274 894 456 953 fusam
511 912 691 973 usque
748 894 821 954 ad
871 894 1063 954 calces
1113 903 1175 955 ut
1224 894 1503 976 habeant,
1559 896 1901 956 inferiorem
1949 905 2175 974 partem
2225 898 2548 976 frequenti-

227 1000 377 1061 5bus
431 1001 562 1079 pilis
616 1000 1017 1083 suborispam‚
1073 1002 1352 1063 eruribus
1406 1006 1608 1082 potius
1655 1003 1985 1063 minoribus
2033 1007 2241 1083 reetiS,
2296 1004 2547 1082 genibus

273 1107 536 1169 eminulis
577 1109 936 1168 distantibus
983 1111 1141 1169 inter
1186 1128 1267 1191 se,
1313 1109 1567 1188 pedibus
1614 1129 1731 1171 non
1782 1111 1934 1191 latis,
1980 1130 2172 1190 neque
2212 1112 2545 1190 ingredien-

271 1215 423 1275 tibus
490 1218 580 1295 qui
643 1215 1088 1297 displudantur‚
1154 1235 1263 1277 nec
1330 1219 1502 1277 euius
1567 1218 1822 1296 ungulae
1887 1219 2182 1298 divarent,
2251 1228 2309 1279 et
2376 1221 2548 1278 cuius

272 1340 492 1401 ungues
530 1325 667 1384 -sint
723 1323 884 1383 leves
941 1332 1001 1385 et
1055 1343 1257 1404 pareS,
1323 1326 1551 1384 corium
1609 1323 1692 1401 [a]
1752 1333 1914 1386 tactu
1971 1344 2086 1385 non
2147 1344 2423 1404 asperum
2480 1344 2546 1385 ao

270 1428 492 1511 durum,
536 1430 739 1495 colore,
780 1433 1158 1508 potissimum
1207 1434 1392 1513 nigro,
1442 1432 1577 1491 dein
1627 1431 1826 1512 when,
1876 1435 2051 1492 tertio
2100 1432 2285 1512 helvo,
2334 1441 2545 1512 quarto

204 1551 250 1589 10
272 1534 421 1597 albo:
481 1536 861 1598 mollissimus
918 1541 1074 1598 enim
1130 1539 1253 1613 hio,
1320 1547 1386 1598 ut
1440 1539 1798 1598 durissimus
1853 1540 2099 1617 primus,
2200 1540 2273 1600 de
2331 1540 2539 1600 mediis
2605 1545 2640 1600 9

271 1641 490 1704 duobus
542 1647 708 1723 prior
765 1665 942 1724 quam
999 1648 1295 1725 posterior
1350 1647 1412 1704 in
1469 1664 1538 1704 eo
1586 1648 1777 1731 prior,
1835 1649 2075 1724 utrique
2121 1647 2323 1726 plures
2371 1665 2546 1726 quam

270 1751 418 1828 nigri
468 1760 525 1811 et
577 1752 713 1815 albi.
807 1771 1000 1831 neque
1057 1771 1174 1813 non
1224 1759 1529 1830 praeterea
1578 1761 1646 1811 ut
1695 1771 1884 1812 mares
1932 1756 2175 1814 seminis
2223 1753 2362 1813 boni
2410 1756 2546 1833 sint,

273 1875 510 1934 quorum
571 1870 631 1919 et
695 1860 883 1920 forma
950 1869 1043 1920 est
1108 1858 1452 1939 spectanda,
1518 1865 1578 1916 et
1645 1860 1747 1936 qui
1813 1878 1884 1919 ex
1940 1859 2032 1919 his
2090 1863 2205 1921 orti
2262 1870 2402 1921 sunt
2457 1879 2546 1920 re-

273 1965 548 2041 spondent
600 1967 671 2027 ad
732 1976 1048 2045 parentum
1104 1968 1379 2044 speciem.
1473 1973 1533 2024 et
1584 1974 1888 2042 praeterea
1937 1967 2154 2045 quibus
2201 1967 2545 2046 regionibus

207 2080 251 2119 15
273 2074 387 2130 nati
437 2075 551 2133 sint
601 2074 807 2135 refert.
900 2074 1042 2134 boni
1096 2076 1254 2134 enim
1311 2074 1548 2150 generis
1596 2074 1657 2131 in
1703 2072 1865 2133 ltalia
1914 2073 2184 2153 plerique
2231 2074 2425 2153 gallici
2472 2074 2544 2134 ad

273 2195 434 2259 opuS,
494 2189 697 2242 eontra
762 2185 1038 2261 nugatori
1102 2181 1338 2259 ligusei3
1405 2177 1786 2239 transmarini
1844 2182 2121 2258 epirotioi
2176 2200 2292 2241 non
2348 2180 2537 2241 solum
2564 2185 2644 2240 10

272 2284 528 2348 meliores
581 2307 764 2363 quam
811 2291 996 2350 totius
1035 2289 1342 2368 Graeciae,
1398 2286 1501 2346 sed
1549 2289 1726 2347 etiam
1775 2307 1952 2367 quam
1998 2287 2214 2349 ltaliae.
2308 2289 2543 2348 tametsi

403 2502 430 2548 1
477 2496 754 2551 subsimae
802 2513 871 2550 ne
908 2496 1174 2565 gibber-ae
1224 2495 1460 2550 Ursinus
1604 2501 1635 2548 2
1684 2494 1962 2565 subnigris
1998 2513 2029 2549 v
2069 2494 2323 2565 subagris
2361 2494 2542 2549 PAB

402 2587 594 2641 crassis
642 2605 674 2641 v
721 2586 933 2657 grassis
986 2586 1166 2642 PAB
1311 2603 1347 2640 a
1393 2585 1537 2640 collo
1586 2601 1819 2653 corpore
1868 2585 2068 2654 apoleo
2116 2584 2354 2639 demisso
2402 2585 2543 2639 bene

275 2677 498 2729 costatos
541 2676 597 2729 P
638 2693 674 2730 a
723 2676 869 2730 collo
919 2692 1150 2745 corpore
1197 2675 1399 2744 apolea
1447 2674 1690 2728 demissa.
1735 2673 1876 2728 bene
1924 2676 2169 2728 costatos
2215 2676 2269 2728 A
2316 2691 2350 2728 a
2397 2675 2542 2729 eollo

274 2778 484 2833 corpore
530 2765 734 2835 apoleo
782 2764 1026 2818 demissa
1070 2765 1212 2817 bene
1262 2766 1509 2817 costatos
1545 2763 1601 2816 B
1631 2780 1665 2816 a
1703 2764 1826 2816 eolo
1865 2779 2096 2832 corpore
2135 2763 2260 2831 pale
2301 2762 2544 2817 demissa

272 2850 398 2907 bene
435 2858 676 2909 costatos
705 2873 759 2909 m
795 2872 830 2908 a.
869 2853 1014 2908 collo
1053 2869 1287 2922 corpore
1327 2853 1515 2921 amplo
1554 2853 1797 2909 demisso
1835 2853 1976 2906 bene
2014 2854 2232 2906 costato
2260 2869 2293 2906 v
2330 2869 2365 2906 a
2394 2854 2541 2907 eollo

271 2943 571 3009 palearibus
609 2942 880 3016 ,demissis
928 2959 1158 3013 corpore
1209 2942 1398 3011 amplo
1435 2941 1578 2995 bene
1618 2942 1835 2995 costato
1874 2941 2170 2995 Iucundue
2198 2981 2209 2992 .
2240 2942 2471 3007 fortasse
2506 2959 2541 2995 a

272 3032 401 3085 collo
435 3033 600 3102 palea
637 3034 883 3088 demissa.
920 3049 1148 3102 corpore
1184 3033 1325 3086 bene
1364 3033 1582 3084 costato
1728 3037 1759 3084 3
1804 3030 2008 3083 umeris
2047 3030 2166 3083 AB
2203 3030 2450 3083 humeris
2495 3029 2547 3083 V

365 3129 393 3175 5
429 3123 771 3192 subcrispam
802 3123 1097 3177 Iucundus
1134 3120 1434 3189 subcrispis
1474 3120 1585 3173 VB
1625 3118 1924 3188 subscripis
1953 3119 2009 3174 A
2116 3125 2148 3173 6
2186 3119 2330 3172 inter
2360 3135 2417 3172 se
2447 3134 2540 3187 pe-

271 3209 414 3264 dibus
447 3229 539 3267 mv
578 3211 995 3282 interspedibus
1038 3200 1219 3265 PAB
1368 3215 1396 3262 ‘1
1436 3209 1829 3277 displudantur
1868 3208 2048 3261 PAB
2086 3207 2473 3276 displodentur
2507 3225 2539 3261 v

360 3317 457 3355 nec
494 3300 675 3371 euius]
717 3300 946 3356 necuius
984 3301 1041 3355 A
1148 3301 1404 3353 diuarent
1445 3298 1628 3351 PAB
1667 3296 1978 3351 dinarieent
2012 3313 2044 3349 v
2139 3301 2186 3369 ¹8
2224 3296 2379 3349 leues
2418 3296 2540 3349 AB

269 3387 402 3443 lenes
447 3391 498 3444 V
636 3407 800 3459 pares
846 3390 1053 3442 torium
1102 3391 1295 3443 ataotu
1338 3388 1452 3441 PB
1498 3388 1683 3456 paries
1729 3386 1936 3440 tor-ium
1974 3403 2039 3440 ae
2077 3386 2234 3439 tactu
2273 3386 2324 3437 A
2363 3386 2536 3454 parie-

268 3482 469 3533 stonum
507 3497 574 3534 ae
611 3482 768 3534 tactu
805 3496 859 3532 m
895 3494 1056 3548 pares
1096 3477 1305 3532 corium
1344 3478 1591 3531 attractu
1628 3493 1676 3530 v.
1728 3478 1886 3529 tactu
1924 3474 2169 3545 eorporis
2208 3472 2538 3528 mollissimo

269 3565 544 3623 Columella
592 3568 687 3621 VI
719 3574 771 3634 1,
810 3574 843 3621 3
963 3574 994 3621 9
1034 3567 1166 3621 dein
1201 3568 1320 3620 AB
1358 3566 1558 3620 deinde
1610 3565 1661 3618 V
1772 3565 1943 3618 robeo
1986 3563 2167 3616 PAB
2202 3562 2373 3617 rubeo
2401 3580 2432 3616 v

266 3656 414 3711 heluo
443 3675 472 3711 v
510 3656 706 3712 theluo
736 3657 913 3711 PAB
1025 3663 1087 3710 11
1128 3656 1280 3724 prior
1318 3671 1483 3724 quam
1513 3653 1793 3724 posterior
1821 3653 1880 3707 in
1909 3669 1975 3707 eo
2005 3652 2156 3722 prior
2184 3653 2360 3706 PAB
2390 3651 2542 3720 prior

264 3762 414 3812 quam
465 3745 746 3816 posterior
789 3744 989 3800 melior
1039 3763 1085 3800 v.
1175 3746 1191 3771 ‘
1209 3746 1408 3799 Vitiosi
1461 3746 1565 3798 hac
1604 3748 1769 3812 parte
1812 3748 1943 3796 sunt
1988 3728 2320 3811 anfiqwiores
2366 3742 2496 3795 libri
2523 3761 2541 3792 .-

260 3835 329 3889 sic
370 3837 511 3889 enim
556 3836 776 3902 habent,
828 3835 998 3889 Prior
1043 3852 1206 3903 quam
1243 3834 1516 3903 posterior
1564 3834 1629 3886 in
1665 3849 1723 3886 eo
1755 3832 1929 3900 prior.
2006 3833 2085 3884 In
2122 3832 2321 3901 optimo
2357 3831 2541 3884 mendi

260 3929 379 3978 nota
414 3926 674 3993 adposita
710 3924 807 3978 est’
861 3923 1138 3978 Victorius
1278 3922 1466 3991 plures
1509 3920 1691 3974 PAB
1726 3919 1907 3990 pluris
1944 3939 1977 3975 v
2123 3926 2186 3974 12
2224 3936 2407 3973 mares
2443 3935 2538 3972 mv

260 4013 388 4067 mari
427 4013 614 4068 PAB
758 4013 887 4066 boni
928 4012 1041 4067 sint
1076 4013 1236 4066 Bmv
1274 4012 1405 4066 boni
1444 4015 1572 4065 sunt
1610 4010 1726 4064 PA
1872 4017 1936 4063 13
1974 4010 2203 4076 fortasse
2238 4011 2302 4063 ut
2339 4009 2433 4076 qui
2473 4025 2540 4061 ex

259 4099 336 4156 his
372 4102 480 4157 orti
508 4105 640 4156 sunt
668 4100 1048 4170 respondeant
1153 4119 1219 4155 ex
1248 4100 1334 4154 his
1363 4100 1496 4169 orti]
1528 4098 1750 4153 exhorti
1777 4100 1829 4151 A
1944 4104 2008 4151 15
2046 4097 2169 4152 nati
2196 4097 2327 4150 sunt
2362 4095 2539 4149 VAB

352 4191 606 4261 plerique
652 4190 762 4244 VB
799 4190 1079 4259 plerisque
1116 4190 1234 4245 Am
1346 4194 1411 4243 16
1460 4191 1625 4242 conta
1659 4187 1714 4240 B
1824 4187 2088 4256 nugatori
2124 4184 2322 4255 ligusti
2358 4184 2536 4239 PAB

259 4279 528 4350 nugatorii
573 4278 775 4351 ligusti
814 4297 847 4334 v
892 4277 1161 4348 iugatorii
1204 4276 1457 4348 ligustici
1501 4277 1807 4331 Iuewndus.
1886 4277 1903 4301 ‘
1921 4276 2325 4329 Vetustissimus
2372 4273 2537 4328 codex

263 4368 317 4420 in
347 4371 606 4425 ambabus
641 4370 870 4424 uocibus
905 4370 1176 4435 diuersae,
1213 4369 1309 4437 qui
1344 4366 1623 4436 Nugatori
1661 4362 1883 4434 Ligusti
1918 4364 2096 4418 habet’
2146 4363 2421 4417 Victorius

267 4462 322 4511 17
357 4476 521 4526 quam
549 4460 744 4528 priore
780 4460 892 4513 loeo
920 4475 1018 4512 om.
1056 4458 1233 4511 VAB
1343 4456 1513 4511 etiam
1544 4471 1713 4523 quam
1742 4453 1934 4507 italiae
1967 4453 2084 4506 PB
2114 4451 2284 4505 etiam
2319 4454 2328 4521 Ι
2358 4450 2538 4517 italie,

264 4547 345 4600 sed
387 4566 551 4616 quam
595 4554 725 4617 post
762 4546 932 4600 etiam
970 4549 1151 4601 eadem
1186 4564 1357 4601 manu
1392 4547 1730 4613 adscriptum
1765 4542 1822 4596 A
1859 4542 2031 4595 etiam
2067 4540 2261 4595 italiae
2297 4558 2393 4596 mv
