3178 5185
918 420 1178 474 RERVM
1215 420 1693 476 RVSTIOARVM
1731 423 1866 476 LIB.
1906 424 1984 476 III
2029 422 2105 477 16
2512 414 2645 479 293

363 573 523 634 aluu
539 574 623 652 m]
663 576 820 635 Ante
866 578 1063 635 alvum
1110 576 1338 654 scripsi.
1413 594 1545 635 nam
1584 576 1865 658 propoliS‚
1905 576 2061 655 quod
2101 584 2192 636 est
2228 594 2419 655 genus
2455 595 2647 658 cerae,

365 681 434 741 ab
483 699 554 741 eo
602 681 821 741 dicitur
867 680 1154 761 appellata
1202 701 1351 764 esse,
1392 683 1547 761 quod
1598 701 1668 742 ex
1717 702 1781 743 ea
1830 702 1897 742 re
1945 701 2084 762 apes
2124 683 2192 743 ad
2241 684 2546 766 foramina,
2585 687 2646 744 in

360 806 508 867 quae
557 791 880 867 introeunt,
926 790 1093 868 quasi
1140 796 1478 867 protectum
1527 789 1821 869 quoddam
1869 800 2003 851 ante
2053 791 2244 851 alvum
2294 792 2535 852 faciunt.

534 894 924 954 Erithacen
987 903 1248 954 uocant
1313 894 1578 973 quibus
1645 896 1847 956 fauos
1904 904 2262 957 extremos
2321 900 2512 958 inter
2569 916 2644 958 se

358 1001 863 1079 conglutinant
910 1000 1092 1079 quod
1143 1008 1255 1061 est
1302 1000 1492 1062 aliud
1542 1001 1751 1062 melle
1799 1002 2109 1082 propoli]
2160 1005 2356 1064 Simul
2397 1008 2642 1079 conglu-

357 1113 556 1168 tinant
603 1107 783 1167 editio
830 1108 1139 1186 princeps,
1187 1107 1290 1167 ubi
1336 1105 1662 1168 Politianus
1709 1112 1868 1169 inter
1912 1127 1978 1169 se
2025 1109 2270 1191 addidit,
2317 1109 2419 1170 sed
2467 1115 2649 1173 simul

357 1233 472 1275 non
523 1213 756 1274 delevit.
820 1217 990 1274 melle
1029 1218 1273 1290 propoli
1315 1218 1508 1303 omnia
1556 1213 1890 1294 apographa
1929 1223 1988 1275 et
2036 1234 2107 1275 ex
2155 1218 2284 1294 ipso
2323 1217 2641 1298 archetypo

353 1320 669 1402 VictoriuS‚
715 1325 832 1381 mel
874 1340 907 1381 e
945 1325 1191 1397 propoli
1233 1323 1294 1380 in
1340 1324 1610 1402 principe
1659 1321 1915 1382 editione
1963 1322 2290 1384 Politianus
2340 1343 2455 1385 non
2505 1344 2634 1385 cor-

356 1429 523 1487 rexit.
618 1446 734 1503 quo
775 1426 952 1503 favos
1000 1428 1154 1488 edita
1202 1427 1338 1487 inde
1387 1428 1459 1487 ab
1506 1428 1713 1489 Aldina
1761 1429 2018 1489 editione
2077 1429 2449 1510 exemplaria.
2523 1450 2638 1507 quo

347 1534 526 1611 favos
584 1541 885 1595 extremos
941 1537 1100 1595 inter
1153 1553 1219 1595 se
1272 1539 1719 1611 conplutinant,
1776 1539 1941 1611 quod
1993 1545 2082 1597 est
2135 1540 2310 1598 aliud
2359 1541 2529 1598 melle
2584 1546 2642 1599 et

346 1645 593 1719 propoli
635 1643 867 1720 scripsi.

530 1744 619 1809 24
680 1746 924 1826 Neque
973 1766 1154 1825 quae
1212 1748 1626 1807 afferuntur
1675 1749 1753 1808 ad
1803 1758 2149 1827 quattuor
2198 1769 2311 1810 res
2372 1752 2639 1811 sacien-

353 1854 475 1915 das
532 1853 885 1933 propolim
943 1853 1315 1914 erithacen
1377 1856 1611 1915 fauum
1674 1854 1806 1914 mel
1863 1874 1943 1914 ex
1999 1855 2252 1916 iisdem
2312 1857 2641 1919 omnibus

352 1960 569 2021 rebus
635 1979 888 2040 capere
955 1959 1232 2038 dicunt]
1299 1961 1568 2037 Carpere
1633 1964 1925 2022 dicuntur
1985 1980 2057 2022 ex
2114 1961 2319 2023 Aldina
2383 1965 2640 2025 editione

351 2077 711 2146 receperunt
772 2067 1048 2129 editores,
1141 2069 1489 2141 offeruntur
1545 2064 1633 2127 ²11.
1674 2088 1724 2128 e.
1780 2087 1930 2147 quae
1996 2070 2304 2130 inveniunt
2370 2088 2511 2149 apes
2576 2073 2636 2131 in

354 2176 576 2253 campis
624 2181 685 2234 et
739 2174 929 2234 hortis
987 2172 1075 2233 vel
1133 2173 1322 2253 silviS,
1369 2176 1429 2234 in
1480 2192 1630 2253 quae
1679 2169 1999 2256 incidunt'‚
2047 2184 2107 2235 et
2154 2175 2366 2237 deinde
2413 2196 2494 2238 ex
2539 2182 2637 2239 iis-

355 2286 488 2343 dem
535 2285 736 2342 omnia
782 2284 965 2342 rebus
1004 2281 1306 2341 Gesnerus
1353 2283 1624 2342 coniecit.
1699 2281 1814 2341 duo
1862 2284 2209 2360 pronomina
2249 2283 2456 2344 eodem
2495 2303 2637 2346 casu

351 2390 664 2448 coniuncta
713 2406 792 2447 ex
840 2390 1048 2449 iisdem
1096 2390 1371 2448 omnibus
1417 2391 1602 2449 rebus
1648 2396 1934 2448 consueto
1981 2390 2040 2447 in
2090 2392 2439 2466 pronomine
2481 2394 2637 2452 idem

351 2513 462 2554 usu
510 2495 906 2554 offensionem
953 2493 1173 2554 habere
1232 2512 1348 2554 non
1410 2493 1721 2554 debebant.
1813 2494 1914 2554 sed
1976 2496 2241 2555 vitiosam
2299 2514 2428 2557 esse
2485 2497 2636 2558 hanc

352 2601 665 2662 verborum
704 2604 1216 2681 compositionem,
1253 2621 1412 2678 quae
1448 2604 1801 2676 afferuntur
1840 2620 2103 2680 carpere
2141 2605 2450 2678 dicuntur,
2493 2605 2634 2666 Ges-

348 2728 529 2770 nerus
578 2709 881 2769 intellexit.
959 2710 1156 2788 itaque
1197 2712 1409 2788 scripsi
1455 2729 1651 2785 neque
1686 2728 1845 2785 quae
1890 2709 2183 2785 adferunt
2218 2713 2305 2771 ad
2347 2712 2663 2786 quattuor·

348 2835 447 2877 res
486 2815 831 2896 faciendaS,
863 2819 1162 2892 propolim
1201 2819 1516 2877 erithaeen
1557 2816 1770 2892 favum
1807 2820 1937 2891 mel,
1978 2836 2057 2876 ex
2104 2819 2314 2877 iisdem
2360 2821 2636 2879 omnibus

347 2924 529 2983 rebus
575 2941 836 2999 carpere
882 2925 1109 2983 dicunt.
1203 2941 1269 2982 ea
1328 2940 1475 3000 quae
1535 2941 1675 3001 apes
1735 2922 1805 2981 ad
1864 2940 1960 2981 res
2018 2922 2280 2982 diversas
2337 2924 2635 2984 faciendas

347 3028 625 3089 adferunt
670 3046 787 3088 non
838 3028 1046 3089 eodem
1095 3029 1266 3089 modo
1315 3047 1387 3088 ex
1434 3027 1710 3088 omnibus
1757 3026 1938 3087 rebus
1979 3045 2076 3087 eas
2116 3046 2361 3106 carpere
2409 3028 2632 3089 dieunt.

347 3154 481 3196 nam
537 3154 800 3211 carpere
857 3154 1061 3195 verum
1120 3154 1278 3217 esse,
1334 3153 1451 3195 non
1510 3154 1762 3215 capere,
1820 3152 1890 3194 ex
1946 3136 2019 3193 iis
2074 3152 2223 3212 quae
2281 3144 2634 3217 sequuntur,

346 3245 545 3305 eibum
592 3250 857 3319 carpant
902 3251 962 3303 et
1008 3262 1087 3304 ex
1134 3246 1272 3303 aliis
1311 3243 1572 3316 floribus
1620 3246 1707 3302 ita
1754 3247 2031 3322 carpere,
2077 3248 2337 3320 apparet.

525 3349 834 3429 Simplex
884 3349 1069 3427 quod
1120 3348 1296 3409 malo
1345 3349 1607 3427 punico
1666 3355 1735 3407 et
1780 3365 2127 3426 asparago
2185 3346 2418 3407 cibum
2476 3366 2629 3407 car-

344 3466 512 3538 pant
559 3453 811 3532 solum]
861 3457 1132 3532 Simplex
1177 3458 1577 3516 ministerium
1625 3457 1788 3529 quod
1832 3474 1865 3515 e
1911 3458 2066 3514 malo
2115 3452 2445 3535 momulus,
2491 3458 2627 3514 sim-

337 3567 483 3639 plex
529 3565 693 3638 quod
737 3581 770 3622 e
814 3565 971 3623 malo
1021 3561 1333 3622 Victorius
1424 3570 1484 3622 et
1530 3568 1765 3641 poterat
1809 3561 1923 3620 hoc
1971 3578 2088 3619 non
2144 3560 2343 3620 addito
2392 3563 2628 3620 nomine

343 3669 416 3728 de
462 3671 535 3727 iis
581 3669 726 3747 ipsis
767 3686 915 3744 quae
964 3686 1102 3746 apes
1142 3667 1211 3728 ad
1252 3684 1429 3746 opera
1469 3666 1734 3726 facienda
1774 3666 2051 3726 adserunt
2089 3665 2226 3725 dici.
2294 3683 2428 3725 nam
2468 3666 2627 3727 aliud

343 3772 589 3852 simplex
638 3790 770 3833 esse
817 3772 1048 3855 dicunt,
1093 3780 1407 3852 propterea
1456 3772 1613 3850 quod
1664 3771 1733 3831 ad
1794 3788 1969 3830 unam
2017 3789 2142 3830 rem
2189 3771 2332 3831 utile
2382 3782 2501 3852 est3
2557 3791 2628 3833 ex

340 3880 470 3940 aliis
532 3877 712 3940 rebus
777 3878 994 3957 duplex
1060 3878 1150 3939 vel
1212 3878 1424 3957 triplex
1486 3879 1884 3938 ministerium
1951 3876 2250 3956 praeberi,
2312 3887 2626 3958 propterea

341 3987 500 4067 quod
550 4005 699 4066 quae
747 4004 818 4045 ex
864 3987 936 4045 iis
984 3994 1311 4064 carpuntur
1358 3983 1587 4044 duabus
1638 3983 1726 4043 vel
1773 3982 1964 4044 tribus
2012 3982 2194 4043 rebus
2241 3985 2627 4045 conficiendis

340 4094 550 4155 idonea
598 4101 753 4154 sunt.

516 4196 603 4260 25
668 4197 840 4258 Cera
888 4206 956 4258 et
1002 4198 1233 4259 cibum
1284 4216 1409 4258 nec
1456 4217 1592 4258 non
1640 4197 1856 4257 aliter
1903 4196 2165 4275 duplex
2217 4197 2401 4275 quod
2452 4198 2542 4257 fit
2592 4217 2624 4257 e

340 4305 517 4367 malo
586 4314 654 4364 et
718 4305 899 4383 piris
966 4302 1437 4364 siluestribus
1505 4306 1776 4364 circum
1844 4311 1912 4362 et
1980 4301 2111 4361 mel
2177 4303 2343 4361 item
2411 4303 2624 4363 aliter

340 4411 594 4490 duplex
665 4409 847 4488 quod
909 4428 940 4468 e
1003 4427 1357 4488 papauere
1418 4428 1580 4469 cera
1642 4418 1711 4468 et
1770 4406 1930 4483 mel]
1987 4409 2143 4468 Cera
2201 4415 2257 4468 et
2312 4411 2509 4468 eibum
2567 4417 2626 4470 et

340 4516 555 4577 deinde
614 4520 849 4579 circum
908 4524 985 4605 et·
1029 4520 1148 4578 mel
1202 4518 1396 4576 omnia
1458 4513 1818 4597 apographa,
1880 4531 2130 4575 caeram
2190 4523 2249 4606 et
2307 4518 2506 4576 eibum
2566 4526 2627 4578 et
