3178 5185
574 429 699 492 122
1255 437 1641 493 ΟΟΜΜΕΝΤ.
1680 439 1758 492 IN
1797 439 2171 495 VARRONIS

556 597 775 669 palea;
830 594 932 654 sed
999 592 1211 673 plurali
1277 612 1524 654 numero
1571 593 1597 652 1
1636 589 1739 675 57,
1779 591 1821 655 2
1876 597 2077 671 paleis
2141 596 2561 671 substernunt,
2628 593 2774 678 118,
2810 593 2847 656 2

564 705 830 764 educant
875 720 1009 763 eum
1049 706 1246 779 paleis
1286 701 1473 777 faeno
1519 704 1769 762 hordeo,

742 813 867 867 LIX
905 805 946 867 2
1011 806 1289 868 Etenim
1355 809 1425 867 in
1489 806 1751 886 quibus
1808 807 2092 868 luxuria
2149 810 2604 869 concesserit
2660 820 2732 869 ut
2786 811 2851 869 in

565 914 1040 993 pinacothece
1090 913 1388 990 faciant]
1436 915 1670 975 Etenim
1714 918 1772 976 si
1817 918 1865 976 iz·
1908 916 2126 991 quibus
2172 918 2426 976 luxuria
2474 920 2851 991 concesserit,

567 1023 634 1082 id
669 1024 732 1082 in
761 1024 1164 1098 pinacothece
1194 1021 1443 1098 faciunt
1480 1020 1798 1083 iucundus.
1872 1031 2134 1083 veterem
2184 1024 2540 1103 scripturam
2582 1024 2852 1103 Angelius

568 1130 859 1210 restituit,
907 1128 1008 1189 ubi
1065 1132 1281 1190 etenim
1338 1130 1386 1188 ii
1443 1131 1661 1204 quibus
1709 1127 2088 1190 scribendum
2138 1130 2394 1190 coniecit
2441 1129 2853 1191 Schneiderus,

568 1244 781 1297 neutro
831 1254 1049 1314 genere
1100 1235 1325 1296 dictum
1375 1243 1466 1295 est
1514 1239 1576 1296 in
1624 1237 1857 1311 quibas,
1906 1253 2024 1295 non
2072 1235 2414 1297 masculino.
2491 1256 2625 1298 nam
2673 1256 2854 1318 genus

568 1344 934 1422 significatur
980 1342 1266 1423 luxuriae,
1314 1345 1372 1403 in
1421 1360 1536 1421 quo
1584 1342 1680 1402 illa
1729 1361 2008 1403 cenarum
2058 1344 2207 1403 ratio
2257 1350 2374 1423 est3
2427 1363 2618 1424 neque
2669 1348 2709 1405 ii
2755 1348 2852 1425 qui

564 1453 626 1510 in
674 1450 1057 1530 pinacotheca
1106 1468 1309 1510 cenam
1349 1449 1574 1510 faciunt
1622 1449 1776 1510 idem
1825 1452 1886 1509 in
1936 1450 2293 1531 oporotheca
2341 1453 2686 1512 instituunt.

747 1554 787 1617 3
854 1556 927 1616 ln
995 1555 1262 1616 tabulis
1330 1564 1407 1616 ut
1472 1574 1689 1634 opere
1757 1556 2214 1633 marmorato]
2267 1559 2340 1618 In
2399 1561 2622 1619 tubulis
2679 1563 2857 1620 utin

572 1682 755 1740 opere
817 1669 1188 1724 marmorato
1253 1661 1580 1744 IucunduS,
1638 1662 1742 1724 ubi
1798 1666 2018 1724 tabulis
2082 1663 2361 1743 Angelius
2426 1666 2710 1725 restituit.
2801 1669 2860 1725 in

573 1773 793 1831 tabulis
853 1778 962 1831 aut
1016 1773 1077 1830 in
1132 1789 1315 1847 opere
1370 1770 1626 1830 coniecit
1673 1769 2100 1853 SchneideruS,
2166 1775 2227 1832 in
2285 1775 2505 1834 tabulis
2563 1775 2625 1832 in
2682 1791 2861 1850 opere

578 1879 806 1955 scripsi.
880 1878 940 1936 in
990 1876 1347 1955 oporotheca
1397 1895 1547 1956 opus
1596 1887 2016 1938 marmoratum
2065 1880 2195 1940 fieri
2233 1897 2412 1959 supra
2452 1879 2676 1940 dictum
2720 1888 2858 1939 erat.

571 1985 633 2043 in
678 1983 791 2045 hoc
838 1984 934 2044 alii
982 1986 1041 2045 in
1093 1983 1306 2045 tabulis
1354 1984 1502 2045 mala
1548 1993 1805 2066 ponunt,
1864 1985 1961 2046 alii
2021 1986 2246 2067 paleam
2301 1985 2392 2046 vel
2447 1987 2667 2048 floccos
2728 1987 2859 2049 sub-

579 2099 870 2153 sternunt.

756 2199 925 2260 Mala
975 2207 1274 2260 cotonea
1323 2199 1652 2260 struthea
1700 2201 1767 2261 in
1818 2198 2227 2279 pensilibus
2273 2200 2572 2277 iunctis]
2605 2199 2859 2261 Pensilia

569 2314 774 2386 postea
821 2325 870 2367 c.
909 2304 993 2368 68
1042 2306 1324 2367 dicuntur
1371 2306 1572 2385 fruges
1630 2306 1975 2386 pendentes.
2067 2305 2224 2385 quod
2283 2308 2333 2366 si
2390 2308 2522 2385 quis
2579 2307 2649 2367 ad
2713 2307 2858 2368 hanc

570 2413 1028 2492 descriptionem
1079 2413 1406 2474 transferre
1445 2413 1619 2495 volet,
1658 2412 1905 2495 pensilia
1953 2415 2152 2474 iuncta
2202 2421 2379 2474 erunt
2424 2416 2572 2474 rami
2620 2415 2859 2495 frugum

568 2521 954 2602 pendentium
993 2523 1149 2581 inter
1188 2537 1250 2581 se
1291 2523 1611 2603 coniuncti,
1649 2522 1709 2580 in
1752 2519 1967 2600 quibus
2009 2519 2155 2580 mala
2194 2529 2442 2581 cotonea
2492 2528 2552 2581 et
2590 2522 2859 2583 struthea

571 2628 1034 2707 suspenduntur.
1131 2629 1230 2689 sed
1281 2631 1504 2689 rectius
1560 2628 1986 2708 intelleguntur
2045 2628 2275 2689 tabulae
2323 2628 2413 2689 vel
2470 2637 2663 2690 crates
2722 2648 2859 2709 pen-

571 2736 781 2796 dentes
847 2745 906 2796 et
969 2737 1126 2796 inter
1184 2754 1247 2796 se
1302 2737 1575 2817 iunctae,
1624 2737 1685 2795 in
1742 2733 1959 2814 quibus
2016 2734 2162 2795 mala
2217 2743 2542 2813 ponuntur.
2635 2743 2857 2796 temere

572 2841 972 2903 Schneiderus
1029 2841 1236 2925 multa,
1291 2844 1353 2903 in
1411 2841 1630 2921 quibus
1685 2840 2003 2921 pensilium
2061 2859 2369 2921 pomorum
2429 2843 2649 2903 mentio
2711 2844 2858 2904 facta

573 2959 748 3026 esset,
797 2950 1086 3011 excidisse
1135 2958 1195 3010 et
1239 2957 1374 3030 post
1419 2952 1697 3011 struthea
1745 2957 1941 3009 notam
1991 2949 2234 3010 lacunae
2280 2948 2688 3028 adponendam
2731 2969 2857 3011 esse

570 3061 811 3139 putavit.
1177 3120 1183 3125 .

750 3165 976 3226 Sorua
1043 3183 1169 3244 per
1236 3183 1308 3225 se
1354 3164 1705 3225 —facile
1779 3163 2040 3225 durare
2106 3181 2401 3224 seruare
2464 3183 2629 3245 rapa
2696 3184 2859 3226 con-

571 3280 765 3334 secta
830 3275 902 3333 in
969 3270 1245 3351 sinape]
1304 3273 1571 3333 Servare
1627 3271 1763 3331 olim
1823 3277 2069 3350 propter
2124 3269 2476 3333 insolentem
2540 3271 2854 3333 verborum

572 3381 1060 3458 compositionem
1108 3378 1424 3439 delendum
1475 3380 1685 3440 notavi.
1779 3379 1999 3457 poterit
2052 3386 2247 3437 tamen
2295 3377 2408 3439 hoc
2456 3378 2855 3458 neglegentiae

570 3487 882 3566 scriptoris
930 3494 990 3547 et
1035 3484 1312 3546 brevitati
1351 3486 1589 3546 dicendi
1636 3487 1695 3545 in
1745 3486 1857 3545 hoc
1897 3503 2114 3563 genere
2164 3492 2618 3564 praeceptorum
2659 3485 2854 3565 tribui,

572 3593 731 3674 quod
796 3592 1014 3654 diversi
1079 3594 1316 3671 generis
1380 3594 1655 3654 infinitivi
1720 3595 1956 3654 durare
2020 3599 2080 3652 et
2141 3610 2397 3653 servare
2460 3594 2640 3671 positi
2704 3598 2854 3654 sunt.

570 3701 778 3762 similis
827 3699 1232 3779 neglegentiae
1282 3700 1544 3780 exempla
1593 3700 1980 3760 inveniuntur
2026 3697 2051 3757 1
2089 3695 2177 3761 30
2216 3717 2340 3777 sqq.
2388 3697 2413 3758 1
2451 3695 2558 3760 49.

747 3807 984 3887 anue
1061 3810 1120 3868 si
1193 3809 1548 3868 coieceris
1621 3810 1691 3868 in
1767 3816 2031 3866 terram
2107 3813 2176 3866 et
2241 3804 2517 3866 obteris
2584 3809 2849 3868 circum

569 3935 833 3978 ramum
891 3918 952 3976 si
1007 3916 1465 3976 extrinsecus
1522 3916 1834 3993 spiritus
1888 3911 2113 3973 adflet
2170 3931 2245 3973 ea
2301 3931 2437 3973 non
2495 3914 2695 3974 modo
2751 3916 2850 3974 in·

574 4034 773 4104 tegra
821 4024 1074 4084 exsimi
1123 4021 1244 4081 sed
1292 4023 1503 4082 etiam
1552 4018 1843 4098 maiora]
1895 4021 2167 4096 Eamque
2211 4023 2268 4080 si
2310 4023 2649 4082 conieceris
2703 4020 2851 4081 edita

572 4131 708 4192 inde
756 4149 787 4191 a
836 4132 1104 4210 principe
1167 4129 1425 4189 editione
1483 4128 1853 4209 exemplaria.
1946 4130 2182 4189 obteres
2228 4125 2545 4189 IucunduS.
2637 4130 2727 4189 sic
2780 4147 2853 4188 ne

571 4241 954 4299 extrinsecus
999 4239 1252 4313 spiritus
1297 4235 1470 4311 afflet
1514 4235 1813 4314 Angelius.
1888 4224 2169 4296 obrueris
2215 4234 2306 4294 vel
2352 4236 2580 4296 obruas
2625 4238 2850 4296 circum

576 4362 832 4427 ramum,
870 4347 937 4405 ni
973 4347 1354 4404 extrinsecus
1399 4345 1650 4419 spiritus
1688 4342 1859 4418 afflet
1896 4340 2166 4422 UrsinuS,
2204 4340 2306 4401 ubi
2343 4345 2411 4402 m·
2445 4360 2550 4420 pro
2591 4361 2667 4404 ne
2701 4343 2850 4420 posi-

571 4460 699 4511 tum
759 4469 888 4511 esse
949 4450 1148 4511 voluit.
1243 4450 1521 4510 Varronis
1588 4458 1901 4529 praecepta
1972 4449 2042 4509 de
2108 4450 2341 4527 punicis
2406 4447 2573 4510 malis
2629 4448 2851 4509 rettulit

573 4555 800 4619 Plinius
846 4555 946 4615 XV
985 4553 1088 4638 60,
1137 4558 1220 4617 M.
1273 4557 1470 4618 Varro
1517 4565 1577 4618 et
1623 4561 1686 4619 in
1735 4559 1909 4617 doliis
1968 4558 2245 4619 harenae
2288 4559 2529 4617 servari
2579 4557 2742 4617 iubet
2794 4561 2850 4617 et
