3178 5185
665 436 924 491 RERVM
960 435 1439 492 RVSTICARVM
1478 436 1613 491 LIB.
1653 437 1677 489 I
1719 433 1942 491 65—11
1979 435 2237 490 PRAEF.
2458 426 2585 525 129

316 601 464 670 post
524 592 820 651 animam
876 590 1170 652 efflaret
1235 599 1465 652 tamen
1531 599 1826 671 putaret
1891 609 1961 651 se
2031 590 2296 652 fecisse
2362 589 2586 668 recte]

315 698 431 758 Non
481 701 625 759 satis
673 708 945 759 accurate
986 697 1247 778 Scaliger
1287 698 1443 772 ,duas
1491 701 1835 778 negationes
1882 716 1991 778 pro
2030 716 2147 758 una
2195 699 2415 776 positas
2460 715 2590 758 esse

312 806 615 885 adnotavit,
664 824 778 867 nec
822 809 878 866 si
927 838 1001 848 —
1052 824 1172 867 non
1214 809 1531 892 potuisset,
1584 806 1658 866 de
1715 824 1831 885 quo
1888 823 2108 884 genere
2156 804 2276 864 dixi
2323 803 2348 863 1
2386 800 2445 884 2,
2484 800 2589 864 23.

312 912 404 973 sed
453 915 705 995 repetita
754 915 1061 992 negatione
1119 912 1436 973 dicendum
1493 922 1622 973 erat
1684 931 1827 987 nec,
1874 916 1930 973 si
1973 930 2108 974 eum
2164 929 2417 973 servare
2472 928 2590 971 non

304 1023 589 1095 potuisset
641 1053 747 1094 —,
803 1025 1000 1080 tamen
1057 1037 1174 1080 non
1227 1027 1454 1096 putare
1509 1039 1574 1080 se
1626 1018 1849 1095 fecisse
1903 1027 2085 1080 recte.
2177 1037 2285 1098 pro
2333 1018 2444 1077 hoc
2494 1036 2591 1077 ne-

309 1125 484 1204 glecta
534 1126 875 1208 negatione,
923 1144 1074 1205 quae
1121 1126 1191 1186 ab
1248 1128 1416 1187 initio
1478 1129 1669 1205 posita
1717 1134 1870 1202 erat,
1918 1129 2204 1205 scriptum
2256 1132 2347 1185 est
2395 1132 2592 1186 tamen

304 1239 538 1307 putare.

1379 1463 1431 1523 Π

480 1605 672 1666 Praef.
711 1604 752 1667 2
818 1606 1041 1677 Quum
1109 1604 1397 1682 nocent]
1469 1607 1660 1678 Ouum
1720 1606 1936 1667 liabent
1997 1609 2215 1686 optima
2263 1607 2593 1687 apographa

312 1720 365 1773 et
420 1714 478 1772 in
539 1712 863 1792 archetypo
929 1712 1143 1791 legisse
1203 1712 1437 1772 videtur
1495 1711 1820 1792 Victorius,
1878 1715 2024 1786 quin
2082 1714 2260 1773 editio
2317 1717 2595 1795 princeps

311 1837 339 1878 a
389 1819 679 1880 Politiano
739 1837 856 1879 non
915 1829 1183 1880 correcta
1240 1829 1299 1879 et
1354 1819 1538 1879 codex
1599 1817 1915 1898 CaesenaS,
1971 1838 2145 1894 quem
2202 1820 2598 1883 FlorentinuS.

312 1927 564 1986 retinere
612 1934 809 1986 autem
856 1926 1050 1986 villam
1101 1945 1206 2005 per
1254 1910 1583 1985 ludibrium
1622 1925 1905 1986 dicuntur
1952 1928 1990 1985 ii
2031 1928 2150 2007 qui,
2189 1927 2328 1987 dum
2367 1931 2596 2007 graecis

313 2032 603 2093 vocabulis
649 2042 850 2112 partes
898 2032 1064 2092 villae
1113 2032 1427 2113 appellant,
1466 2050 1682 2091 nomen
1723 2031 1889 2091 villae
1938 2035 2094 2093 tueri
2144 2032 2251 2092 sibi
2303 2034 2595 2095 videntur.
2709 2074 2713 2079 -

477 2156 518 2219 2
561 2159 933 2234 Podyterion
972 2156 1224 2235 plurima
1258 2155 1610 2237 apographa,
1641 2163 1701 2216 et
1739 2158 1824 2215 sic
1863 2156 1925 2215 in
1955 2156 2272 2238 archetypo
2305 2162 2592 2240 scriptum

311 2264 430 2348 fuit,
469 2284 593 2325 non
642 2267 1060 2342 apodyterion,
1102 2262 1257 2342 quod
1299 2261 1523 2323 Merula
1571 2263 1834 2323 restituit
1873 2269 1932 2322 et
1970 2261 2296 2324 Politianus
2335 2268 2394 2326 in
2434 2269 2593 2346 priu-

311 2373 431 2450 cipe
480 2372 742 2432 editione
790 2390 906 2431 non
956 2373 1235 2431 correxit.
1329 2369 1541 2429 deinde
1583 2373 1937 2445 peripteron
1995 2389 2066 2429 ex
2126 2390 2301 2432 manu
2359 2376 2597 2452 scriptis

311 2475 468 2540 libris
518 2480 775 2558 restitui,
820 2474 1312 2558 περιστερεῶνα
1361 2475 1663 2537 Iucundos
1711 2476 1970 2556 dederat,
2020 2479 2120 2555 qui
2167 2497 2374 2556 graeca
2427 2499 2597 2539 voca·

311 2583 436 2647 bula
483 2585 774 2665 exhibuit,
822 2599 972 2666 quae
1021 2594 1226 2665 postea
1276 2584 1347 2645 ab
1395 2582 1724 2645 editoribus
1774 2591 2011 2664 recepta
2059 2592 2216 2646 sunt.

479 2709 519 2772 3
593 2709 1052 2770 Frumentum
1100 2709 1415 2770 locamus
1464 2711 1584 2789 qui
1634 2708 1838 2769 nobis
1886 2710 2143 2771 adueat
2192 2714 2310 2790 qui
2368 2715 2599 2772 saturi

313 2816 562 2877 fiamus
612 2834 692 2875 ex
739 2816 1045 2897 aphryca
1102 2825 1171 2877 et
1228 2815 1587 2893 sardinia]
1640 2815 2004 2877 Sententiam
2052 2818 2400 2896 verborum,
2449 2838 2598 2897 quae

311 2923 437 2983 olim
485 2941 667 3004 prava
715 2923 1094 2983 distinctione
1138 2922 1451 2984 obscurata
1489 2931 1633 3004 erat,
1677 2917 2103 2984 demonstravit
2141 2923 2596 2985 Commeliniana

310 3029 498 3113 editio,
541 3029 918 3105 frumentum
963 3034 1233 3091 locamus
1279 3033 1388 3104 qui
1437 3031 1607 3090 nobis
1654 3032 1948 3104 advehat,
1996 3035 2105 3106 qui
2145 3035 2348 3092 saturi
2375 3036 2599 3105 fiamus

310 3155 383 3197 ex
436 3137 661 3214 Africa
728 3144 787 3197 et
840 3137 1163 3209 Sardinia,
1220 3136 1277 3196 h.
1319 3155 1371 3196 e.
1438 3145 1506 3196 ut
1572 3156 1641 3196 ex
1699 3136 1896 3196 Africa
1963 3146 2022 3196 et
2079 3136 2348 3197 Sardinia
2413 3140 2596 3198 saturi

311 3243 529 3306 fiamus,
627 3261 761 3303 nam
819 3241 1083 3302 adverbii
1140 3243 1268 3302 loco
1325 3246 1433 3317 qui
1485 3261 1621 3303 cum
1685 3242 1862 3303 verbo
1902 3246 2126 3317 fiamus
2171 3246 2427 3322 positum
2477 3253 2593 3306 est:

311 3348 467 3430 124,
504 3349 552 3412 4
598 3357 668 3412 ut
720 3352 802 3410 sit
844 3352 953 3424 qui
998 3352 1134 3409 vitis
1181 3352 1434 3423 alliqari
1470 3352 1682 3424 possit,
1731 3347 1782 3407 Il
1827 3346 1880 3430 1,
1919 3345 2004 3410 28
2053 3357 2142 3410 est
2186 3353 2294 3424 qui
2347 3355 2594 3427 expleas

322 3459 616 3543 duplicem
665 3460 838 3517 istam
886 3460 1187 3535 lacunam,
1233 3452 1312 3514 III
1358 3453 1453 3537 17,
1492 3453 1532 3516 9
1579 3458 1968 3515 maritumum
2007 3459 2234 3531 flumen
2282 3460 2600 3518 inmisisset

317 3566 373 3623 in
420 3567 728 3642 piscinas,
793 3566 900 3638 qui
957 3566 1276 3638 reciproce
1322 3565 1592 3637 fluerent
1646 3566 1846 3639 ipsae;
1911 3572 1970 3622 et
2035 3562 2305 3623 similiter
2352 3562 2376 3622 Ι
2416 3560 2519 3644 38,
2563 3561 2594 3624 1

315 3665 630 3732 videndum
696 3677 755 3731 et
817 3672 926 3745 qui
982 3677 1039 3731 et
1104 3688 1220 3745 quo
1283 3688 1512 3745 qenere
1577 3672 1952 3746 potissimum
2018 3669 2251 3746 facias,
2326 3668 2597 3752 111,16

315 3781 549 3850 quando
589 3785 649 3839 et
682 3779 790 3853 qui
826 3783 886 3837 et
923 3775 999 3837 ib.
1034 3774 1113 3838 17
1163 3780 1271 3852 qui
1297 3779 1676 3853 potissimum
1715 3794 1991 3852 quaeque
2031 3779 2336 3853 pecudum
2376 3796 2595 3853 pasca-

316 3889 424 3958 tur,
469 3887 533 3944 in
581 3884 1045 3961 interrogatione
1093 3881 1173 3942 111
1210 3880 1270 3964 2,
1315 3880 1394 3944 12
1441 3886 1549 3958 qui
1592 3886 1788 3943 minus
1833 3902 2093 3961 possum.

481 4002 525 4067 4
590 4006 730 4067 Nec
796 4009 855 4067 si
918 4017 1221 4086 possunt
1283 4009 1352 4067 in
1420 4026 1587 4086 agro
1652 4010 1851 4087 pasci
1913 4009 2399 4068 armentarius
2460 4025 2595 4067 non

319 4112 483 4178 aliut
541 4132 618 4174 ac
667 4111 1052 4189 bubulcus]
1101 4115 1227 4175 Nec
1279 4117 1336 4175 si
1385 4118 1577 4192 possit
1623 4117 1685 4176 in
1733 4132 1887 4191 apro
1940 4117 2124 4192 pasci
2166 4118 2597 4188 armentarius,

319 4237 427 4281 non
471 4222 649 4282 aliud
691 4238 768 4283 ac
816 4223 1109 4282 bubulcus
1146 4220 1467 4303 IucunduS,
1515 4220 1619 4282 ubi
1658 4221 1959 4282 Gesnerus
1999 4240 2236 4301 pravam
2280 4222 2596 4283 verborum

321 4325 751 4389 distinctionem
799 4329 1085 4407 correxit,
1139 4346 1258 4388 non
1307 4331 1465 4388 alius
1512 4327 1915 4390 Schneiderus
1975 4330 2246 4389 coniecit.
2323 4331 2598 4389 restituta

321 4428 560 4494 lectione
609 4433 915 4513 archetypi
963 4432 1160 4494 addidi
1206 4441 1502 4509 armenta,
1543 4435 1700 4514 quod
1741 4434 2057 4515 exciderat,
2096 4453 2208 4495 nec
2254 4438 2311 4495 si
2347 4443 2600 4511 possunt

324 4540 380 4599 in
422 4560 574 4616 apro
614 4544 799 4618 pasci
843 4548 1136 4617 armenta,
1186 4545 1599 4602 armentarius
1637 4560 1755 4603 non
1803 4545 1957 4603 aliut
2002 4560 2079 4601 ac
2120 4543 2431 4602 bubulcus.
2526 4550 2594 4603 ut

419 4650 570 4693 nnn.
598 4662 708 4691 mm.
737 4661 869 4693 Rvs‘r.
923 4651 989 4693 11.
2138 4648 2168 4694 9
