3178 5185
581 381 711 447 140
1563 379 1935 436 VARRONIS

580 550 803 629 aliquot
850 549 1169 627 conligatas
1216 547 1384 608 libris
1432 548 1753 609 demittunt
1801 550 1861 608 in
1911 547 2149 607 tubulos
2197 546 2408 607 fictiles
2459 545 2649 623 [cum]
2690 547 2873 607 fundo

436 733 455 741 ,.
581 665 886 737 pertuSOS,
935 675 1084 734 quos
1132 656 1409 735 cuspides
1456 656 1769 736 appellant,
1823 674 1935 733 qua
1983 673 2157 715 umor
2203 653 2570 714 adventicius
2617 656 2874 714 transire

414 742 471 840 ζ
580 767 786 842 possit.
879 771 1155 842 quartum
1212 770 1303 822 est
1358 763 1778 840 pedamentum
1833 763 2097 821 nativum
2155 763 2285 821 eius
2332 762 2593 841 generiS,
2650 761 2756 821 ubi
2801 780 2874 821 ex

583 870 896 931 arboribus
961 872 1022 929 in
1080 870 1324 930 arbores
1380 869 1672 930 traductis
1727 868 1949 929 vitibus
2006 871 2173 928 vinea
2231 869 2322 948 fit,
2389 886 2540 946 quos
2597 867 2874 928 traduces

531 978 830 1056 5quidam
903 996 1148 1055 rumpes
1212 976 1521 1055 appellant.
1633 978 1835 1037 vineae
1901 975 2230 1036 altitudinis
2294 975 2505 1035 modus
2570 975 2875 1055 longitudo
2931 988 2958 1027 5

583 1085 856 1165 hominiS,
902 1083 1207 1144 intervalla
1256 1084 1763 1162 pedamentorum,
1812 1101 1926 1161 qua
1972 1083 2151 1143 boves
2191 1085 2380 1144 iuncti
2418 1101 2585 1142 arare
2625 1085 2875 1161 possint.

582 1210 650 1252 ea
697 1194 895 1252 minus
943 1197 1288 1269 sumptuosa
1337 1192 1531 1270 vinea,
1580 1208 1730 1268 quae
1779 1192 1906 1249 sine
1954 1192 2091 1269 iugo
2141 1193 2438 1251 ministrat
2485 1190 2876 1269 acratophoro

582 1301 801 1359 vinum.
893 1298 1072 1359 huius
1130 1316 1346 1376 genera
1402 1296 1546 1358 duo:
1604 1315 1816 1376 unum,
1873 1298 1934 1356 in
1995 1315 2111 1375 quo
2161 1306 2318 1357 terra
2367 1297 2583 1358 cubilia
2630 1296 2878 1375 praebet

582 1408 739 1481 uviS‚
797 1413 864 1465 ut
909 1407 971 1464 in
1019 1405 1152 1465 Asia
1201 1404 1404 1465 multis
1451 1403 1624 1485 lociS,
1682 1423 1833 1483 quae
1882 1423 2056 1482 saepe
2105 1388 2380 1483 vulpibus
2429 1412 2489 1464 et
2535 1404 2877 1464 hominibus

582 1514 648 1573 fit
687 1515 1034 1572 communis,
1127 1530 1238 1572 nec
1277 1506 1394 1571 non
1434 1512 1484 1570 si
1522 1513 1679 1588 parit
1716 1511 1934 1571 humus
1972 1530 2192 1591 mureS,
2230 1514 2425 1571 minor
2463 1512 2529 1570 fit
2567 1512 2878 1591 vindemia,
2908 1522 2959 1560 10

581 1621 699 1679 nisi
752 1626 905 1680 totas
960 1621 1160 1679 vineas
1217 1617 1476 1696 oppleris
1523 1618 1904 1699 muscipuliS,
1962 1619 2118 1697 quod
2167 1621 2225 1678 in
2275 1618 2468 1678 insula
2518 1617 2871 1678 Pandateria

532 1727 833 1789 Gfaciunt.
924 1727 1175 1786 alterum
1231 1743 1419 1803 genus
1475 1726 1683 1805 vineti,
1739 1725 1842 1785 ubi
1899 1744 1964 1784 ea
2020 1726 2193 1786 modo
2252 1732 2591 1786 removetur
2639 1745 2669 1785 a
2716 1733 2878 1785 terra

448 1872 488 1913 s
582 1834 740 1912 vitis,
788 1851 937 1911 quae
987 1834 1247 1893 ostendit
1294 1850 1357 1892 se
1405 1831 1636 1892 adferre
1674 1850 1864 1892 uvam.
1957 1831 2068 1892 sub
2107 1850 2253 1906 eam,
2301 1832 2404 1892 ubi
2445 1834 2709 1893 nascitur
2748 1851 2878 1913 uva,

584 1938 965 2000 subiciuntur
1032 1942 1276 2000 circiter
1332 1938 1635 2016 bipedales
1693 1958 1723 1998 e
1782 1938 2039 1999 surculis
2095 1937 2390 2018 furcillae,
2456 1958 2529 1998 ne
2586 1940 2876 1999 vindemia

584 2046 735 2105 facta
795 2046 1049 2126 denique
1108 2048 1295 2107 discat
1341 2045 1603 2123 pendere
1659 2048 1721 2105 in
1780 2045 1967 2124 palma
2026 2053 2127 2104 aut
2184 2045 2446 2105 funiculo
2503 2056 2604 2108 aut
2650 2048 2872 2126 vinctu,
2904 2055 2954 2093 15

584 2153 742 2232 quod
790 2156 1020 2232 antiqui
1065 2153 1353 2214 vocabant
1401 2162 1648 2214 cestum.
1741 2152 1825 2212 ibi
1871 2154 2145 2212 dominus
2194 2152 2371 2212 simul
2417 2172 2484 2213 ac
2530 2153 2678 2213 vidit
2723 2154 2876 2213 occi-

583 2262 795 2338 pitium
862 2261 1336 2340 vindemiatoris,
1402 2260 1664 2320 furcillas
1721 2260 1956 2320 reducit
2009 2259 2386 2319 hibernatum
2445 2262 2505 2319 in
2563 2268 2747 2340 tecta,
2811 2268 2880 2319 ut

584 2369 713 2426 sine
762 2376 1003 2446 sumptu
1051 2368 1260 2428 harum
1310 2385 1488 2445 opera
1536 2367 1723 2427 altero
1771 2386 1923 2427 anno
1971 2369 2061 2426 uti
2105 2369 2311 2445 possit.
2403 2367 2513 2427 hac
2560 2374 2879 2427 consuetu-

535 2481 568 2536 7
593 2473 730 2534 dine
778 2476 839 2534 in
886 2474 1049 2534 Italia
1097 2481 1350 2535 utuntur
1392 2458 1643 2536 Reatini.
1732 2474 1877 2534 haec
1925 2475 2058 2533 ideo
2108 2475 2358 2534 varietas
2404 2476 2673 2555 maxime,
2722 2476 2879 2553 quod

582 2589 743 2642 terra
801 2583 972 2643 cuius
1032 2582 1191 2642 modi
1250 2583 1325 2642 sit
1384 2581 1582 2642 refert.
1677 2580 1781 2641 ubi
1828 2582 1982 2642 enim
2033 2587 2242 2642 natura
2291 2581 2513 2657 umida,
2570 2582 2652 2642 ibi
2700 2581 2879 2643 altius
2908 2590 2961 2628 20

582 2691 718 2749 vitis
764 2689 1039 2770 tollenda,
1088 2688 1245 2768 quod
1292 2690 1353 2748 in
1401 2696 1574 2766 partu
1625 2697 1685 2749 et
1730 2688 2006 2750 alimonio
2045 2691 2246 2750 vinum
2286 2708 2422 2768 non,
2469 2697 2536 2749 ut
2573 2692 2633 2749 in
2675 2689 2878 2769 calice,

584 2798 817 2876 quaerit
872 2815 1109 2877 aquam,
1169 2797 1272 2857 sed
1320 2795 1521 2855 solem.
1615 2798 1815 2875 itaque
1861 2798 2021 2877 ideo,
2078 2806 2146 2856 ut
2192 2796 2477 2876 arbitror,
2536 2798 2798 2873 primum
2843 2814 2879 2854 e

583 2906 752 2964 vinea
800 2905 861 2964 in
911 2903 1154 2963 arbores
1201 2903 1470 2964 escendit
1516 2905 1670 2965 vitis.

492 3012 571 3074 IX
769 3011 972 3092 Terra,
1018 3012 1279 3093 inquam,
1326 3012 1496 3071 cuius
1544 3010 1706 3070 modi
1752 3012 1828 3070 sit
1873 3011 2075 3091 refert,
2123 3018 2183 3070 et
2228 3010 2299 3071 ad
2347 3028 2524 3089 quam
2562 3028 2686 3077 rem
2725 3009 2879 3070 bona

727 3189 754 3235 1
795 3183 1011 3251 aliquot
1029 3184 1123 3236 Bv
1153 3181 1382 3250 aliquod
1408 3183 1524 3236 PA
1598 3181 1893 3252 colligatas
1917 3182 2097 3236 VAB
2170 3150 2410 3236 {inbutos
2431 3183 2487 3236 B
2561 3199 2685 3236 oum
2705 3182 2877 3236 fundo

579 3272 838 3340 pertusos
879 3272 999 3325 ΡΒ
1035 3271 1314 3326 confundo
1350 3273 1611 3340 pertusos
1649 3271 1706 3325 A
1744 3287 1867 3325 cum
1906 3270 2080 3325 fundo
2117 3274 2344 3339 pertuso
2380 3288 2413 3324 v
2449 3271 2622 3326 fundo
2651 3275 2878 3341 pertuso

591 3361 828 3416 Ursinus
983 3367 1015 3413 2
1075 3359 1304 3429 cupides
1352 3361 1407 3415 A
1560 3377 1720 3415 umor
1766 3361 1882 3414 PA
1939 3361 2139 3415 humor
2185 3362 2281 3414 Bv
2436 3360 2776 3416 aduentitius
2824 3361 2879 3414 A

725 3457 756 3504 3
811 3448 1003 3519 poenit
1059 3468 1177 3505 una
1231 3452 1417 3505 littera
1461 3454 1592 3519 post
1647 3470 1672 3505 s
1718 3452 1893 3505 deleta
1937 3451 1992 3505 A
2046 3450 2256 3520 poterit
2300 3467 2353 3505 m
2518 3458 2547 3505 '7
2594 3451 2881 3505 ministrat

581 3540 992 3609 acrathophoro
1025 3540 1081 3593 P
1113 3540 1434 3595 ministrata
1471 3541 1805 3609 cratophoro
1843 3540 1899 3592 Β
1935 3538 2218 3594 ministrat
2254 3541 2586 3609 cratophoro
2624 3540 2681 3594 A
2717 3540 2878 3594 mini-

581 3630 723 3684 strat
757 3628 1167 3697 acratophoron
1204 3647 1253 3684 v.
1333 3629 1601 3699 ‘Antiqui
1639 3631 1772 3685 libri
1807 3645 1996 3683 ueram
2033 3629 2309 3684 lectionem
2344 3629 2608 3697 retinent,
2646 3630 2878 3684 Acrato-

571 3718 773 3786 phoro’
816 3718 1092 3773 Victorius
1236 3724 1267 3772 9
1296 3718 1437 3778 locis
1468 3719 1898 3787 superscriptum
1925 3718 1989 3771 in
2016 3718 2071 3772 A
2217 3724 2283 3772 10
2320 3719 2549 3789 humus]
2578 3719 2742 3773 huius
2771 3718 2879 3772 Am

726 3813 789 3861 11
842 3806 1145 3876 Muscipuli
1190 3809 1255 3862 in
1298 3810 1545 3879 maryine
1594 3808 1892 3875 adscripsit
1928 3807 1985 3860 P
2135 3807 2466 3876 pandateria
2506 3807 2625 3862 ΡΒ
2671 3807 2878 3877 panda-

579 3896 728 3950 tatia
763 3895 884 3950 Am
941 3895 1317 3965 pandatharia
1351 3914 1383 3952 v
1532 3903 1598 3950 12
1657 3896 1834 3950 uineti
1889 3896 1986 3950 nbi
2021 3897 2119 3951 Bv
2174 3896 2339 3951 uiniti
2393 3895 2491 3950 ubi
2527 3897 2584 3950 P
2633 3896 2794 3952 uinee
2834 3896 2880 3951 ti

580 3984 675 4039 ubi
706 3985 761 4039 A
798 3985 961 4039 uinee
998 3985 1097 4040 ubi
1133 4003 1187 4040 m
1217 4030 1228 4043 .
1258 3986 1491 4053 fortasse
1519 3986 1718 4041 vineae
1754 3986 1818 4040 fit
1855 3984 1953 4039 ubi
2102 3991 2164 4039 13
2204 3987 2421 4041 adferre
2449 3987 2570 4040 AB
2599 3987 2794 4042 afferre
2833 3986 2885 4040 V

735 4081 802 4128 14
858 4073 1209 4130 subiciuntur
1264 4075 1378 4130 PB
1435 4076 1709 4129 subicitur
1765 4076 1818 4128 A
1876 4075 2245 4130 subiiciuntur
2297 4092 2330 4130 v
2490 4076 2780 4145 bipedales
2827 4076 2882 4130 A

581 4181 717 4219 corr.
777 4196 843 4205 -
894 4164 943 4219 is
990 4163 1071 4218 A2
1216 4165 1435 4219 fni-cille
1486 4166 1541 4219 A
1596 4181 1735 4220 corr.
1785 4195 1851 4204 —
1899 4162 2002 4218 illa,
2047 4165 2129 4218 A²
2276 4172 2342 4219 16
2389 4165 2713 4235 occipitium
2760 4166 2882 4219 AB

581 4254 912 4325 occipicium
971 4254 1024 4307 V
1175 4260 1240 4312 18
1295 4255 1494 4309 horum
1545 4253 1728 4307 PAB
1785 4269 1977 4308 eorum
2013 4271 2046 4308 v
2101 4271 2291 4310 earum
2349 4256 2644 4310 Iucundus
2795 4254 2881 4309 uti

579 4345 1007 4411 superscriptum
1060 4345 1123 4397 in
1168 4346 1221 4396 A
1382 4349 1471 4397 19.
1494 4342 1699 4397 reatini
1746 4360 1779 4398 v
1824 4342 2054 4397 uriatini
2104 4344 2289 4399 PAB
2434 4350 2503 4399 20
2550 4343 2625 4398 sit
2678 4362 2776 4400 om.
2826 4346 2881 4399 A

722 4431 955 4486 humida
1001 4431 1182 4487 VAB
1324 4438 1391 4486 23
1431 4430 1683 4487 escendit
1722 4432 1842 4487 ΡΒ
1878 4433 2133 4488 ascendit
2173 4433 2336 4488 Amv

723 4527 793 4575 24
829 4521 1034 4594 bonam
1063 4523 1254 4590 priore
1292 4523 1404 4578 loco
1441 4523 1496 4576 A
