3178 5185
816 407 1075 485 RERVM
1111 397 1589 462 RVSTICARVM
1625 407 1761 462 LIB.
1799 407 1825 460 I
1866 404 2015 461 7—8
2472 396 2557 462 35

462 569 586 624 VIII
631 562 665 625 1
750 565 1007 639 [nquam
1074 571 1133 623 et
1190 562 1285 623 hic
1348 571 1408 624 et
1453 570 1659 644 postea
1705 559 1766 644 9,
1793 560 1842 647 Δ1
1895 580 2012 622 non
2061 560 2130 621 ad
2178 563 2374 641 ipsum
2421 559 2558 620 Var-

309 688 490 730 ronem
545 671 923 732 referendum
981 690 1139 751 esse,
1198 670 1301 731 sed
1364 670 1433 730 ad
1493 670 1787 750 Scrofam,
1843 670 2143 749 intelleget
2200 671 2558 747 quicumque

307 780 568 838 rationem
612 780 873 839 instituti
920 780 1213 839 sermonis
1259 780 1653 857 perspexerit.

463 885 649 946 Aliae
717 888 901 946 enim
957 886 1265 947 humiles
1322 904 1398 946 ac
1456 888 1611 946 sine
1670 886 1926 946 ridicis
1984 892 2059 946 ut
2113 886 2183 944 in
2238 882 2559 963 hispania

307 992 465 1053 aliae
512 992 850 1055 sublimes
888 1001 964 1054 ut
1002 1011 1180 1073 quae
1219 991 1683 1072 appellantur
1722 993 2007 1070 iugatae
2056 1000 2132 1052 ut
2167 991 2559 1071 pleraeque
2611 1071 2614 1074 Ι

305 1098 594 1160 initalia
645 1102 855 1160 cuius
903 1102 1187 1160 nomina
1237 1099 1371 1160 duo
1429 1099 1849 1178 pedamenta
1907 1107 1976 1159 et
2032 1097 2231 1178 iuga]
2290 1101 2562 1172 Quarum

277 1211 529 1268 ‘nomina
573 1226 646 1267 ex
693 1208 964 1286 principe
1025 1206 1283 1267 editione
1341 1214 1650 1285 receptum
1708 1215 1851 1265 erat.
1926 1208 2267 1266 ridiearum
2321 1208 2565 1266 nomina

259 1366 263 1370 .
306 1311 548 1376 Ursinus,
625 1318 804 1376 euius
847 1317 1099 1389 yeneris
1145 1316 1388 1374 nomina
1436 1314 1669 1393 scripsi.
1743 1320 2050 1392 praeterea
2106 1320 2173 1373 ut
2225 1322 2359 1373 ante
2408 1330 2565 1388 quae
2631 1304 2652 1310 ’

309 1420 496 1503 delevi,
527 1424 824 1496 sublimes,
867 1438 1026 1496 quae
1064 1425 1449 1498 appellantur
1492 1424 1757 1496 iuqatae,
1796 1428 1864 1481 ut
1892 1424 2225 1497 pleraeque
2262 1423 2323 1481 in
2363 1420 2566 1493 Italia,

307 1532 463 1589 cuius
509 1532 755 1605 qeneris
811 1531 1057 1590 nomina
1115 1531 1250 1589 duo.
1335 1547 1471 1588 nam
1539 1530 1770 1606 iugatae
1829 1528 2111 1589 dicuntur
2172 1530 2374 1588 viueae
2430 1526 2568 1587 sub-

309 1635 476 1717 limeS,
519 1645 833 1716 propterea
885 1634 1041 1714 quod
1090 1636 1151 1694 in
1198 1634 1290 1695 his
1329 1637 1497 1714 viteS,
1543 1643 1612 1695 ut
1650 1633 1933 1694 sublimes
1973 1635 2142 1715 fiant,
2189 1635 2568 1714 adiugantur3

312 1745 425 1803 sine
466 1746 597 1823 iugo
645 1753 787 1804 sunt
833 1742 1105 1824 humileS,
1165 1742 1322 1821 quod
1369 1760 1558 1820 genus
1605 1740 1965 1803 describitur
2024 1750 2228 1822 postea
2284 1740 2323 1818 ἓ
2366 1737 2424 1803 5.
2506 1742 2568 1800 in

312 1851 504 1929 iugatis
549 1858 745 1911 autem
795 1852 983 1911 vineis
1030 1849 1152 1909 duo
1195 1857 1335 1909 sunt
1383 1850 1623 1909 nomina
1669 1867 1873 1909 earum
1921 1867 2153 1930 rerum,
2209 1848 2425 1928 quibus
2472 1847 2568 1908 ad-

310 1958 583 2039 iugantur,
627 1958 979 2037 pedamenta
1026 1966 1086 2017 et
1133 1958 1284 2034 iuga.
1920 1933 1923 1940 ⁴

468 2064 739 2136 Quibus
787 2072 932 2125 stat
978 2065 1207 2124 rectis
1255 2064 1465 2123 uinea
1514 2062 1859 2124 dicuntur
1915 2063 2337 2142 pedamenta
2395 2081 2572 2141 quae

314 2179 710 2233 transuersa
746 2173 1149 2250 iunguntur
1187 2167 1375 2249 iuga]
1416 2171 1613 2230 Recta
1649 2172 1835 2231 uinea
1874 2169 2026 2230 edita
2067 2178 2202 2230 ante
2243 2168 2571 2230 victorium

313 2280 660 2360 exemplaria.
734 2282 904 2355 queis
951 2275 1306 2339 transversa
1345 2281 1684 2353 iunyuntur
1723 2277 1992 2357 UrsinuS,
2040 2277 2197 2356 quod
2243 2296 2360 2337 non
2399 2276 2572 2337 debe-

316 2384 400 2447 hat
441 2387 687 2467 probare
739 2384 1158 2467 SchneideruS,
1205 2387 1305 2464 qui
1355 2384 1498 2445 haec
1545 2387 1628 2445 ita
1676 2384 1987 2445 scribenda
2035 2386 2305 2465 coniecit,
2358 2386 2575 2459 quibus

317 2501 421 2555 stat
462 2503 633 2557 reeta
679 2498 874 2568 vinea,
924 2495 1217 2554 dicuntur
1255 2495 1624 2569 pedamenta
1633 2513 1657 2563 ;
1704 2495 1838 2568 quis
1880 2500 2234 2553 transversa
2281 2494 2575 2567 iunyitur,

315 2604 455 2678 iuqa.
527 2604 628 2664 sed
677 2605 842 2683 iuga,
898 2601 1038 2661 dum
1087 2609 1420 2662 transversa
1479 2600 1811 2680 adligantur
1869 2601 1939 2661 ad
1998 2600 2348 2680 pedamenta
2395 2608 2576 2681 recta,

315 2709 458 2789 iungi
500 2729 635 2771 cum
683 2710 799 2771 illis
849 2710 1150 2791 dicuntur,
1208 2718 1268 2770 et
1316 2710 1589 2770 similiter
1637 2709 1711 2769 de
1757 2707 2192 2769 harundinibus
2248 2710 2309 2768 in
2356 2706 2451 2768 illa
2507 2726 2573 2767 re

317 2815 569 2879 adhibitis
615 2819 921 2898 praecepit
958 2816 1276 2878 Columella
1317 2816 1390 2876 1v
1432 2814 1533 2897 17,
1566 2814 1601 2877 1
1642 2819 2021 2901 harundines
2051 2818 2337 2893 pluribus
2374 2817 2575 2892 operis
2609 2875 2612 2877 ,

318 2926 610 3002 iuqantur,
677 2929 961 3001 quoniam
1026 2931 1087 2985 et
1140 2927 1427 3001 pluribus
1486 2927 1636 2986 locis
1702 2929 2049 2985 nectuntur.
2132 2930 2436 3001 praeterea
2502 2921 2574 2981 de

315 3030 536 3093 ablativo
593 3052 732 3094 casu
790 3034 1158 3113 pronominis
1215 3030 1470 3112 relativi,
1525 3033 1588 3090 in
1647 3049 1763 3109 quo
1823 3026 2057 3109 saepius
2117 3036 2382 3091 erratum
2443 3047 2574 3089 esse

321 3139 488 3223 video,
530 3141 643 3201 hoc
690 3139 1054 3200 monendum
1103 3147 1217 3221 est,
1257 3136 1529 3198 breviore
1579 3137 1767 3197 forma
1805 3140 1939 3212 quis
1976 3135 2298 3197 Varronem
2336 3138 2576 3197 omnino

320 3265 473 3308 usum
528 3230 647 3309 non
704 3267 835 3309 esse
898 3249 1013 3308 nIsi
1073 3264 1208 3307 cum
1264 3243 1833 3325 praepositionibus:
1899 3262 1938 3304 a
1994 3246 2152 3319 quis,
2211 3247 2272 3305 in
2329 3247 2463 3320 quis
2519 3253 2579 3304 et

312 3357 540 3416 maxime
597 3375 631 3417 e
677 3358 812 3431 quis
869 3372 1045 3433 saepe
1104 3353 1251 3413 dixit
1307 3361 1366 3413 et
1422 3353 1483 3411 in
1540 3352 1632 3412 his
1678 3350 1849 3412 libris
1906 3358 1967 3411 et
2012 3350 2085 3410 de
2139 3350 2337 3429 lingua
2384 3350 2577 3412 latina.

471 3460 510 3523 2
575 3465 844 3523 Dereeta
902 3464 964 3521 in
1021 3460 1338 3539 archetypo
1403 3460 1691 3539 scriptum
1751 3459 1863 3518 suit
1923 3467 1982 3518 et
2027 3457 2052 3517 I
2095 3455 2194 3538 13,
2223 3455 2264 3519 6
2313 3461 2578 3535 derian,

320 3563 406 3647 18,
436 3567 468 3628 1
516 3572 757 3645 derigit,
804 3564 909 3650 40,
939 3566 978 3630 6
1027 3577 1087 3628 et
1133 3565 1219 3627 111
1256 3562 1316 3648 5,
1346 3562 1389 3626 9-
1436 3569 1765 3643 derectum,
1814 3574 2020 3625 contra
2059 3564 2084 3623 I
2121 3561 2181 3644 4,
2217 3562 2246 3624 1
2292 3568 2580 3646 diriyere,

321 3669 365 3731 ΙΙ
397 3671 452 3756 9,
479 3672 517 3736 3
566 3678 819 3737 directis
865 3673 1026 3735 nullo
1074 3674 1432 3734 discrimine.

477 3781 660 3843 Haec
707 3781 834 3843 ubi
879 3782 1078 3842 domo
1130 3787 1529 3840 nascuntur
1583 3781 1792 3840 uinea
1851 3798 1983 3839 non
2034 3780 2290 3840 metuit
2346 3796 2578 3858 sump-

319 3893 444 3947 tum
487 3888 605 3950 ubi
651 3887 867 3949 multa
917 3894 988 3948 et
1031 3888 1437 3967 propinqua
1486 3884 1731 3946 uillam
1778 3904 1915 3946 non
1964 3884 2208 3964 ualde]
2258 3886 2455 3948 Multa
2502 3905 2581 3947 ex

314 3999 638 4072 propinqua
695 3999 838 4058 villa
894 4002 1056 4055 recte
1120 3992 1440 4054 IucunduS.
1516 4011 1651 4053 nam
1718 4002 1783 4054 ut
1838 3996 2027 4054 vinea.
2061 4000 2404 4072 sumptuosa
2461 4011 2580 4052 non

324 4109 424 4181 est,
476 4104 525 4162 si
578 4121 645 4163 ea
704 4100 931 4181 quibus
976 4118 1126 4180 opus
1174 4108 1265 4160 est
1312 4098 1382 4159 ad
1432 4101 1567 4177 iuga
1627 4099 1891 4160 facienda
1938 4100 2139 4181 domo,
2194 4099 2305 4160 hoc
2363 4109 2470 4160 est*
2509 4119 2581 4160 ex

322 4207 435 4284 ipso
479 4209 676 4292 fundo,
723 4216 1067 4286 nascuntur,
1116 4209 1196 4266 ita
1235 4224 1353 4265 non
1394 4204 1556 4265 valde
1601 4215 1964 4289 sumptuosa,
2011 4209 2062 4267 si
2110 4205 2291 4267 multa
2329 4225 2401 4267 ex
2446 4225 2581 4285 pro-

323 4315 518 4394 pinqua
565 4316 723 4405 villa,
778 4316 892 4376 hoc
950 4323 1042 4375 est
1097 4333 1167 4374 ex
1225 4312 1354 4373 loco
1411 4330 1529 4373 non
1579 4312 1752 4392 longe
1803 4321 2048 4396 remoto,
2102 4321 2403 4393 parantur.

475 4420 518 4484 4
581 4424 652 4484 In
709 4420 1228 4483 hardulatione
1292 4422 1361 4480 in
1420 4417 1616 4497 sicis]
1685 4421 1760 4480 In
1813 4422 2331 4481 harundulatione
2395 4440 2464 4481 ex
2501 4442 2582 4482 ,ω

328 4508 497 4593 edidit¹
527 4531 830 4595 Iucundus
878 4539 937 4591 et
974 4527 1190 4589 deinde
1239 4526 1454 4606 reliqui
1493 4526 1771 4608 editoreS,
1811 4526 1967 4606 quod
2007 4526 2079 4588 de
2118 4529 2297 4588 ramis
2335 4529 2582 4589 ficorum

2087 4629 2161 4684 3*
