3178 5185
823 415 1083 471 RERVM
1121 413 1601 470 RVSTICARVM
1638 414 1772 471 LIB.
1810 414 1891 468 III
1950 411 2030 466 17
2455 414 2584 477 319

288 601 426 661 aqua
465 581 797 644 domestica
834 600 1000 644 meos
1038 582 1488 643 multinummos
1526 583 1618 642 alo
1658 584 1883 643 asinos:
1930 582 2287 643 Hortensius
2326 584 2586 661 primum

287 691 381 768 qui
441 691 861 750 ministrarent
924 692 1252 768 piscatores
1316 688 1573 750 habebat
1628 689 1973 770 conplureS,
2039 699 2099 751 et
2154 692 2210 750 ei
2263 688 2585 769 pisciculos

284 799 535 857 minutos
625 795 989 874 adgerebant
1070 797 1448 877 frequenter,
1531 798 1636 874 qui
1709 795 2034 856 maioribus
2107 796 2583 857 absumerentur.

282 912 584 983 praeterea
645 902 1140 964 salsamentorum
1194 905 1258 962 in
1305 921 1404 963 eas
1451 904 1713 981 piscinas
1760 910 2024 982 emptum
2073 901 2387 983 coiciebat,
2445 921 2580 963 cum
2606 903 2644 961 7

236 1029 434 1072 51118Γο
491 1011 771 1072 turbaret
826 1028 893 1070 ac
952 1028 1060 1088 per
1108 1016 1522 1088 tempestatem
1581 1003 1893 1070 macellum
1949 1012 2314 1088 piscinarum
2363 1008 2580 1087 [mare]

282 1117 594 1178 obsonium
655 1115 1002 1194 praeberet,
1066 1134 1261 1195 neque
1320 1114 1652 1176 everriculo
1710 1118 1771 1176 in
1829 1115 1969 1177 litus
2025 1117 2281 1178 educere
2337 1123 2582 1195 possent

280 1225 459 1284 vivam
508 1225 799 1303 saginam,
846 1220 1112 1301 plebeiae
1151 1240 1331 1283 cenae
1369 1222 1571 1301 piscis,
1664 1221 1923 1283 celerius
1961 1222 2260 1283 voluntate
2299 1221 2583 1283 Hortensi
2639 1248 2646 1249 ’

281 1348 343 1390 ex
390 1329 584 1410 equili
633 1329 925 1390 educeres
970 1329 1263 1407 redariaS,
1314 1338 1382 1389 ut
1429 1328 1537 1389 tibi
1583 1327 1855 1410 haberes,
1903 1329 2112 1410 mulaS,
2161 1349 2335 1410 quam
2384 1350 2416 1391 e
2462 1332 2581 1409 pis·

280 1438 401 1496 cina
446 1435 772 1497 barbatum
817 1435 1084 1495 mullum.
1177 1443 1383 1515 atque,
1431 1434 1529 1495 ille
1577 1437 1799 1516 inquit,
1854 1453 1974 1496 non
2021 1437 2216 1496 minor
2263 1453 2406 1497 cura
2454 1436 2642 1496 erat8

214 1564 256 1603 ιο
280 1544 398 1602 eius
447 1542 521 1602 de
577 1542 834 1620 aegrotis
881 1541 1166 1622 piscibuS,
1215 1560 1391 1620 quam
1441 1541 1513 1603 de
1560 1544 1760 1602 minus
1807 1541 2138 1602 valentibus
2179 1545 2383 1603 serviS.
2475 1545 2582 1602 ita·

281 1667 386 1728 que
444 1650 651 1709 minus
707 1646 1012 1708 laborabat
1068 1667 1143 1708 ne
1204 1666 1407 1708 servos
1463 1666 1641 1727 aeger
1695 1667 1909 1727 aquam
1965 1648 2241 1727 frigidam
2288 1667 2470 1725 quam
2515 1656 2586 1710 ut

278 1764 580 1817 recentem
629 1754 907 1816 biberent
954 1757 1048 1815 sui
1093 1756 1309 1834 pisces,
1402 1756 1624 1815 etenim
1661 1754 1772 1815 hac
1811 1757 2040 1816 incuria
2079 1755 2347 1816 laborare
2388 1755 2582 1815 aiebat

278 1860 344 1922 M.
390 1861 718 1924 Lucullum
764 1879 833 1922 ac
877 1863 1140 1941 piscinas
1191 1864 1321 1922 eius
1369 1861 1755 1943 despiciebat,
1803 1862 1962 1941 quod
2010 1865 2321 1923 aestivaria
2369 1862 2580 1923 idonea

278 1987 387 2030 non
452 1968 740 2049 haberet,
805 1987 873 2029 ac
939 1970 1135 2030 reside
1204 1988 1355 2049 aqua
1419 1972 1481 2030 in
1549 1969 1696 2030 locis
1760 1969 2179 2047 pestilentibus
2242 1969 2581 2030 habitarent

212 2095 253 2134 15
276 2077 465 2154 pisces
527 2078 691 2136 eius:
738 2083 945 2135 contra
1003 2075 1075 2135 ad
1128 2074 1434 2153 Neapolim
1490 2075 1555 2137 L.
1615 2074 1877 2158 Luculli,
1934 2084 2320 2155 posteaquam
2377 2074 2631 2154 perso-9

277 2181 457 2243 disset
503 2190 774 2242 montem
821 2199 888 2241 ac
927 2183 1311 2242 maritumum
1350 2181 1572 2242 flumen
1611 2182 1939 2243 inmisisset
1976 2184 2039 2242 in
2091 2184 2380 2261 piscinas,
2429 2200 2579 2260 quae

277 2291 620 2369 reciprocae
658 2287 917 2349 fluerent
952 2290 1136 2369 ipsae,
1172 2287 1448 2367 Neptuno
1490 2306 1608 2348 non
1649 2288 1890 2349 cederet
1927 2289 1999 2349 de
2038 2290 2287 2367 piscatu.
2357 2289 2579 2349 sactum

278 2413 402 2456 esse
463 2397 630 2457 enim
695 2402 763 2456 ut
817 2396 1038 2455 amicos
1095 2396 1294 2474 pisces
1352 2412 1494 2455 suos
1550 2395 1823 2455 videatur
1876 2403 2123 2475 propter
2180 2404 2382 2456 aestus
2438 2395 2580 2456 edu-

275 2504 426 2567 xisse
474 2503 542 2562 in
589 2495 718 2562 l'oca
766 2501 1091 2582 frigidiora,
1141 2511 1207 2563 ut
1252 2501 1431 2581 Apuli
1476 2501 1673 2563 solent
1708 2504 1976 2585 pecuarii
2013 2502 2227 2583 facere,
2277 2503 2433 2582 quod
2472 2520 2582 2580 per

208 2628 254 2668 20
278 2608 448 2674 calles
505 2612 573 2671 in
629 2617 864 2670 montes
923 2609 1175 2670 Sabinos
1230 2627 1416 2688 pecus
1473 2609 1719 2670 ducunt.
1813 2612 1875 2670 in
1925 2608 2144 2671 Baiano
2203 2609 2334 2688 [aut
2390 2608 2578 2688 ardis]

413 2860 441 2909 1
504 2852 931 2908 multinummos
977 2853 1067 2907 alo
1117 2853 1347 2907 Merula
1390 2852 1556 2907 multi
1604 2869 1738 2906 num
1782 2852 2001 2907 inosalo
2038 2852 2159 2907 Am
2204 2852 2371 2906 multi
2415 2851 2582 2905 mini-
2617 2845 2622 2849 ’

275 2958 388 2996 mos
427 2942 523 2997 alo
566 2942 598 2996 b
607 2942 645 3009 Γ
776 2948 808 2996 2
847 2941 1122 3013 habebat]
1158 2940 1371 2996 habeat
1397 2942 1435 3009 Γ
1569 2942 1883 3011 complures
1911 2939 2011 2995 Ab
2019 2942 2057 3009 f
2192 2942 2246 3018 ei
2282 2956 2383 2997 om.
2410 2942 2448 3009 Γ

274 3030 516 3100 pisculos
545 3030 583 3097 Γ
718 3036 751 3085 3
790 3030 1138 3100 aggerebant
1164 3029 1252 3085 Ab
1291 3028 1602 3100 ager-ebant
1644 3031 1682 3097 Γ
1792 3029 1914 3098 aequi
1950 3046 1985 3084 a
2020 3028 2325 3085 maioribus
2354 3030 2581 3085 Merula

448 3118 877 3173 adnumerentur
915 3119 947 3174 b
1127 3123 1163 3172 4
1202 3115 1520 3186 coiciebant
1555 3119 1614 3173 A
1794 3124 1827 3173 5
1865 3117 2234 3190 piscinarum]
2273 3119 2519 3189 piscinat
2554 3121 2592 3188 f

413 3214 445 3261 6
494 3206 810 3263 euerriculo
858 3209 890 3263 b
938 3208 1220 3264 euericulo
1258 3208 1413 3276 ΔΓΜ
1555 3208 1770 3277 possint
1816 3209 1879 3264 b,
1997 3214 2027 3263 7
2076 3209 2329 3279 saginam
2366 3209 2581 3265 Iucun-

273 3296 373 3351 dus
411 3296 668 3351 sabinam
705 3296 850 3364 Abs
983 3302 1017 3352 8
1054 3296 1304 3352 redarias
1341 3297 1397 3351 A
1436 3295 1716 3352 rhedanas
1755 3298 1787 3352 b
1823 3298 2059 3352 tedanas
2094 3298 2132 3365 Γ
2266 3314 2297 3353 0
2332 3297 2578 3371 piscina]

276 3384 470 3455 epsina
505 3384 562 3439 A
710 3391 742 3439 9
790 3386 1028 3440 mullum
1063 3387 1100 3453 Γ
1134 3386 1352 3441 mulum
1389 3384 1551 3441 Abm
1698 3386 1881 3454 adque
1928 3385 2027 3440 ille
2077 3386 2275 3455 inquid
2311 3387 2367 3441 A
2409 3389 2581 3457 atque

273 3470 367 3527 ille
414 3474 604 3542 inquit
651 3476 684 3531 b
731 3477 902 3545 atque
949 3474 1133 3543 inquit
1177 3473 1277 3528 ille
1323 3475 1361 3542 Γ
1494 3473 1700 3546 minor]
1752 3474 1924 3529 miror
1958 3476 1996 3543 Γ
2132 3482 2200 3529 10
2246 3474 2391 3547 eius]
2431 3475 2511 3530 eis
2549 3477 2580 3531 b

413 3562 608 3633 itaque
646 3564 834 3619 minus
870 3566 959 3632 fm
994 3564 1080 3619 ita.
1117 3563 1301 3618 minus
1337 3563 1437 3618 Ab
1605 3570 1669 3617 11
1718 3564 1943 3619 laborat
1978 3565 2010 3618 b
2177 3581 2383 3632 aquam
2420 3563 2581 3635 frigi-

275 3650 404 3705 dam
445 3654 732 3708 recentem
769 3654 914 3721 Abs
1087 3658 1152 3709 12
1200 3653 1286 3708 sui
1331 3652 1515 3722 pisces
1562 3653 1771 3707 etenim
1821 3652 1931 3708 hac
1976 3652 2194 3708 incuria.
2230 3670 2330 3709 om.
2369 3655 2401 3708 b

279 3782 289 3793 .
321 3784 334 3795 .
363 3740 537 3795 tenim
585 3756 727 3797 corr,
777 3745 836 3796 et
871 3742 1020 3797 enim
1058 3742 1113 3796 A
1284 3741 1415 3812 hac]
1456 3757 1521 3796 80
1557 3741 1660 3809 ΑΓ
1827 3740 2141 3796 laborarem
2180 3743 2212 3796 b
2392 3742 2582 3797 aiebat

276 3826 333 3879 M
363 3870 375 3882 .
403 3828 700 3884 Lucullum
739 3830 965 3886 Merula
1002 3832 1213 3900 agebat
1245 3847 1304 3883 m
1334 3872 1347 3885 .
1377 3829 1574 3884 luculli
1610 3830 1708 3884 Ab
1746 3830 1951 3900 agebat
1987 3830 2047 3883 in
2083 3830 2261 3885 luculi
2303 3831 2341 3898 Γ
2513 3836 2581 3884 14

278 3917 509 3973 residem
550 3919 583 3974 b
755 3925 820 3974 15
859 3920 932 3975 ad
969 3919 1252 3990 neapolim
1287 3920 1325 3987 Γ
1352 3935 1387 3973 a
1425 3918 1711 3989 neapolim
1747 3919 1866 3973 Am
1901 3918 2187 3988 neapolim
2225 3920 2256 3974 b
2400 3919 2422 3973 1
2451 3962 2463 3975 .
2493 3921 2580 3974 lu-

278 4005 407 4059 culli
441 4008 520 4075 bf
548 4008 571 4061 l
599 4049 614 4062 .
643 4008 827 4064 lucilli
862 4009 917 4063 A
955 4008 1000 4061 L
1031 4051 1044 4064 .
1075 4008 1342 4064 Lucullus
1371 4008 1597 4062 Merula
1739 4006 2075 4076 perfodisses
2102 4008 2159 4062 A
2306 4013 2372 4063 16
2410 4008 2579 4062 mari-

276 4094 487 4149 tumum
535 4095 592 4150 A
639 4096 987 4152 maritimum
1036 4098 1114 4166 bf
1247 4095 1549 4151 inmissiset
1584 4096 1641 4150 A
1687 4095 2015 4151 immisisset
2060 4097 2091 4151 b
2136 4096 2365 4151 inmisse
2410 4100 2446 4165 Γ

261 4182 373 4249 -qui
399 4226 410 4237 .
436 4185 714 4254 reciproci
760 4186 1002 4240 fluerunt
1048 4185 1173 4255 ipse
1208 4203 1327 4241 una
1365 4186 1549 4240 littera
1577 4190 1707 4255 post
1743 4184 1840 4254 qui
1876 4186 2050 4240 deleta
2079 4184 2136 4238 A
2175 4186 2271 4253 qui
2308 4186 2581 4257 reciproci

278 4269 504 4327 fluerent
549 4274 673 4343 ipse
712 4275 744 4329 b
793 4276 888 4342 qui
933 4272 1218 4345 reciproce
1264 4274 1476 4329 fuerint
1510 4274 1634 4344 ipse
1669 4275 1707 4342 Γ
1843 4280 1908 4328 17
1955 4276 2203 4343 neptuno
2242 4292 2354 4329 non
2391 4277 2580 4332 crede-

280 4363 399 4415 rent
431 4364 461 4417 b
610 4362 967 4432 despicatum
1015 4361 1167 4417 enim
1216 4379 1330 4418 esse
1368 4363 1433 4415 ut
1467 4363 1504 4429 Γ
1642 4368 1707 4416 18
1755 4361 1845 4432 ut]
1876 4360 1959 4417 ait
1987 4363 2018 4416 b
2164 4362 2397 4435 amicos]
2438 4366 2580 4419 anti-

281 4464 412 4515 quos
455 4452 490 4518 Γ
665 4468 795 4506 suos
833 4452 1060 4507 Merula
1104 4453 1233 4506 tuos
1279 4451 1378 4505 Ab
1389 4451 1425 4518 Γ
1600 4456 1664 4504 19
1711 4451 1956 4519 pecoarii
1992 4452 2093 4518 Af
2262 4458 2331 4507 20
2378 4454 2577 4536 calles]

284 4536 447 4592 colles
475 4539 573 4595 Ab
612 4541 789 4596 collos
827 4542 862 4608 Γ
963 4540 1158 4596 sabina
1191 4542 1228 4608 Γ
1327 4540 1427 4594 aut
1454 4538 1605 4594 ardis
1634 4539 1689 4593 A
1699 4540 1735 4604 Γ
1763 4539 1811 4592 8’
1851 4540 2031 4595 ardeis
2069 4541 2100 4594 b
2132 4542 2323 4596 autem
2350 4542 2498 4595 ardis
2526 4560 2580 4597 m

386 4637 508 4679 Caro
538 4650 602 4679 m:
633 4650 754 4679 nom
783 4650 822 4681 c.
2082 4635 2147 4682 21
