3178 5185
914 392 1176 447 RERVM
1212 392 1694 448 RVSTICARVM
1731 394 1866 450 LIB.
1904 396 1982 449 III
2023 394 2059 449 2
2501 387 2632 452 225

334 549 597 607 monium
646 545 740 606 vel
786 550 1124 608 armenium
1172 548 1535 627 apographa,
1583 525 1922 609 armenium
1969 549 2271 611 Iucundus
2319 569 2389 610 ex
2438 550 2629 613 Plinio

336 651 543 712 XXXV
586 650 675 714 30
714 657 933 729 floridi
973 661 1117 715 sunt
1160 672 1309 729 quos
1356 657 1633 716 dominus
1681 658 1964 732 pinqenti
2007 664 2316 733 praestat,
2363 661 2631 733 minium,

333 763 703 835 armenium,
760 763 1117 822 cinnabaris
1174 780 1300 841 sqq.
1355 762 1514 823 idem
1571 781 1818 837 aurum,
1876 758 2057 843 quod
2091 783 2163 824 ex
2220 763 2631 845 superioribus

333 869 664 946 repetitum
711 876 859 949 erat,
907 867 1138 929 delevit.

510 973 700 1035 Haec
748 993 882 1054 quo
931 976 1325 1036 succedant
1364 994 1396 1035 e
1444 994 1691 1055 campo
1731 978 1933 1037 ciues
1972 985 2043 1037 et
2080 976 2348 1056 reliqui
2388 996 2629 1038 omnes

332 1081 455 1141 illa
505 1099 645 1160 quo
694 1100 919 1161 equae
967 1091 1036 1143 et
1083 1081 1250 1160 sini]
1292 1084 1430 1144 Sini
1473 1085 1669 1143 omnia
1716 1083 2070 1165 apographa,
2107 1087 2272 1145 asini
2304 1083 2629 1145 Politianus

328 1190 387 1247 in
455 1189 733 1267 principe
801 1189 1060 1249 editione
1124 1207 1243 1248 non
1310 1190 1588 1249 correxit.
1680 1192 1805 1249 sini
1875 1191 1936 1249 in
2011 1189 2331 1268 archetypo
2400 1190 2630 1250 videtur

329 1296 627 1374 scriptum
677 1294 882 1376 fuisse,
920 1295 1135 1356 deinde
1182 1304 1524 1356 correctum
1573 1298 1749 1357 asini.
1824 1298 2092 1357 homines
2129 1307 2326 1357 autem
2367 1296 2629 1357 scriben-

330 1402 479 1462 dum
529 1420 680 1481 esse,
728 1421 847 1462 non
895 1420 1114 1485 omnes,
1162 1421 1234 1462 ex
1280 1403 1374 1464 his
1420 1404 1568 1482 ipsis
1617 1420 1768 1481 quae
1818 1402 2099 1463 subiecta>
2130 1410 2290 1484 sunt,
2336 1422 2530 1479 equae
2575 1411 2633 1464 et

329 1508 829 1587 asini,‘intellegi
877 1516 1136 1589 poterat3
1199 1488 1260 1569 et
1304 1511 1572 1587 ineptum
1622 1518 1714 1569 est
1759 1509 1959 1569 dicere
2007 1508 2269 1588 reliquos
2317 1527 2522 1569 omnes
2568 1511 2630 1568 in

328 1614 528 1676 villam
576 1615 873 1694 publicam
922 1615 1264 1677 succedere.

512 1721 645 1783 Ubi
708 1722 1045 1797 cohortes
1110 1723 1194 1784 ad
1253 1722 1602 1784 dilectum
1661 1722 1946 1784 consuli
1988 1722 2340 1783 adductae
2399 1724 2632 1782 consi-

338 1827 538 1907 dant]
590 1833 644 1889 A
684 1832 906 1891 dilectu
947 1831 1199 1890 coniecit
1245 1829 1570 1908 Madvigius
1618 1829 1843 1890 advers,
1883 1849 1933 1889 v.
1972 1828 2024 1888 11
2063 1848 2119 1907 p.
2154 1826 2306 1908 180,
2355 1830 2631 1907 quoniam

330 1946 470 1997 ante
518 1934 798 1996 dilectum
848 1935 1123 1996 cohortes
1170 1955 1287 1996 non
1336 1944 1564 2018 essent3
1630 1938 1773 1998 item
1836 1934 2089 1997 VersaSS.
2150 1955 2204 1996 u.
2257 1934 2526 1995 Verwalt.
2577 1935 2631 1994 d.

331 2049 483 2103 rom.
534 2042 765 2103 Staates
813 2061 863 2105 v.
911 2042 964 2102 ΙΙ
1009 2062 1066 2122 p.
1103 2040 1253 2104 472.

512 2149 643 2209 Ubi
692 2167 1035 2210 censores
1074 2168 1295 2211 censu
1333 2150 1722 2210 admittant
1767 2146 2134 2228 populum]
2172 2149 2444 2223 Censum,
2485 2143 2631 2207 ‘hoc

334 2265 426 2317 est
474 2266 543 2317 ut
589 2252 956 2337 censeatur’‚
993 2256 1266 2318 Ursinus,
1343 2276 1529 2318 censu
1560 2255 1813 2317 ablativo
1852 2274 2013 2331 casu,
2052 2265 2119 2316 ut
2165 2263 2325 2315 esset
2361 2250 2632 2333 ‘quando

333 2382 553 2424 census
601 2359 846 2442 agitur',
894 2363 1224 2424 Gronovius
1284 2364 1357 2424 de
1413 2382 1626 2443 peeun.
1677 2371 1788 2423 vet.
1826 2361 1900 2421 IV
1941 2360 1975 2423 1
2036 2361 2316 2422 defendit.
2407 2364 2632 2421 rectius

333 2471 664 2552 GesneruS‚
718 2465 940 2555 ‘possit
1004 2472 1180 2531 etiam
1255 2471 1442 2531 videri
1502 2488 1688 2531 censu
1752 2469 1981 2530 dativus
2047 2471 2328 2548 antiquus
2385 2486 2493 2547 pro
2550 2472 2637 2529 ad

335 2596 583 2640 censum
602 2573 640 2639 '.

514 2683 556 2746 5
613 2684 754 2745 Tua
803 2684 1051 2763 inquid
1101 2684 1394 2746 scilicet
1448 2687 1702 2746 auxius
1748 2685 1921 2746 haec
1967 2687 2035 2744 in
2087 2702 2326 2762 campo
2377 2685 2632 2743 martio

335 2800 655 2854 extremo
687 2791 922 2870 utilis]
946 2792 1142 2853 Axius
1162 2792 1403 2853 Merula.
1431 2796 1668 2854 scilicet
1694 2794 1894 2852 omisit
1914 2790 2234 2872 Iucundus‚
2265 2789 2392 2849 Axii
2418 2807 2633 2849 nomen

334 2899 628 2961 Victorius
676 2898 909 2959 delevit.
981 2907 1301 2978 utrumque
1351 2919 1420 2959 ex
1461 2899 1782 2979 archetypo
1822 2900 2078 2979 restitui,
2120 2897 2224 2957 sed
2268 2897 2631 2974 transposito

334 3010 569 3067 scilicet
613 3004 1025 3085 perturbatum
1075 3005 1393 3067 verborum
1441 3005 1709 3066 ordinem
1759 3007 2022 3083 correxi,
2083 3011 2190 3064 tua
2235 3006 2494 3084 scilicet,
2543 3006 2630 3062 in·

336 3116 466 3187 quit
519 3114 742 3187 Axius,
797 3114 952 3173 haec
1008 3130 1137 3192 sqq.
1195 3112 1517 3191 respondet
1573 3114 1732 3173 enim
1799 3111 1944 3171 haec
2000 3110 2183 3169 Axius
2249 3126 2384 3168 cum
2444 3109 2633 3167 ironia

336 3218 405 3278 ad
472 3218 926 3299 praecedentem
983 3219 1159 3297 Appii
1214 3236 1579 3299 sermonem,
1639 3235 1756 3297 quo
1811 3215 1910 3276 ille
1969 3215 2159 3275 villam
2216 3213 2511 3293 publicam
2571 3216 2631 3273 in

337 3342 544 3404 campo
598 3325 809 3386 Martio
866 3324 1226 3385 laudaverat.
1316 3323 1482 3385 utilis
1536 3331 1736 3384 autem
1794 3323 2013 3383 dicitur
2070 3319 2230 3402 villa,
2289 3339 2438 3399 quae
2506 3322 2634 3380 sine

341 3433 706 3492 ornamentis
752 3432 823 3492 ad
873 3432 1056 3492 solam
1104 3430 1420 3492 utilitatem
1470 3432 1623 3491 facta
1670 3437 1777 3491 est.

515 3536 1028 3617 Sumptuosior
1093 3556 1296 3617 quam
1363 3539 1593 3597 omnis
1668 3540 1978 3597 omnium
2034 3537 2423 3596 uniuersae
2480 3552 2634 3593 rea-

339 3648 534 3706 tinae
585 3654 726 3705 tum
776 3647 959 3705 enim
1010 3644 1279 3705 oblitae
1327 3643 1599 3705 tabulis
1657 3646 1874 3723 pictis
1932 3661 2061 3703 nec
2119 3644 2350 3701 minus
2408 3642 2634 3719 signis

337 3752 414 3811 ad
462 3770 607 3812 mea
656 3753 1056 3829 uestigium
1104 3750 1225 3812 ubi
1272 3753 1370 3811 sit
1418 3750 1688 3811 nullum
1749 3749 2012 3830 lysippi
2059 3756 2178 3808 aut
2224 3755 2384 3806 ante
2433 3746 2634 3824 philu

338 3866 408 3919 et
472 3857 727 3918 crebra
796 3859 1105 3918 sartoris
1170 3866 1238 3917 et
1301 3856 1646 3936 pastoris]
1714 3858 1815 3916 Aa
1877 3849 2024 3936 (non
2083 3847 2176 3936 at)
2241 3871 2374 3913 mea
2440 3855 2632 3913 omnia

336 3964 689 4044 apographa.
784 3967 970 4025 oblita
1018 3971 1077 4023 et
1125 3963 1337 4023 deinde
1395 3969 1462 4023 at
1516 3966 1579 4023 in
1628 3981 1702 4023 ea
1749 3965 2067 4037 vestiqium
2113 3961 2221 4021 ubi
2261 3963 2340 4020 sit
2386 3960 2640 4036 Lysippi

339 4079 449 4131 aut
486 4072 817 4148 Antephyli
860 4079 921 4133 et
965 4073 1189 4132 crebra
1234 4072 1459 4131 satoris
1505 4079 1565 4131 et
1601 4072 1873 4147 pastoris
1918 4066 2161 4128 Merula.
2233 4068 2637 4142 sumptuosior

338 4195 520 4252 quam
566 4195 767 4239 omnes
814 4182 1077 4240 omnium
1123 4181 1440 4257 reatinae,
1488 4184 1612 4237 tum
1670 4184 1731 4237 et
1783 4176 1969 4236 oblita
2026 4176 2250 4234 tabulis
2297 4179 2387 4232 est
2434 4174 2635 4248 pictis,

341 4303 453 4346 nec
513 4288 712 4346 minus
767 4289 960 4362 siquis
1024 4291 1264 4345 ornata.
1358 4291 1424 4344 at
1478 4301 1670 4344 meam
1737 4284 2051 4357 vestiqium
2108 4282 2215 4340 ubi
2259 4282 2347 4362 „sit
2408 4283 2636 4339 nullum

343 4394 599 4470 Lysippi
642 4400 753 4452 aut
797 4393 1115 4469 Antiphyli
1166 4392 1422 4464 videbis,
1478 4392 1592 4450 sed
1645 4391 1929 4449 crebrum
1983 4389 2207 4447 satoris
2262 4394 2322 4445 et
2368 4388 2638 4460 pastoris

342 4498 662 4579 IucunduS,
711 4497 813 4558 ubi
865 4497 1160 4558 Victorius
1209 4505 1275 4558 at
1319 4514 1453 4557 mea
1501 4504 1563 4557 et
1622 4494 1835 4555 deinde
1883 4495 2200 4571 Antiphyli
2248 4493 2360 4552 sed
2411 4493 2637 4552 crebra

447 4610 606 4650 Vann-
633 4618 741 4651 nnn.
769 4618 905 4649 avar.
959 4608 1021 4649 H.
2144 4597 2208 4644 15
