<?xml version="1.0" encoding="UTF-8"?>
<!DOCTYPE html PUBLIC "-//W3C//DTD XHTML 1.0 Transitional//EN"
    "http://www.w3.org/TR/xhtml1/DTD/xhtml1-transitional.dtd">
<html xmlns="http://www.w3.org/1999/xhtml" xml:lang="en" lang="en">
 <head>
  <title>
</title>
<meta http-equiv="Content-Type" content="text/html;charset=utf-8" />
  <meta name='ocr-system' content='tesseract 3.04.00' />
  <meta name='ocr-capabilities' content='ocr_page ocr_carea ocr_par ocr_line ocrx_word'/>
</head>
<body>
  <div class='ocr_page' id='page_1' title='image "./mporcicatonisde01catogoog_0498.png"; bbox 0 0 3178 5185; ppageno 0'>
   <div class='ocr_carea' id='block_1_1' title="bbox 526 385 2125 451">
    <p class='ocr_par' dir='ltr' id='par_1_1' title="bbox 526 385 2125 451">
     <span class='ocr_line' id='line_1_1' title="bbox 526 385 2125 451; baseline -0.001 -1"><span class='ocrx_word' id='word_1_1' title='bbox 526 385 658 451; x_wconf 79' lang='grc'>242</span> <span class='ocrx_word' id='word_1_2' title='bbox 1211 392 1592 451; x_wconf 86' lang='lat' dir='ltr'>COMMENT.</span> <span class='ocrx_word' id='word_1_3' title='bbox 1630 393 1712 449; x_wconf 88' lang='lat' dir='ltr'>IN</span> <span class='ocrx_word' id='word_1_4' title='bbox 1750 393 2125 450; x_wconf 84' lang='lat' dir='ltr'><strong>VARRONIS</strong></span> 
     </span>
    </p>
   </div>
   <div class='ocr_carea' id='block_1_2' title="bbox 516 545 2833 4587">
    <p class='ocr_par' dir='ltr' id='par_1_2' title="bbox 523 545 2829 840">
     <span class='ocr_line' id='line_1_2' title="bbox 706 545 2824 630; baseline -0 -20"><span class='ocrx_word' id='word_1_5' title='bbox 706 549 1365 630; x_wconf 89' lang='lat' dir='ltr'>Ornithotrophion</span> <span class='ocrx_word' id='word_1_6' title='bbox 1403 550 1476 612; x_wconf 92' lang='lat' dir='ltr'>M.</span> <span class='ocrx_word' id='word_1_7' title='bbox 1515 550 1666 611; x_wconf 93' lang='lat' dir='ltr'>leni</span> <span class='ocrx_word' id='word_1_8' title='bbox 1704 548 2110 627; x_wconf 90' lang='lat' dir='ltr'>strabonis]</span> <span class='ocrx_word' id='word_1_9' title='bbox 2149 548 2295 610; x_wconf 88' lang='lat' dir='ltr'>Plin.</span> <span class='ocrx_word' id='word_1_10' title='bbox 2325 548 2377 608; x_wconf 92' lang='lat' dir='ltr'><strong>X</strong></span> <span class='ocrx_word' id='word_1_11' title='bbox 2412 545 2535 610; x_wconf 87' lang='lat'>141</span> <span class='ocrx_word' id='word_1_12' title='bbox 2578 551 2824 610; x_wconf 86' lang='lat' dir='ltr'>aviaria</span> 
     </span>
     <span class='ocr_line' id='line_1_3' title="bbox 523 654 2829 734; baseline -0.001 -16"><span class='ocrx_word' id='word_1_13' title='bbox 523 660 762 734; x_wconf 83' lang='lat' dir='ltr'>primus</span> <span class='ocrx_word' id='word_1_14' title='bbox 819 660 1118 718; x_wconf 83' lang='lat' dir='ltr'>instituit·-</span> <span class='ocrx_word' id='word_1_15' title='bbox 1148 661 1398 719; x_wconf 81' lang='lat' dir='ltr'>inclusis</span> <span class='ocrx_word' id='word_1_16' title='bbox 1461 660 1724 720; x_wconf 85' lang='lat' dir='ltr'>omnium</span> <span class='ocrx_word' id='word_1_17' title='bbox 1782 675 2081 733; x_wconf 72' lang='lat' dir='ltr'>qenerum</span> <span class='ocrx_word' id='word_1_18' title='bbox 2145 654 2358 718; x_wconf 86' lang='lat' dir='ltr'>avibus</span> <span class='ocrx_word' id='word_1_19' title='bbox 2413 656 2498 716; x_wconf 89' lang='lat' dir='ltr'>M.</span> <span class='ocrx_word' id='word_1_20' title='bbox 2555 656 2829 717; x_wconf 85' lang='lat' dir='ltr'>Laenius</span> 
     </span>
     <span class='ocr_line' id='line_1_4' title="bbox 527 764 1736 840; baseline 0.001 -16"><span class='ocrx_word' id='word_1_21' title='bbox 527 764 752 825; x_wconf 85' lang='lat' dir='ltr'>Strabo</span> <span class='ocrx_word' id='word_1_22' title='bbox 798 765 1099 827; x_wconf 81' lang='lat' dir='ltr'><em>Brundisi</em></span> <span class='ocrx_word' id='word_1_23' title='bbox 1141 768 1438 840; x_wconf 80' lang='lat' dir='ltr'>equestris</span> <span class='ocrx_word' id='word_1_24' title='bbox 1484 767 1736 826; x_wconf 79' lang='lat' dir='ltr'><em>ordinis,</em></span> 
     </span>
    </p>

    <p class='ocr_par' dir='ltr' id='par_1_3' title="bbox 517 868 2831 1465">
     <span class='ocr_line' id='line_1_5' title="bbox 709 868 2831 950; baseline 0 -20"><span class='ocrx_word' id='word_1_25' title='bbox 709 870 842 930; x_wconf 85' lang='lat' dir='ltr'>Sed</span> <span class='ocrx_word' id='word_1_26' title='bbox 892 873 1102 932; x_wconf 90' lang='lat' dir='ltr'>etiam</span> <span class='ocrx_word' id='word_1_27' title='bbox 1149 873 1221 931; x_wconf 90' lang='lat' dir='ltr'>in</span> <span class='ocrx_word' id='word_1_28' title='bbox 1269 871 1656 932; x_wconf 89' lang='lat' dir='ltr'>tusculano</span> <span class='ocrx_word' id='word_1_29' title='bbox 1692 889 1941 950; x_wconf 91' lang='lat' dir='ltr'>magno</span> <span class='ocrx_word' id='word_1_30' title='bbox 1980 871 2322 932; x_wconf 86' lang='lat' dir='ltr'>aedificio</span> <span class='ocrx_word' id='word_1_31' title='bbox 2360 868 2660 947; x_wconf 82' lang='lat' dir='ltr'>luculli]</span> <span class='ocrx_word' id='word_1_32' title='bbox 2702 871 2831 931; x_wconf 82' lang='lat' dir='ltr'>Sed</span> 
     </span>
     <span class='ocr_line' id='line_1_6' title="bbox 528 976 2826 1054; baseline 0 -17"><span class='ocrx_word' id='word_1_33' title='bbox 528 980 710 1038; x_wconf 90' lang='lat' dir='ltr'>etiam</span> <span class='ocrx_word' id='word_1_34' title='bbox 774 977 1223 1040; x_wconf 78' lang='lat' dir='ltr'>Thuseulanum</span> <span class='ocrx_word' id='word_1_35' title='bbox 1277 995 1565 1054; x_wconf 70' lang='lat' dir='ltr'>maynum</span> <span class='ocrx_word' id='word_1_36' title='bbox 1623 981 1973 1052; x_wconf 82' lang='lat' dir='ltr'>aedificium</span> <span class='ocrx_word' id='word_1_37' title='bbox 2020 978 2265 1039; x_wconf 84' lang='lat' dir='ltr'><em>Luculli</em></span> <span class='ocrx_word' id='word_1_38' title='bbox 2307 976 2629 1038; x_wconf 76' lang='lat' dir='ltr'>Iucundus,</span> <span class='ocrx_word' id='word_1_39' title='bbox 2707 976 2826 1037; x_wconf 95' lang='lat' dir='ltr'>lec-</span> 
     </span>
     <span class='ocr_line' id='line_1_7' title="bbox 533 1082 2827 1166; baseline 0 -23"><span class='ocrx_word' id='word_1_40' title='bbox 533 1085 753 1144; x_wconf 80' lang='lat' dir='ltr'><strong>tionem</strong></span> <span class='ocrx_word' id='word_1_41' title='bbox 803 1084 1110 1164; x_wconf 80' lang='lat' dir='ltr'>archetypi</span> <span class='ocrx_word' id='word_1_42' title='bbox 1155 1083 1455 1146; x_wconf 89' lang='lat' dir='ltr'>Victorius</span> <span class='ocrx_word' id='word_1_43' title='bbox 1501 1086 1783 1166; x_wconf 85' lang='lat' dir='ltr'>restituit,</span> <span class='ocrx_word' id='word_1_44' title='bbox 1830 1103 2006 1163; x_wconf 89' lang='lat' dir='ltr'>quem</span> <span class='ocrx_word' id='word_1_45' title='bbox 2054 1085 2268 1146; x_wconf 89' lang='lat' dir='ltr'>deinde</span> <span class='ocrx_word' id='word_1_46' title='bbox 2307 1082 2522 1163; x_wconf 81' lang='lat' dir='ltr'>reliqui</span> <span class='ocrx_word' id='word_1_47' title='bbox 2566 1084 2827 1145; x_wconf 82' lang='lat' dir='ltr'>editores</span> 
     </span>
     <span class='ocr_line' id='line_1_8' title="bbox 517 1192 2827 1271; baseline 0 -20"><span class='ocrx_word' id='word_1_48' title='bbox 517 1192 720 1251; x_wconf 84' lang='lat' dir='ltr'>secuti</span> <span class='ocrx_word' id='word_1_49' title='bbox 770 1200 927 1252; x_wconf 92' lang='lat' dir='ltr'>sunt.</span> <span class='ocrx_word' id='word_1_50' title='bbox 1002 1193 1216 1271; x_wconf 86' lang='lat' dir='ltr'>scripsi</span> <span class='ocrx_word' id='word_1_51' title='bbox 1263 1194 1324 1253; x_wconf 93' lang='lat' dir='ltr'>in</span> <span class='ocrx_word' id='word_1_52' title='bbox 1379 1192 1721 1252; x_wconf 83' lang='lat' dir='ltr'>Tusculano</span> <span class='ocrx_word' id='word_1_53' title='bbox 1767 1208 1993 1267; x_wconf 72' lang='lat' dir='ltr'>maqna</span> <span class='ocrx_word' id='word_1_54' title='bbox 2041 1194 2345 1265; x_wconf 81' lang='lat' dir='ltr'>aedificia.</span> <span class='ocrx_word' id='word_1_55' title='bbox 2432 1208 2567 1250; x_wconf 91' lang='lat' dir='ltr'>nam</span> <span class='ocrx_word' id='word_1_56' title='bbox 2612 1209 2827 1271; x_wconf 90' lang='lat' dir='ltr'>magna</span> 
     </span>
     <span class='ocr_line' id='line_1_9' title="bbox 528 1295 2830 1380; baseline 0.001 -24"><span class='ocrx_word' id='word_1_57' title='bbox 528 1296 794 1358; x_wconf 87' lang='lat' dir='ltr'>aedificia</span> <span class='ocrx_word' id='word_1_58' title='bbox 841 1297 1093 1378; x_wconf 85' lang='lat' dir='ltr'>Luculli,</span> <span class='ocrx_word' id='word_1_59' title='bbox 1140 1316 1292 1377; x_wconf 91' lang='lat' dir='ltr'>quae</span> <span class='ocrx_word' id='word_1_60' title='bbox 1341 1307 1481 1358; x_wconf 90' lang='lat' dir='ltr'>sunt</span> <span class='ocrx_word' id='word_1_61' title='bbox 1528 1299 1592 1357; x_wconf 89' lang='lat' dir='ltr'>in</span> <span class='ocrx_word' id='word_1_62' title='bbox 1638 1315 1781 1377; x_wconf 91' lang='lat' dir='ltr'>agro</span> <span class='ocrx_word' id='word_1_63' title='bbox 1821 1295 2179 1380; x_wconf 88' lang='lat' dir='ltr'>Tusculano,</span> <span class='ocrx_word' id='word_1_64' title='bbox 2223 1296 2507 1357; x_wconf 83' lang='lat' dir='ltr'>Varronis</span> <span class='ocrx_word' id='word_1_65' title='bbox 2545 1297 2830 1358; x_wconf 80' lang='lat' dir='ltr'>ornithon</span> 
     </span>
     <span class='ocr_line' id='line_1_10' title="bbox 528 1404 1024 1465; baseline 0.002 -1"><span class='ocrx_word' id='word_1_66' title='bbox 528 1405 741 1465; x_wconf 86' lang='lat' dir='ltr'>vicisse</span> <span class='ocrx_word' id='word_1_67' title='bbox 788 1404 1024 1465; x_wconf 91' lang='lat' dir='ltr'>dicitur.</span> 
     </span>
    </p>

    <p class='ocr_par' dir='ltr' id='par_1_4' title="bbox 516 1507 2833 3283">
     <span class='ocr_line' id='line_1_11' title="bbox 708 1507 2829 1591; baseline -0 -19"><span class='ocrx_word' id='word_1_68' title='bbox 708 1507 749 1572; x_wconf 85' lang='lat'>9</span> <span class='ocrx_word' id='word_1_69' title='bbox 807 1510 1191 1573; x_wconf 89' lang='lat' dir='ltr'>Derectum</span> <span class='ocrx_word' id='word_1_70' title='bbox 1240 1510 1321 1571; x_wconf 93' lang='lat' dir='ltr'>ab</span> <span class='ocrx_word' id='word_1_71' title='bbox 1368 1511 1614 1573; x_wconf 90' lang='lat' dir='ltr'>insula</span> <span class='ocrx_word' id='word_1_72' title='bbox 1663 1511 1744 1572; x_wconf 89' lang='lat' dir='ltr'>ad</span> <span class='ocrx_word' id='word_1_73' title='bbox 1789 1529 2149 1573; x_wconf 83' lang='lat' dir='ltr'>musaeum</span> <span class='ocrx_word' id='word_1_74' title='bbox 2200 1529 2377 1591; x_wconf 88' lang='lat' dir='ltr'>quae</span> <span class='ocrx_word' id='word_1_75' title='bbox 2436 1518 2545 1572; x_wconf 91' lang='lat' dir='ltr'>est</span> <span class='ocrx_word' id='word_1_76' title='bbox 2591 1513 2829 1572; x_wconf 89' lang='lat' dir='ltr'>animo</span> 
     </span>
     <span class='ocr_line' id='line_1_12' title="bbox 525 1609 2832 1701; baseline 0 -23"><span class='ocrx_word' id='word_1_77' title='bbox 525 1617 768 1678; x_wconf 81' lang='lat' dir='ltr'>fluuio</span> <span class='ocrx_word' id='word_1_78' title='bbox 814 1617 939 1679; x_wconf 89' lang='lat' dir='ltr'>ubi</span> <span class='ocrx_word' id='word_1_79' title='bbox 985 1618 1313 1679; x_wconf 78' lang='lat' dir='ltr'>confluet</span> <span class='ocrx_word' id='word_1_80' title='bbox 1360 1618 1589 1679; x_wconf 89' lang='lat' dir='ltr'>altera</span> <span class='ocrx_word' id='word_1_81' title='bbox 1626 1621 1857 1701; x_wconf 75' lang='lat' dir='ltr'>amnis</span> <span class='ocrx_word' id='word_1_82' title='bbox 1895 1619 1976 1679; x_wconf 90' lang='lat' dir='ltr'>ad</span> <span class='ocrx_word' id='word_1_83' title='bbox 2015 1609 2356 1681; x_wconf 86' lang='lat' dir='ltr'>summum</span> <span class='ocrx_word' id='word_1_84' title='bbox 2398 1618 2667 1679; x_wconf 79' lang='lat' dir='ltr'>flumen</span> <span class='ocrx_word' id='word_1_85' title='bbox 2708 1618 2832 1679; x_wconf 90' lang='lat' dir='ltr'>ubi</span> 
     </span>
     <span class='ocr_line' id='line_1_13' title="bbox 529 1724 2829 1806; baseline 0 -20"><span class='ocrx_word' id='word_1_86' title='bbox 529 1733 643 1786; x_wconf 90' lang='lat' dir='ltr'>est</span> <span class='ocrx_word' id='word_1_87' title='bbox 682 1743 1041 1786; x_wconf 87' lang='lat' dir='ltr'>musaeum</span> <span class='ocrx_word' id='word_1_88' title='bbox 1083 1727 1354 1787; x_wconf 91' lang='lat' dir='ltr'>circum</span> <span class='ocrx_word' id='word_1_89' title='bbox 1392 1725 1614 1786; x_wconf 89' lang='lat' dir='ltr'>huius</span> <span class='ocrx_word' id='word_1_90' title='bbox 1653 1727 1848 1805; x_wconf 88' lang='lat' dir='ltr'>ripas</span> <span class='ocrx_word' id='word_1_91' title='bbox 1887 1725 2276 1787; x_wconf 88' lang='lat' dir='ltr'>ambulatio</span> <span class='ocrx_word' id='word_1_92' title='bbox 2306 1724 2434 1786; x_wconf 89' lang='lat' dir='ltr'>sub</span> <span class='ocrx_word' id='word_1_93' title='bbox 2463 1725 2577 1786; x_wconf 91' lang='lat' dir='ltr'>dio</span> <span class='ocrx_word' id='word_1_94' title='bbox 2606 1726 2829 1806; x_wconf 88' lang='lat' dir='ltr'>pedes</span> 
     </span>
     <span class='ocr_line' id='line_1_14' title="bbox 528 1831 2829 1911; baseline 0.001 -19"><span class='ocrx_word' id='word_1_95' title='bbox 528 1831 672 1892; x_wconf 90' lang='lat' dir='ltr'>lata</span> <span class='ocrx_word' id='word_1_96' title='bbox 720 1831 941 1893; x_wconf 89' lang='lat' dir='ltr'>denos</span> <span class='ocrx_word' id='word_1_97' title='bbox 987 1831 1070 1892; x_wconf 91' lang='lat' dir='ltr'>ab</span> <span class='ocrx_word' id='word_1_98' title='bbox 1116 1832 1244 1893; x_wconf 92' lang='lat' dir='ltr'>hac</span> <span class='ocrx_word' id='word_1_99' title='bbox 1291 1831 1690 1893; x_wconf 87' lang='lat' dir='ltr'>ambulatio</span> <span class='ocrx_word' id='word_1_100' title='bbox 1737 1838 1847 1892; x_wconf 90' lang='lat' dir='ltr'>est</span> <span class='ocrx_word' id='word_1_101' title='bbox 1897 1833 1967 1892; x_wconf 89' lang='lat' dir='ltr'>in</span> <span class='ocrx_word' id='word_1_102' title='bbox 2022 1849 2265 1911; x_wconf 88' lang='lat' dir='ltr'>agrum</span> <span class='ocrx_word' id='word_1_103' title='bbox 2320 1850 2582 1895; x_wconf 87' lang='lat' dir='ltr'>uersus</span> <span class='ocrx_word' id='word_1_104' title='bbox 2630 1836 2829 1895; x_wconf 91' lang='lat' dir='ltr'>orni-</span> 
     </span>
     <span class='ocr_line' id='line_1_15' title="bbox 529 1937 2832 2018; baseline 0.001 -19"><span class='ocrx_word' id='word_1_105' title='bbox 529 1938 777 2000; x_wconf 91' lang='lat' dir='ltr'>thonis</span> <span class='ocrx_word' id='word_1_106' title='bbox 815 1937 1046 2018; x_wconf 90' lang='lat' dir='ltr'>locus]</span> <span class='ocrx_word' id='word_1_107' title='bbox 1093 1940 1268 2001; x_wconf 86' lang='lat' dir='ltr'>Alter</span> <span class='ocrx_word' id='word_1_108' title='bbox 1304 1942 1499 2000; x_wconf 84' lang='lat' dir='ltr'>amnis</span> <span class='ocrx_word' id='word_1_109' title='bbox 1537 1958 1614 2000; x_wconf 91' lang='lat' dir='ltr'>m.</span> <span class='ocrx_word' id='word_1_110' title='bbox 1688 1957 1729 2000; x_wconf 92' lang='lat' dir='ltr'>a</span> <span class='ocrx_word' id='word_1_111' title='bbox 1771 1939 1943 2001; x_wconf 86' lang='lat' dir='ltr'>Vinio</span> <span class='ocrx_word' id='word_1_112' title='bbox 1964 1942 2170 2015; x_wconf 76' lang='lat' dir='ltr'>fluvio,</span> <span class='ocrx_word' id='word_1_113' title='bbox 2216 1941 2327 2000; x_wconf 86' lang='lat' dir='ltr'>ubi</span> <span class='ocrx_word' id='word_1_114' title='bbox 2368 1944 2624 2016; x_wconf 80' lang='lat' dir='ltr'>confluit</span> <span class='ocrx_word' id='word_1_115' title='bbox 2667 1945 2832 2002; x_wconf 91' lang='lat' dir='ltr'>alter</span> 
     </span>
     <span class='ocr_line' id='line_1_16' title="bbox 528 2045 2831 2122; baseline 0 -15"><span class='ocrx_word' id='word_1_116' title='bbox 528 2050 727 2107; x_wconf 87' lang='lat' dir='ltr'>amnis</span> <span class='ocrx_word' id='word_1_117' title='bbox 781 2045 1101 2107; x_wconf 78' lang='lat' dir='ltr'>Iucundus,</span> <span class='ocrx_word' id='word_1_118' title='bbox 1176 2048 1255 2107; x_wconf 87' lang='lat' dir='ltr'>ab</span> <span class='ocrx_word' id='word_1_119' title='bbox 1318 2048 1438 2107; x_wconf 81' lang='lat' dir='ltr'>hae</span> <span class='ocrx_word' id='word_1_120' title='bbox 1493 2047 1909 2107; x_wconf 83' lang='lat' dir='ltr'>ambulatione</span> <span class='ocrx_word' id='word_1_121' title='bbox 1964 2049 2028 2107; x_wconf 86' lang='lat' dir='ltr'>in</span> <span class='ocrx_word' id='word_1_122' title='bbox 2083 2060 2306 2122; x_wconf 64' lang='lat' dir='ltr'>aarum</span> <span class='ocrx_word' id='word_1_123' title='bbox 2369 2046 2526 2108; x_wconf 89' lang='lat' dir='ltr'>edita</span> <span class='ocrx_word' id='word_1_124' title='bbox 2591 2047 2729 2108; x_wconf 91' lang='lat' dir='ltr'>inde</span> <span class='ocrx_word' id='word_1_125' title='bbox 2796 2066 2831 2107; x_wconf 89' lang='lat' dir='ltr'>a</span> 
     </span>
     <span class='ocr_line' id='line_1_17' title="bbox 528 2151 2829 2234; baseline 0.001 -21"><span class='ocrx_word' id='word_1_126' title='bbox 528 2154 800 2233; x_wconf 88' lang='lat' dir='ltr'>principe</span> <span class='ocrx_word' id='word_1_127' title='bbox 840 2152 1098 2213; x_wconf 89' lang='lat' dir='ltr'>editione</span> <span class='ocrx_word' id='word_1_128' title='bbox 1139 2152 1512 2232; x_wconf 86' lang='lat' dir='ltr'>exemplaria.</span> <span class='ocrx_word' id='word_1_129' title='bbox 1587 2154 1667 2213; x_wconf 87' lang='lat' dir='ltr'>ab</span> <span class='ocrx_word' id='word_1_130' title='bbox 1706 2154 1822 2213; x_wconf 88' lang='lat' dir='ltr'>imo</span> <span class='ocrx_word' id='word_1_131' title='bbox 1853 2155 2043 2228; x_wconf 76' lang='lat' dir='ltr'>fluvio</span> <span class='ocrx_word' id='word_1_132' title='bbox 2080 2151 2397 2214; x_wconf 89' lang='lat' dir='ltr'>Turnebus</span> <span class='ocrx_word' id='word_1_133' title='bbox 2442 2160 2503 2214; x_wconf 90' lang='lat' dir='ltr'>et</span> <span class='ocrx_word' id='word_1_134' title='bbox 2540 2153 2829 2234; x_wconf 87' lang='lat' dir='ltr'>Scaliger.</span> 
     </span>
     <span class='ocr_line' id='line_1_18' title="bbox 529 2258 2831 2340; baseline 0 -19"><span class='ocrx_word' id='word_1_135' title='bbox 529 2263 618 2321; x_wconf 86' lang='lat' dir='ltr'>ad</span> <span class='ocrx_word' id='word_1_136' title='bbox 659 2277 929 2321; x_wconf 84' lang='lat' dir='ltr'>museum</span> <span class='ocrx_word' id='word_1_137' title='bbox 980 2258 1206 2320; x_wconf 78' lang='lat' dir='ltr'>delevit&#39;</span> <span class='ocrx_word' id='word_1_138' title='bbox 1241 2258 1512 2321; x_wconf 82' lang='lat' dir='ltr'>UrsinuS.</span> <span class='ocrx_word' id='word_1_139' title='bbox 1597 2262 1660 2320; x_wconf 86' lang='lat' dir='ltr'>in</span> <span class='ocrx_word' id='word_1_140' title='bbox 1717 2262 1834 2320; x_wconf 88' lang='lat' dir='ltr'>imo</span> <span class='ocrx_word' id='word_1_141' title='bbox 1873 2262 2064 2334; x_wconf 79' lang='lat' dir='ltr'>fluvio</span> <span class='ocrx_word' id='word_1_142' title='bbox 2120 2258 2362 2340; x_wconf 88' lang='lat' dir='ltr'>scripsi,</span> <span class='ocrx_word' id='word_1_143' title='bbox 2417 2262 2507 2321; x_wconf 82' lang='lat' dir='ltr'>ad</span> <span class='ocrx_word' id='word_1_144' title='bbox 2555 2278 2831 2323; x_wconf 83' lang='lat' dir='ltr'>museum</span> 
     </span>
     <span class='ocr_line' id='line_1_19' title="bbox 530 2365 2830 2448; baseline 0.001 -21"><span class='ocrx_word' id='word_1_145' title='bbox 530 2375 589 2428; x_wconf 88' lang='lat' dir='ltr'>et</span> <span class='ocrx_word' id='word_1_146' title='bbox 635 2367 847 2429; x_wconf 90' lang='lat' dir='ltr'>deinde</span> <span class='ocrx_word' id='word_1_147' title='bbox 895 2369 1229 2448; x_wconf 89' lang='lat' dir='ltr'>posteriore</span> <span class='ocrx_word' id='word_1_148' title='bbox 1275 2366 1406 2428; x_wconf 91' lang='lat' dir='ltr'>loco</span> <span class='ocrx_word' id='word_1_149' title='bbox 1447 2367 1794 2441; x_wconf 79' lang='lat' dir='ltr'>ambulatio,</span> <span class='ocrx_word' id='word_1_150' title='bbox 1844 2384 1994 2445; x_wconf 90' lang='lat' dir='ltr'>quae</span> <span class='ocrx_word' id='word_1_151' title='bbox 2032 2365 2171 2427; x_wconf 91' lang='lat' dir='ltr'>olim</span> <span class='ocrx_word' id='word_1_152' title='bbox 2210 2368 2272 2426; x_wconf 90' lang='lat' dir='ltr'>in</span> <span class='ocrx_word' id='word_1_153' title='bbox 2320 2368 2585 2446; x_wconf 87' lang='lat' dir='ltr'>margine</span> <span class='ocrx_word' id='word_1_154' title='bbox 2625 2367 2830 2429; x_wconf 88' lang='lat' dir='ltr'>viden·</span> 
     </span>
     <span class='ocr_line' id='line_1_20' title="bbox 516 2472 2831 2557; baseline 0 -22"><span class='ocrx_word' id='word_1_155' title='bbox 516 2472 640 2535; x_wconf 61' lang='lat' dir='ltr'>&#39;tur‘</span> <span class='ocrx_word' id='word_1_156' title='bbox 677 2473 972 2553; x_wconf 83' lang='lat' dir='ltr'>adscripta</span> <span class='ocrx_word' id='word_1_157' title='bbox 1020 2475 1224 2557; x_wconf 86' lang='lat' dir='ltr'>fuisse,</span> <span class='ocrx_word' id='word_1_158' title='bbox 1270 2473 1479 2554; x_wconf 88' lang='lat' dir='ltr'>delevi,</span> <span class='ocrx_word' id='word_1_159' title='bbox 1526 2472 1841 2535; x_wconf 83' lang='lat' dir='ltr'>derectum</span> <span class='ocrx_word' id='word_1_160' title='bbox 1880 2475 1958 2534; x_wconf 87' lang='lat' dir='ltr'>ab</span> <span class='ocrx_word' id='word_1_161' title='bbox 2007 2475 2226 2548; x_wconf 85' lang='lat' dir='ltr'>insula,</span> <span class='ocrx_word' id='word_1_162' title='bbox 2273 2491 2433 2548; x_wconf 84' lang='lat' dir='ltr'>quae</span> <span class='ocrx_word' id='word_1_163' title='bbox 2469 2481 2560 2534; x_wconf 83' lang='lat' dir='ltr'>est</span> <span class='ocrx_word' id='word_1_164' title='bbox 2606 2477 2670 2535; x_wconf 89' lang='lat' dir='ltr'>in</span> <span class='ocrx_word' id='word_1_165' title='bbox 2709 2478 2831 2536; x_wconf 89' lang='lat' dir='ltr'>imo</span> 
     </span>
     <span class='ocr_line' id='line_1_21' title="bbox 520 2581 2830 2663; baseline 0 -20"><span class='ocrx_word' id='word_1_166' title='bbox 520 2584 736 2658; x_wconf 78' lang='lat' dir='ltr'>fluvio,</span> <span class='ocrx_word' id='word_1_167' title='bbox 790 2582 901 2642; x_wconf 87' lang='lat' dir='ltr'>ubi</span> <span class='ocrx_word' id='word_1_168' title='bbox 952 2582 1205 2656; x_wconf 77' lang='lat' dir='ltr'>confluit</span> <span class='ocrx_word' id='word_1_169' title='bbox 1249 2584 1449 2642; x_wconf 90' lang='lat' dir='ltr'>altera</span> <span class='ocrx_word' id='word_1_170' title='bbox 1495 2583 1710 2663; x_wconf 84' lang='lat' dir='ltr'>amnis,</span> <span class='ocrx_word' id='word_1_171' title='bbox 1749 2613 1832 2624; x_wconf 92' lang='lat'>——</span> <span class='ocrx_word' id='word_1_172' title='bbox 1874 2581 1951 2641; x_wconf 88' lang='lat' dir='ltr'>ab</span> <span class='ocrx_word' id='word_1_173' title='bbox 2007 2581 2128 2641; x_wconf 81' lang='lat' dir='ltr'>hae</span> <span class='ocrx_word' id='word_1_174' title='bbox 2184 2585 2274 2641; x_wconf 84' lang='lat' dir='ltr'>est</span> <span class='ocrx_word' id='word_1_175' title='bbox 2321 2583 2383 2641; x_wconf 89' lang='lat' dir='ltr'>in</span> <span class='ocrx_word' id='word_1_176' title='bbox 2433 2599 2659 2656; x_wconf 74' lang='lat' dir='ltr'>aqrum</span> <span class='ocrx_word' id='word_1_177' title='bbox 2697 2600 2830 2661; x_wconf 89' lang='lat' dir='ltr'>sqq.</span> 
     </span>
     <span class='ocr_line' id='line_1_22' title="bbox 531 2685 2831 2768; baseline 0.001 -21"><span class='ocrx_word' id='word_1_178' title='bbox 531 2705 641 2767; x_wconf 90' lang='lat' dir='ltr'>per</span> <span class='ocrx_word' id='word_1_179' title='bbox 687 2686 882 2747; x_wconf 88' lang='lat' dir='ltr'>villam</span> <span class='ocrx_word' id='word_1_180' title='bbox 928 2687 1061 2748; x_wconf 89' lang='lat' dir='ltr'>fluit</span> <span class='ocrx_word' id='word_1_181' title='bbox 1105 2687 1355 2768; x_wconf 90' lang='lat' dir='ltr'>flumen,</span> <span class='ocrx_word' id='word_1_182' title='bbox 1407 2689 1488 2747; x_wconf 90' lang='lat' dir='ltr'>ita</span> <span class='ocrx_word' id='word_1_183' title='bbox 1535 2694 1607 2748; x_wconf 90' lang='lat' dir='ltr'>ut</span> <span class='ocrx_word' id='word_1_184' title='bbox 1651 2705 1721 2747; x_wconf 87' lang='lat' dir='ltr'>ex</span> <span class='ocrx_word' id='word_1_185' title='bbox 1773 2685 1957 2747; x_wconf 90' lang='lat' dir='ltr'>altera</span> <span class='ocrx_word' id='word_1_186' title='bbox 2012 2693 2182 2765; x_wconf 85' lang='lat' dir='ltr'>parte</span> <span class='ocrx_word' id='word_1_187' title='bbox 2238 2686 2405 2747; x_wconf 86' lang='lat' dir='ltr'>villae</span> <span class='ocrx_word' id='word_1_188' title='bbox 2461 2689 2525 2748; x_wconf 90' lang='lat' dir='ltr'>in</span> <span class='ocrx_word' id='word_1_189' title='bbox 2582 2687 2831 2749; x_wconf 90' lang='lat' dir='ltr'>alteram</span> 
     </span>
     <span class='ocr_line' id='line_1_23' title="bbox 529 2792 2831 2876; baseline 0 -21"><span class='ocrx_word' id='word_1_190' title='bbox 529 2794 817 2876; x_wconf 90' lang='lat' dir='ltr'>pontibus</span> <span class='ocrx_word' id='word_1_191' title='bbox 866 2801 1219 2856; x_wconf 83' lang='lat' dir='ltr'>transeatur.</span> <span class='ocrx_word' id='word_1_192' title='bbox 1310 2797 1372 2854; x_wconf 90' lang='lat' dir='ltr'>in</span> <span class='ocrx_word' id='word_1_193' title='bbox 1418 2793 1598 2855; x_wconf 89' lang='lat' dir='ltr'>huius</span> <span class='ocrx_word' id='word_1_194' title='bbox 1634 2795 1750 2854; x_wconf 92' lang='lat' dir='ltr'>ima</span> <span class='ocrx_word' id='word_1_195' title='bbox 1788 2801 1957 2874; x_wconf 90' lang='lat' dir='ltr'>parte</span> <span class='ocrx_word' id='word_1_196' title='bbox 2003 2800 2096 2855; x_wconf 84' lang='lat' dir='ltr'>est</span> <span class='ocrx_word' id='word_1_197' title='bbox 2140 2793 2351 2875; x_wconf 91' lang='lat' dir='ltr'>insula,</span> <span class='ocrx_word' id='word_1_198' title='bbox 2407 2792 2479 2853; x_wconf 89' lang='lat' dir='ltr'>ad</span> <span class='ocrx_word' id='word_1_199' title='bbox 2526 2812 2831 2856; x_wconf 89' lang='lat' dir='ltr'>summum</span> 
     </span>
     <span class='ocr_line' id='line_1_24' title="bbox 530 2899 2830 2984; baseline -0 -21"><span class='ocrx_word' id='word_1_200' title='bbox 530 2903 754 2964; x_wconf 85' lang='lat' dir='ltr'>flumen</span> <span class='ocrx_word' id='word_1_201' title='bbox 801 2919 1101 2984; x_wconf 85' lang='lat' dir='ltr'>museum3</span> <span class='ocrx_word' id='word_1_202' title='bbox 1147 2900 1454 2980; x_wconf 87' lang='lat' dir='ltr'>longitudo</span> <span class='ocrx_word' id='word_1_203' title='bbox 1500 2900 1764 2961; x_wconf 88' lang='lat' dir='ltr'>fluminis</span> <span class='ocrx_word' id='word_1_204' title='bbox 1812 2899 1885 2960; x_wconf 90' lang='lat' dir='ltr'>ab</span> <span class='ocrx_word' id='word_1_205' title='bbox 1931 2899 2126 2962; x_wconf 88' lang='lat' dir='ltr'>insula</span> <span class='ocrx_word' id='word_1_206' title='bbox 2173 2918 2365 2980; x_wconf 92' lang='lat' dir='ltr'>usque</span> <span class='ocrx_word' id='word_1_207' title='bbox 2410 2900 2482 2961; x_wconf 91' lang='lat' dir='ltr'>ad</span> <span class='ocrx_word' id='word_1_208' title='bbox 2523 2919 2830 2962; x_wconf 89' lang='lat' dir='ltr'>summum</span> 
     </span>
     <span class='ocr_line' id='line_1_25' title="bbox 530 3007 2831 3091; baseline -0.001 -20"><span class='ocrx_word' id='word_1_209' title='bbox 530 3011 771 3091; x_wconf 85' lang='lat' dir='ltr'>flumen,</span> <span class='ocrx_word' id='word_1_210' title='bbox 817 3009 922 3070; x_wconf 92' lang='lat' dir='ltr'>ubi</span> <span class='ocrx_word' id='word_1_211' title='bbox 968 3016 1062 3069; x_wconf 88' lang='lat' dir='ltr'>est</span> <span class='ocrx_word' id='word_1_212' title='bbox 1108 3026 1398 3090; x_wconf 90' lang='lat' dir='ltr'>museum,</span> <span class='ocrx_word' id='word_1_213' title='bbox 1452 3007 1671 3087; x_wconf 90' lang='lat' dir='ltr'>pedum</span> <span class='ocrx_word' id='word_1_214' title='bbox 1730 3015 2167 3087; x_wconf 88' lang='lat' dir='ltr'>nongentorum</span> <span class='ocrx_word' id='word_1_215' title='bbox 2223 3010 2662 3087; x_wconf 88' lang='lat' dir='ltr'>quinquaginta</span> <span class='ocrx_word' id='word_1_216' title='bbox 2719 3018 2831 3069; x_wconf 89' lang='lat' dir='ltr'>est.</span> 
     </span>
     <span class='ocr_line' id='line_1_26' title="bbox 532 3113 2833 3196; baseline -0 -18"><span class='ocrx_word' id='word_1_217' title='bbox 532 3117 616 3178; x_wconf 91' lang='lat' dir='ltr'>ibi</span> <span class='ocrx_word' id='word_1_218' title='bbox 662 3119 891 3177; x_wconf 89' lang='lat' dir='ltr'>circum</span> <span class='ocrx_word' id='word_1_219' title='bbox 940 3117 1100 3195; x_wconf 90' lang='lat' dir='ltr'>ripas</span> <span class='ocrx_word' id='word_1_220' title='bbox 1147 3114 1410 3176; x_wconf 89' lang='lat' dir='ltr'>fluminis</span> <span class='ocrx_word' id='word_1_221' title='bbox 1458 3113 1778 3175; x_wconf 88' lang='lat' dir='ltr'>ambulatio</span> <span class='ocrx_word' id='word_1_222' title='bbox 1826 3123 1945 3196; x_wconf 84' lang='lat' dir='ltr'>est3</span> <span class='ocrx_word' id='word_1_223' title='bbox 1991 3113 2063 3174; x_wconf 89' lang='lat' dir='ltr'>ab</span> <span class='ocrx_word' id='word_1_224' title='bbox 2110 3114 2221 3174; x_wconf 89' lang='lat' dir='ltr'>hac</span> <span class='ocrx_word' id='word_1_225' title='bbox 2266 3115 2330 3175; x_wconf 90' lang='lat' dir='ltr'>in</span> <span class='ocrx_word' id='word_1_226' title='bbox 2367 3131 2576 3193; x_wconf 88' lang='lat' dir='ltr'>agrum</span> <span class='ocrx_word' id='word_1_227' title='bbox 2617 3134 2833 3177; x_wconf 86' lang='lat' dir='ltr'>versus</span> 
     </span>
     <span class='ocr_line' id='line_1_27' title="bbox 530 3221 1424 3283; baseline -0.001 -1"><span class='ocrx_word' id='word_1_228' title='bbox 530 3222 698 3283; x_wconf 88' lang='lat' dir='ltr'>locus</span> <span class='ocrx_word' id='word_1_229' title='bbox 744 3221 1079 3283; x_wconf 90' lang='lat' dir='ltr'>ornithonis</span> <span class='ocrx_word' id='word_1_230' title='bbox 1127 3223 1277 3283; x_wconf 90' lang='lat' dir='ltr'>situs</span> <span class='ocrx_word' id='word_1_231' title='bbox 1316 3228 1424 3282; x_wconf 91' lang='lat' dir='ltr'>est.</span> 
     </span>
    </p>

    <p class='ocr_par' dir='ltr' id='par_1_5' title="bbox 525 3327 2833 4587">
     <span class='ocr_line' id='line_1_28' title="bbox 716 3327 2829 3408; baseline -0.001 -17"><span class='ocrx_word' id='word_1_232' title='bbox 716 3327 799 3391; x_wconf 91' lang='lat'>10</span> <span class='ocrx_word' id='word_1_233' title='bbox 863 3328 1062 3390; x_wconf 89' lang='lat' dir='ltr'>Inter</span> <span class='ocrx_word' id='word_1_234' title='bbox 1126 3346 1308 3408; x_wconf 91' lang='lat' dir='ltr'>quos</span> <span class='ocrx_word' id='word_1_235' title='bbox 1374 3327 1584 3389; x_wconf 89' lang='lat' dir='ltr'>locus</span> <span class='ocrx_word' id='word_1_236' title='bbox 1650 3330 1772 3408; x_wconf 88' lang='lat' dir='ltr'>qui</span> <span class='ocrx_word' id='word_1_237' title='bbox 1837 3336 1950 3389; x_wconf 90' lang='lat' dir='ltr'>est</span> <span class='ocrx_word' id='word_1_238' title='bbox 2014 3328 2425 3391; x_wconf 89' lang='lat' dir='ltr'>ornithonis</span> <span class='ocrx_word' id='word_1_239' title='bbox 2489 3336 2694 3407; x_wconf 88' lang='lat' dir='ltr'>patet</span> <span class='ocrx_word' id='word_1_240' title='bbox 2757 3331 2829 3389; x_wconf 88' lang='lat' dir='ltr'>in</span> 
     </span>
     <span class='ocr_line' id='line_1_29' title="bbox 531 3433 2831 3515; baseline -0 -18"><span class='ocrx_word' id='word_1_241' title='bbox 531 3436 995 3498; x_wconf 89' lang='lat' dir='ltr'>latitudinem</span> <span class='ocrx_word' id='word_1_242' title='bbox 1042 3435 1263 3515; x_wconf 90' lang='lat' dir='ltr'>pedes</span> <span class='ocrx_word' id='word_1_243' title='bbox 1307 3433 1541 3495; x_wconf 83' lang='lat' dir='ltr'>XLVIII</span> <span class='ocrx_word' id='word_1_244' title='bbox 1586 3435 2030 3496; x_wconf 86' lang='lat' dir='ltr'>deformatus</span> <span class='ocrx_word' id='word_1_245' title='bbox 2078 3434 2159 3496; x_wconf 89' lang='lat' dir='ltr'>ad</span> <span class='ocrx_word' id='word_1_246' title='bbox 2205 3434 2494 3496; x_wconf 90' lang='lat' dir='ltr'>tabulae</span> <span class='ocrx_word' id='word_1_247' title='bbox 2540 3436 2831 3497; x_wconf 88' lang='lat' dir='ltr'>littera-</span> 
     </span>
     <span class='ocr_line' id='line_1_30' title="bbox 525 3529 2833 3624; baseline 0 -20"><span class='ocrx_word' id='word_1_248' title='bbox 525 3529 679 3605; x_wconf 75' lang='lat' dir='ltr'>¹riae</span> <span class='ocrx_word' id='word_1_249' title='bbox 721 3545 1033 3624; x_wconf 89' lang='lat' dir='ltr'>speciem</span> <span class='ocrx_word' id='word_1_250' title='bbox 1073 3560 1226 3603; x_wconf 90' lang='lat' dir='ltr'>cum</span> <span class='ocrx_word' id='word_1_251' title='bbox 1257 3541 1576 3621; x_wconf 88' lang='lat' dir='ltr'>capitulo</span> <span class='ocrx_word' id='word_1_252' title='bbox 1607 3542 1832 3603; x_wconf 87' lang='lat' dir='ltr'>forma</span> <span class='ocrx_word' id='word_1_253' title='bbox 1873 3561 2051 3622; x_wconf 92' lang='lat' dir='ltr'>quae</span> <span class='ocrx_word' id='word_1_254' title='bbox 2089 3550 2201 3603; x_wconf 88' lang='lat' dir='ltr'>est</span> <span class='ocrx_word' id='word_1_255' title='bbox 2241 3543 2587 3622; x_wconf 88' lang='lat' dir='ltr'>quadrata</span> <span class='ocrx_word' id='word_1_256' title='bbox 2627 3552 2833 3623; x_wconf 89' lang='lat' dir='ltr'>patet</span> 
     </span>
     <span class='ocr_line' id='line_1_31' title="bbox 530 3647 2832 3728; baseline -0.002 -15"><span class='ocrx_word' id='word_1_257' title='bbox 530 3654 599 3713; x_wconf 90' lang='lat' dir='ltr'>in</span> <span class='ocrx_word' id='word_1_258' title='bbox 647 3649 1106 3712; x_wconf 89' lang='lat' dir='ltr'>latitudinem</span> <span class='ocrx_word' id='word_1_259' title='bbox 1146 3647 1365 3728; x_wconf 89' lang='lat' dir='ltr'>pedes</span> <span class='ocrx_word' id='word_1_260' title='bbox 1402 3647 1636 3708; x_wconf 83' lang='lat' dir='ltr'>XLVIII</span> <span class='ocrx_word' id='word_1_261' title='bbox 1674 3651 1743 3709; x_wconf 90' lang='lat' dir='ltr'>in</span> <span class='ocrx_word' id='word_1_262' title='bbox 1782 3648 2312 3728; x_wconf 91' lang='lat' dir='ltr'>longitudinem</span> <span class='ocrx_word' id='word_1_263' title='bbox 2351 3649 2573 3728; x_wconf 90' lang='lat' dir='ltr'>pedes</span> <span class='ocrx_word' id='word_1_264' title='bbox 2612 3648 2832 3709; x_wconf 86' lang='lat' dir='ltr'>LXXII</span> 
     </span>
     <span class='ocr_line' id='line_1_32' title="bbox 533 3754 2832 3838; baseline -0.001 -18"><span class='ocrx_word' id='word_1_265' title='bbox 533 3777 665 3838; x_wconf 90' lang='lat' dir='ltr'>qua</span> <span class='ocrx_word' id='word_1_266' title='bbox 714 3756 794 3818; x_wconf 89' lang='lat' dir='ltr'>ad</span> <span class='ocrx_word' id='word_1_267' title='bbox 842 3756 1235 3837; x_wconf 88' lang='lat' dir='ltr'>capitulum</span> <span class='ocrx_word' id='word_1_268' title='bbox 1284 3756 1674 3817; x_wconf 88' lang='lat' dir='ltr'>rutundum</span> <span class='ocrx_word' id='word_1_269' title='bbox 1722 3763 1833 3817; x_wconf 91' lang='lat' dir='ltr'>est</span> <span class='ocrx_word' id='word_1_270' title='bbox 1878 3755 2097 3836; x_wconf 88' lang='lat' dir='ltr'>pedes</span> <span class='ocrx_word' id='word_1_271' title='bbox 2144 3754 2389 3833; x_wconf 88' lang='lat' dir='ltr'>XXVII]</span> <span class='ocrx_word' id='word_1_272' title='bbox 2448 3757 2624 3817; x_wconf 83' lang='lat' dir='ltr'>Inter</span> <span class='ocrx_word' id='word_1_273' title='bbox 2673 3774 2832 3832; x_wconf 80' lang='lat' dir='ltr'>quas</span> 
     </span>
     <span class='ocr_line' id='line_1_33' title="bbox 531 3863 2830 3942; baseline 0 -18"><span class='ocrx_word' id='word_1_274' title='bbox 531 3864 773 3925; x_wconf 89' lang='lat' dir='ltr'>Merula.</span> <span class='ocrx_word' id='word_1_275' title='bbox 848 3866 1009 3926; x_wconf 89' lang='lat' dir='ltr'>inter</span> <span class='ocrx_word' id='word_1_276' title='bbox 1043 3882 1198 3941; x_wconf 81' lang='lat' dir='ltr'>quas</span> <span class='ocrx_word' id='word_1_277' title='bbox 1239 3897 1315 3907; x_wconf 88' lang='lat'>—</span> <span class='ocrx_word' id='word_1_278' title='bbox 1352 3863 1578 3942; x_wconf 84' lang='lat' dir='ltr'>forma,</span> <span class='ocrx_word' id='word_1_279' title='bbox 1616 3882 1777 3940; x_wconf 80' lang='lat' dir='ltr'>quae</span> <span class='ocrx_word' id='word_1_280' title='bbox 1813 3871 1902 3926; x_wconf 88' lang='lat' dir='ltr'>est</span> <span class='ocrx_word' id='word_1_281' title='bbox 1937 3866 2269 3940; x_wconf 82' lang='lat' dir='ltr'>quadrata.</span> <span class='ocrx_word' id='word_1_282' title='bbox 2333 3869 2509 3942; x_wconf 84' lang='lat' dir='ltr'>patet</span> <span class='ocrx_word' id='word_1_283' title='bbox 2537 3865 2603 3924; x_wconf 89' lang='lat' dir='ltr'>in</span> <span class='ocrx_word' id='word_1_284' title='bbox 2632 3866 2830 3939; x_wconf 71' lang='lat' dir='ltr'>lonqi-</span> 
     </span>
     <span class='ocr_line' id='line_1_34' title="bbox 532 3971 2828 4050; baseline 0 -18"><span class='ocrx_word' id='word_1_285' title='bbox 532 3974 798 4034; x_wconf 86' lang='lat' dir='ltr'>tudinem</span> <span class='ocrx_word' id='word_1_286' title='bbox 855 3974 1044 4048; x_wconf 84' lang='lat' dir='ltr'>pedes</span> <span class='ocrx_word' id='word_1_287' title='bbox 1108 3971 1388 4050; x_wconf 84' lang='lat' dir='ltr'>LXXII,</span> <span class='ocrx_word' id='word_1_288' title='bbox 1444 3989 1567 4047; x_wconf 80' lang='lat' dir='ltr'>qua</span> <span class='ocrx_word' id='word_1_289' title='bbox 1633 3974 1720 4032; x_wconf 86' lang='lat' dir='ltr'>ad</span> <span class='ocrx_word' id='word_1_290' title='bbox 1781 3974 2113 4049; x_wconf 84' lang='lat' dir='ltr'>capitulum</span> <span class='ocrx_word' id='word_1_291' title='bbox 2167 3972 2467 4032; x_wconf 83' lang='lat' dir='ltr'>rotundus</span> <span class='ocrx_word' id='word_1_292' title='bbox 2536 3977 2628 4031; x_wconf 84' lang='lat' dir='ltr'>est</span> <span class='ocrx_word' id='word_1_293' title='bbox 2681 3973 2828 4049; x_wconf 83' lang='lat' dir='ltr'>ped.</span> 
     </span>
     <span class='ocr_line' id='line_1_35' title="bbox 532 4076 2828 4160; baseline 0 -21"><span class='ocrx_word' id='word_1_294' title='bbox 532 4079 800 4139; x_wconf 81' lang='lat' dir='ltr'>XXVII</span> <span class='ocrx_word' id='word_1_295' title='bbox 845 4077 1175 4160; x_wconf 89' lang='lat' dir='ltr'>Iucundus,</span> <span class='ocrx_word' id='word_1_296' title='bbox 1240 4077 1342 4139; x_wconf 91' lang='lat' dir='ltr'>ubi</span> <span class='ocrx_word' id='word_1_297' title='bbox 1400 4077 1608 4154; x_wconf 83' lang='lat' dir='ltr'>forma</span> <span class='ocrx_word' id='word_1_298' title='bbox 1671 4096 1794 4153; x_wconf 85' lang='lat' dir='ltr'>qua</span> <span class='ocrx_word' id='word_1_299' title='bbox 1860 4085 1951 4140; x_wconf 83' lang='lat' dir='ltr'>est</span> <span class='ocrx_word' id='word_1_300' title='bbox 2006 4077 2308 4139; x_wconf 89' lang='lat' dir='ltr'>Gesnerus</span> <span class='ocrx_word' id='word_1_301' title='bbox 2364 4076 2572 4139; x_wconf 89' lang='lat' dir='ltr'>edidit.</span> <span class='ocrx_word' id='word_1_302' title='bbox 2664 4080 2828 4139; x_wconf 87' lang='lat' dir='ltr'>inter</span> 
     </span>
     <span class='ocr_line' id='line_1_36' title="bbox 532 4184 2828 4261; baseline 0 -15"><span class='ocrx_word' id='word_1_303' title='bbox 532 4203 687 4260; x_wconf 84' lang='lat' dir='ltr'>quas</span> <span class='ocrx_word' id='word_1_304' title='bbox 731 4188 917 4261; x_wconf 87' lang='lat' dir='ltr'>locus,</span> <span class='ocrx_word' id='word_1_305' title='bbox 965 4188 1074 4261; x_wconf 80' lang='lat' dir='ltr'>qui</span> <span class='ocrx_word' id='word_1_306' title='bbox 1116 4193 1207 4247; x_wconf 83' lang='lat' dir='ltr'>est</span> <span class='ocrx_word' id='word_1_307' title='bbox 1249 4188 1609 4260; x_wconf 80' lang='lat' dir='ltr'>ornithonis,</span> <span class='ocrx_word' id='word_1_308' title='bbox 1658 4184 2033 4261; x_wconf 83' lang='lat' dir='ltr'>deformatus</span> <span class='ocrx_word' id='word_1_309' title='bbox 2079 4187 2167 4246; x_wconf 85' lang='lat' dir='ltr'>ad</span> <span class='ocrx_word' id='word_1_310' title='bbox 2200 4185 2448 4246; x_wconf 85' lang='lat' dir='ltr'>tabulae</span> <span class='ocrx_word' id='word_1_311' title='bbox 2475 4187 2828 4246; x_wconf 85' lang='lat' dir='ltr'>litterariae</span> 
     </span>
     <span class='ocr_line' id='line_1_37' title="bbox 530 4293 2823 4371; baseline -0 -19"><span class='ocrx_word' id='word_1_312' title='bbox 530 4295 790 4369; x_wconf 85' lang='lat' dir='ltr'>speciem</span> <span class='ocrx_word' id='word_1_313' title='bbox 837 4310 975 4353; x_wconf 86' lang='lat' dir='ltr'>cum</span> <span class='ocrx_word' id='word_1_314' title='bbox 1021 4296 1304 4371; x_wconf 81' lang='lat' dir='ltr'>eapitul0,</span> <span class='ocrx_word' id='word_1_315' title='bbox 1351 4311 1474 4369; x_wconf 79' lang='lat' dir='ltr'>qua</span> <span class='ocrx_word' id='word_1_316' title='bbox 1521 4298 1611 4354; x_wconf 83' lang='lat' dir='ltr'>est</span> <span class='ocrx_word' id='word_1_317' title='bbox 1656 4294 2016 4368; x_wconf 50' lang='lat' dir='ltr'>quadratus)</span> <span class='ocrx_word' id='word_1_318' title='bbox 2056 4297 2231 4369; x_wconf 86' lang='lat' dir='ltr'>patet</span> <span class='ocrx_word' id='word_1_319' title='bbox 2279 4293 2343 4352; x_wconf 87' lang='lat' dir='ltr'>in</span> <span class='ocrx_word' id='word_1_320' title='bbox 2383 4293 2823 4366; x_wconf 72' lang='lat' dir='ltr'>lonqitudinem</span> 
     </span>
     <span class='ocr_line' id='line_1_38' title="bbox 526 4397 2832 4478; baseline -0 -20"><span class='ocrx_word' id='word_1_321' title='bbox 526 4418 589 4475; x_wconf 86' lang='lat' dir='ltr'>p.</span> <span class='ocrx_word' id='word_1_322' title='bbox 619 4399 926 4473; x_wconf 86' lang='lat' dir='ltr'>LXXIII,</span> <span class='ocrx_word' id='word_1_323' title='bbox 965 4402 1028 4461; x_wconf 86' lang='lat' dir='ltr'>in</span> <span class='ocrx_word' id='word_1_324' title='bbox 1058 4402 1437 4462; x_wconf 85' lang='lat' dir='ltr'>latitudinem</span> <span class='ocrx_word' id='word_1_325' title='bbox 1465 4419 1528 4478; x_wconf 82' lang='lat' dir='ltr'>p.</span> <span class='ocrx_word' id='word_1_326' title='bbox 1559 4400 1676 4460; x_wconf 91' lang='lat' dir='ltr'>XL</span> <span class='ocrx_word' id='word_1_327' title='bbox 1692 4400 1827 4475; x_wconf 87' lang='lat' dir='ltr'>VII,</span> <span class='ocrx_word' id='word_1_328' title='bbox 1855 4397 1978 4476; x_wconf 79' lang='lat' dir='ltr'>qua</span> <span class='ocrx_word' id='word_1_329' title='bbox 2006 4401 2306 4461; x_wconf 85' lang='lat' dir='ltr'>rotundus</span> <span class='ocrx_word' id='word_1_330' title='bbox 2334 4405 2424 4460; x_wconf 83' lang='lat' dir='ltr'>est</span> <span class='ocrx_word' id='word_1_331' title='bbox 2442 4417 2506 4475; x_wconf 87' lang='lat' dir='ltr'>p.</span> <span class='ocrx_word' id='word_1_332' title='bbox 2528 4397 2832 4458; x_wconf 87' lang='lat' dir='ltr'><em>XXVIII</em></span> 
     </span>
     <span class='ocr_line' id='line_1_39' title="bbox 533 4503 2828 4587; baseline 0 -22"><span class='ocrx_word' id='word_1_333' title='bbox 533 4504 821 4587; x_wconf 79' lang='lat' dir='ltr'>UrsinuS,</span> <span class='ocrx_word' id='word_1_334' title='bbox 885 4509 1045 4566; x_wconf 88' lang='lat' dir='ltr'>inter</span> <span class='ocrx_word' id='word_1_335' title='bbox 1108 4524 1261 4582; x_wconf 80' lang='lat' dir='ltr'>quas</span> <span class='ocrx_word' id='word_1_336' title='bbox 1319 4511 1513 4582; x_wconf 69' lang='lat' dir='ltr'>loeus&#39;,</span> <span class='ocrx_word' id='word_1_337' title='bbox 1577 4510 1689 4583; x_wconf 80' lang='lat' dir='ltr'>qui</span> <span class='ocrx_word' id='word_1_338' title='bbox 1749 4513 1839 4569; x_wconf 88' lang='lat' dir='ltr'>est</span> <span class='ocrx_word' id='word_1_339' title='bbox 1892 4509 2247 4585; x_wconf 71' lang='lat' dir='ltr'>ornithoniS,</span> <span class='ocrx_word' id='word_1_340' title='bbox 2305 4503 2684 4582; x_wconf 84' lang='lat' dir='ltr'>deformatus</span> <span class='ocrx_word' id='word_1_341' title='bbox 2740 4506 2828 4566; x_wconf 83' lang='lat' dir='ltr'>ad</span> 
     </span>
    </p>
   </div>
  </div>
 </body>
</html>
