<?xml version="1.0" encoding="UTF-8"?>
<!DOCTYPE html PUBLIC "-//W3C//DTD XHTML 1.0 Transitional//EN"
    "http://www.w3.org/TR/xhtml1/DTD/xhtml1-transitional.dtd">
<html xmlns="http://www.w3.org/1999/xhtml" xml:lang="en" lang="en">
 <head>
  <title>
</title>
<meta http-equiv="Content-Type" content="text/html;charset=utf-8" />
  <meta name='ocr-system' content='tesseract 3.04.00' />
  <meta name='ocr-capabilities' content='ocr_page ocr_carea ocr_par ocr_line ocrx_word'/>
</head>
<body>
  <div class='ocr_page' id='page_1' title='image "./mporcicatonisde01catogoog_0470.png"; bbox 0 0 3178 5185; ppageno 0'>
   <div class='ocr_carea' id='block_1_1' title="bbox 567 338 2154 433">
    <p class='ocr_par' dir='ltr' id='par_1_1' title="bbox 567 338 2154 433">
     <span class='ocr_line' id='line_1_1' title="bbox 567 338 2154 433; baseline -0.001 0"><span class='ocrx_word' id='word_1_1' title='bbox 567 370 696 433; x_wconf 82' lang='lat'>216</span> <span class='ocrx_word' id='word_1_2' title='bbox 1248 338 1627 432; x_wconf 81' lang='lat' dir='ltr'>COMMENT.</span> <span class='ocrx_word' id='word_1_3' title='bbox 1670 376 1745 431; x_wconf 77' lang='lat' dir='ltr'>m</span> <span class='ocrx_word' id='word_1_4' title='bbox 1779 376 2154 432; x_wconf 75' lang='lat' dir='ltr'>VARRoms</span> 
     </span>
    </p>
   </div>
   <div class='ocr_carea' id='block_1_2' title="bbox 567 528 2868 4571">
    <p class='ocr_par' dir='ltr' id='par_1_2' title="bbox 567 528 2852 1681">
     <span class='ocr_line' id='line_1_2' title="bbox 569 528 2844 613; baseline -0.001 -20"><span class='ocrx_word' id='word_1_5' title='bbox 569 536 648 593; x_wconf 88' lang='lat' dir='ltr'>ita</span> <span class='ocrx_word' id='word_1_6' title='bbox 695 535 1119 611; x_wconf 89' lang='lat' dir='ltr'>interpretatus</span> <span class='ocrx_word' id='word_1_7' title='bbox 1166 540 1274 613; x_wconf 90' lang='lat' dir='ltr'>est,</span> <span class='ocrx_word' id='word_1_8' title='bbox 1323 528 1461 610; x_wconf 75' lang='lat' dir='ltr'>‘pro</span> <span class='ocrx_word' id='word_1_9' title='bbox 1508 531 1863 592; x_wconf 88' lang='lat' dir='ltr'>lactentibus</span> <span class='ocrx_word' id='word_1_10' title='bbox 1911 535 2112 611; x_wconf 87' lang='lat' dir='ltr'>pueris</span> <span class='ocrx_word' id='word_1_11' title='bbox 2159 533 2325 592; x_wconf 90' lang='lat' dir='ltr'>divae</span> <span class='ocrx_word' id='word_1_12' title='bbox 2373 531 2617 592; x_wconf 91' lang='lat' dir='ltr'>Rumiae</span> <span class='ocrx_word' id='word_1_13' title='bbox 2671 534 2844 591; x_wconf 90' lang='lat' dir='ltr'>sacri-</span> 
     </span>
     <span class='ocr_line' id='line_1_3' title="bbox 570 635 2846 722; baseline -0 -22"><span class='ocrx_word' id='word_1_14' title='bbox 570 642 745 700; x_wconf 85' lang='lat' dir='ltr'>ficant</span> <span class='ocrx_word' id='word_1_15' title='bbox 791 638 959 718; x_wconf 92' lang='lat' dir='ltr'>lacte,</span> <span class='ocrx_word' id='word_1_16' title='bbox 1008 639 1165 717; x_wconf 92' lang='lat' dir='ltr'>quod</span> <span class='ocrx_word' id='word_1_17' title='bbox 1212 656 1322 717; x_wconf 90' lang='lat' dir='ltr'>pro</span> <span class='ocrx_word' id='word_1_18' title='bbox 1371 641 1505 699; x_wconf 85' lang='lat' dir='ltr'>vino</span> <span class='ocrx_word' id='word_1_19' title='bbox 1554 635 1885 700; x_wconf 89' lang='lat' dir='ltr'>adhibent&#39;.</span> <span class='ocrx_word' id='word_1_20' title='bbox 1968 638 2076 720; x_wconf 88' lang='lat' dir='ltr'>lac,</span> <span class='ocrx_word' id='word_1_21' title='bbox 2122 659 2240 700; x_wconf 92' lang='lat' dir='ltr'>non</span> <span class='ocrx_word' id='word_1_22' title='bbox 2289 641 2509 722; x_wconf 88' lang='lat' dir='ltr'>vinum,</span> <span class='ocrx_word' id='word_1_23' title='bbox 2556 643 2617 699; x_wconf 91' lang='lat' dir='ltr'>in</span> <span class='ocrx_word' id='word_1_24' title='bbox 2666 641 2846 700; x_wconf 89' lang='lat' dir='ltr'>sacris</span> 
     </span>
     <span class='ocr_line' id='line_1_4' title="bbox 571 743 2847 827; baseline 0 -20"><span class='ocrx_word' id='word_1_25' title='bbox 571 747 738 807; x_wconf 87' lang='lat' dir='ltr'>divae</span> <span class='ocrx_word' id='word_1_26' title='bbox 795 746 1081 806; x_wconf 81' lang='lat' dir='ltr'><strong>Ruminae</strong></span> <span class='ocrx_word' id='word_1_27' title='bbox 1145 746 1411 806; x_wconf 89' lang='lat' dir='ltr'>adhiberi</span> <span class='ocrx_word' id='word_1_28' title='bbox 1469 753 1670 807; x_wconf 87' lang='lat' dir='ltr'>narrat</span> <span class='ocrx_word' id='word_1_29' title='bbox 1716 745 1897 806; x_wconf 89' lang='lat' dir='ltr'>Varro</span> <span class='ocrx_word' id='word_1_30' title='bbox 1956 747 2110 826; x_wconf 90' lang='lat' dir='ltr'>apud</span> <span class='ocrx_word' id='word_1_31' title='bbox 2158 746 2411 807; x_wconf 91' lang='lat' dir='ltr'>Nonium</span> <span class='ocrx_word' id='word_1_32' title='bbox 2470 767 2523 826; x_wconf 91' lang='lat' dir='ltr'>p.</span> <span class='ocrx_word' id='word_1_33' title='bbox 2569 744 2714 827; x_wconf 84' lang='lat'>167,</span> <span class='ocrx_word' id='word_1_34' title='bbox 2748 743 2847 826; x_wconf 83' lang='lat'>23,</span> 
     </span>
     <span class='ocr_line' id='line_1_5' title="bbox 569 850 2846 933; baseline -0.001 -18"><span class='ocrx_word' id='word_1_35' title='bbox 569 853 924 915; x_wconf 83' lang='lat' dir='ltr'>Plutarchus</span> <span class='ocrx_word' id='word_1_36' title='bbox 971 852 1202 914; x_wconf 90' lang='lat' dir='ltr'>Romul.</span> <span class='ocrx_word' id='word_1_37' title='bbox 1240 850 1300 933; x_wconf 88' lang='lat'>4,</span> <span class='ocrx_word' id='word_1_38' title='bbox 1349 861 1572 932; x_wconf 90' lang='lat' dir='ltr'>quaest.</span> <span class='ocrx_word' id='word_1_39' title='bbox 1622 852 1787 914; x_wconf 90' lang='lat' dir='ltr'>Rom.</span> <span class='ocrx_word' id='word_1_40' title='bbox 1827 850 1929 915; x_wconf 86' lang='lat'>57.</span> <span class='ocrx_word' id='word_1_41' title='bbox 2022 853 2123 914; x_wconf 89' lang='lat' dir='ltr'>sed</span> <span class='ocrx_word' id='word_1_42' title='bbox 2174 873 2281 933; x_wconf 90' lang='lat' dir='ltr'>pro</span> <span class='ocrx_word' id='word_1_43' title='bbox 2329 853 2685 914; x_wconf 87' lang='lat' dir='ltr'>lactentibus</span> <span class='ocrx_word' id='word_1_44' title='bbox 2732 857 2846 913; x_wconf 88' lang='lat' dir='ltr'>sive</span> 
     </span>
     <span class='ocr_line' id='line_1_6' title="bbox 571 959 2847 1041; baseline -0.001 -20"><span class='ocrx_word' id='word_1_45' title='bbox 571 962 773 1041; x_wconf 92' lang='lat' dir='ltr'>pueris</span> <span class='ocrx_word' id='word_1_46' title='bbox 821 962 943 1020; x_wconf 88' lang='lat' dir='ltr'>sive</span> <span class='ocrx_word' id='word_1_47' title='bbox 990 959 1322 1039; x_wconf 83' lang='lat' dir='ltr'><strong>pecudibus</strong></span> <span class='ocrx_word' id='word_1_48' title='bbox 1361 979 1428 1021; x_wconf 91' lang='lat' dir='ltr'>ea</span> <span class='ocrx_word' id='word_1_49' title='bbox 1475 980 1642 1022; x_wconf 85' lang='lat' dir='ltr'>sacra</span> <span class='ocrx_word' id='word_1_50' title='bbox 1691 962 1818 1021; x_wconf 84' lang='lat' dir='ltr'>fieri</span> <span class='ocrx_word' id='word_1_51' title='bbox 1867 963 2182 1021; x_wconf 79' lang='lat' dir='ltr'>nescimus,</span> <span class='ocrx_word' id='word_1_52' title='bbox 2260 979 2451 1040; x_wconf 89' lang='lat' dir='ltr'>neque</span> <span class='ocrx_word' id='word_1_53' title='bbox 2490 960 2847 1021; x_wconf 88' lang='lat' dir='ltr'>credendum</span> 
     </span>
     <span class='ocr_line' id='line_1_7' title="bbox 571 1066 2850 1148; baseline -0.001 -20"><span class='ocrx_word' id='word_1_54' title='bbox 571 1077 662 1128; x_wconf 86' lang='lat' dir='ltr'>est</span> <span class='ocrx_word' id='word_1_55' title='bbox 709 1066 1031 1139; x_wconf 78' lang='lat' dir='ltr'>Varronem</span> <span class='ocrx_word' id='word_1_56' title='bbox 1079 1066 1225 1126; x_wconf 90' lang='lat' dir='ltr'>duas</span> <span class='ocrx_word' id='word_1_57' title='bbox 1272 1068 1526 1126; x_wconf 91' lang='lat' dir='ltr'>nominis</span> <span class='ocrx_word' id='word_1_58' title='bbox 1576 1067 1996 1145; x_wconf 77' lang='lat' dir='ltr'>explicationes</span> <span class='ocrx_word' id='word_1_59' title='bbox 2042 1069 2341 1148; x_wconf 84' lang='lat' dir='ltr'>posuisse,</span> <span class='ocrx_word' id='word_1_60' title='bbox 2388 1068 2636 1129; x_wconf 90' lang='lat' dir='ltr'>alteram</span> <span class='ocrx_word' id='word_1_61' title='bbox 2683 1087 2713 1128; x_wconf 94' lang='lat' dir='ltr'>a</span> <span class='ocrx_word' id='word_1_62' title='bbox 2760 1086 2850 1146; x_wconf 86' lang='lat' dir='ltr'>ge-</span> 
     </span>
     <span class='ocr_line' id='line_1_8' title="bbox 573 1173 2851 1255; baseline -0 -20"><span class='ocrx_word' id='word_1_63' title='bbox 573 1194 712 1235; x_wconf 84' lang='lat' dir='ltr'>nere</span> <span class='ocrx_word' id='word_1_64' title='bbox 772 1193 1076 1235; x_wconf 88' lang='lat' dir='ltr'>sacrorum</span> <span class='ocrx_word' id='word_1_65' title='bbox 1134 1176 1402 1255; x_wconf 91' lang='lat' dir='ltr'>petitam,</span> <span class='ocrx_word' id='word_1_66' title='bbox 1461 1173 1705 1234; x_wconf 90' lang='lat' dir='ltr'>alteram</span> <span class='ocrx_word' id='word_1_67' title='bbox 1761 1174 1833 1234; x_wconf 90' lang='lat' dir='ltr'>ab</span> <span class='ocrx_word' id='word_1_68' title='bbox 1891 1177 1963 1234; x_wconf 91' lang='lat' dir='ltr'>iis</span> <span class='ocrx_word' id='word_1_69' title='bbox 2018 1193 2127 1254; x_wconf 85' lang='lat' dir='ltr'>pro</span> <span class='ocrx_word' id='word_1_70' title='bbox 2190 1174 2405 1253; x_wconf 89' lang='lat' dir='ltr'>quibus</span> <span class='ocrx_word' id='word_1_71' title='bbox 2468 1193 2635 1236; x_wconf 89' lang='lat' dir='ltr'>sacra</span> <span class='ocrx_word' id='word_1_72' title='bbox 2694 1175 2851 1255; x_wconf 82' lang='lat' dir='ltr'>fiunt,</span> 
     </span>
     <span class='ocr_line' id='line_1_9' title="bbox 572 1282 2851 1362; baseline 0 -20"><span class='ocrx_word' id='word_1_73' title='bbox 572 1301 706 1342; x_wconf 90' lang='lat' dir='ltr'>cum</span> <span class='ocrx_word' id='word_1_74' title='bbox 754 1282 983 1342; x_wconf 90' lang='lat' dir='ltr'>diversa</span> <span class='ocrx_word' id='word_1_75' title='bbox 1032 1282 1483 1360; x_wconf 79' lang='lat' dir='ltr'>praepositionis</span> <span class='ocrx_word' id='word_1_76' title='bbox 1546 1282 2000 1362; x_wconf 87' lang='lat' dir='ltr'>significatione,</span> <span class='ocrx_word' id='word_1_77' title='bbox 2047 1286 2206 1343; x_wconf 79' lang='lat' dir='ltr'>lacte</span> <span class='ocrx_word' id='word_1_78' title='bbox 2254 1301 2373 1359; x_wconf 82' lang='lat' dir='ltr'>pro</span> <span class='ocrx_word' id='word_1_79' title='bbox 2432 1286 2570 1344; x_wconf 84' lang='lat' dir='ltr'>vino</span> <span class='ocrx_word' id='word_1_80' title='bbox 2628 1291 2688 1343; x_wconf 93' lang='lat' dir='ltr'>et</span> <span class='ocrx_word' id='word_1_81' title='bbox 2741 1301 2851 1358; x_wconf 76' lang='lat' dir='ltr'>pro</span> 
     </span>
     <span class='ocr_line' id='line_1_10' title="bbox 571 1387 2852 1469; baseline -0.001 -18"><span class='ocrx_word' id='word_1_82' title='bbox 571 1391 949 1451; x_wconf 78' lang='lat' dir='ltr'>lactentibus.</span> <span class='ocrx_word' id='word_1_83' title='bbox 1041 1390 1237 1466; x_wconf 92' lang='lat' dir='ltr'>itaque</span> <span class='ocrx_word' id='word_1_84' title='bbox 1286 1387 1475 1448; x_wconf 89' lang='lat' dir='ltr'>deleta</span> <span class='ocrx_word' id='word_1_85' title='bbox 1522 1390 1987 1467; x_wconf 81' lang='lat' dir='ltr'>praepositione,</span> <span class='ocrx_word' id='word_1_86' title='bbox 2036 1407 2185 1468; x_wconf 92' lang='lat' dir='ltr'>quae</span> <span class='ocrx_word' id='word_1_87' title='bbox 2243 1406 2560 1469; x_wconf 82' lang='lat' dir='ltr'>perperam</span> <span class='ocrx_word' id='word_1_88' title='bbox 2607 1391 2852 1467; x_wconf 90' lang='lat' dir='ltr'>repetita</span> 
     </span>
     <span class='ocr_line' id='line_1_11' title="bbox 574 1494 2852 1577; baseline -0.002 -20"><span class='ocrx_word' id='word_1_89' title='bbox 574 1504 725 1570; x_wconf 87' lang='lat' dir='ltr'>erat,</span> <span class='ocrx_word' id='word_1_90' title='bbox 773 1497 985 1574; x_wconf 85' lang='lat' dir='ltr'>scripsi</span> <span class='ocrx_word' id='word_1_91' title='bbox 1030 1498 1191 1554; x_wconf 87' lang='lat' dir='ltr'>lacte</span> <span class='ocrx_word' id='word_1_92' title='bbox 1227 1511 1346 1569; x_wconf 82' lang='lat' dir='ltr'>pro</span> <span class='ocrx_word' id='word_1_93' title='bbox 1394 1497 1528 1554; x_wconf 84' lang='lat' dir='ltr'>vino</span> <span class='ocrx_word' id='word_1_94' title='bbox 1575 1502 1636 1554; x_wconf 87' lang='lat' dir='ltr'>et</span> <span class='ocrx_word' id='word_1_95' title='bbox 1689 1497 2074 1569; x_wconf 71' lang='lat' dir='ltr'>lactentibuS,</span> <span class='ocrx_word' id='word_1_96' title='bbox 2123 1495 2180 1554; x_wconf 89' lang='lat' dir='ltr'>h.</span> <span class='ocrx_word' id='word_1_97' title='bbox 2219 1515 2268 1556; x_wconf 93' lang='lat' dir='ltr'>e.</span> <span class='ocrx_word' id='word_1_98' title='bbox 2320 1495 2495 1577; x_wconf 87' lang='lat' dir='ltr'>lacte,</span> <span class='ocrx_word' id='word_1_99' title='bbox 2545 1494 2701 1574; x_wconf 89' lang='lat' dir='ltr'>quod</span> <span class='ocrx_word' id='word_1_100' title='bbox 2750 1513 2852 1573; x_wconf 90' lang='lat' dir='ltr'>pro</span> 
     </span>
     <span class='ocr_line' id='line_1_12' title="bbox 567 1599 2358 1681; baseline 0 -19"><span class='ocrx_word' id='word_1_101' title='bbox 567 1605 702 1663; x_wconf 85' lang='lat' dir='ltr'>vino</span> <span class='ocrx_word' id='word_1_102' title='bbox 749 1601 1082 1681; x_wconf 84' lang='lat' dir='ltr'>adhibetur,</span> <span class='ocrx_word' id='word_1_103' title='bbox 1130 1611 1190 1661; x_wconf 92' lang='lat' dir='ltr'>et</span> <span class='ocrx_word' id='word_1_104' title='bbox 1236 1599 1591 1661; x_wconf 89' lang='lat' dir='ltr'>lactentibus</span> <span class='ocrx_word' id='word_1_105' title='bbox 1639 1619 1803 1661; x_wconf 90' lang='lat' dir='ltr'>sacra</span> <span class='ocrx_word' id='word_1_106' title='bbox 1857 1600 2143 1661; x_wconf 90' lang='lat' dir='ltr'>Ruminae</span> <span class='ocrx_word' id='word_1_107' title='bbox 2192 1603 2358 1663; x_wconf 85' lang='lat' dir='ltr'>fiunt.</span> 
     </span>
    </p>

    <p class='ocr_par' dir='ltr' id='par_1_3' title="bbox 572 1709 2868 4571">
     <span class='ocr_line' id='line_1_13' title="bbox 746 1709 2855 1771; baseline 0 -2"><span class='ocrx_word' id='word_1_108' title='bbox 746 1709 1070 1769; x_wconf 91' lang='lat' dir='ltr'>Mammae</span> <span class='ocrx_word' id='word_1_109' title='bbox 1133 1709 1317 1767; x_wconf 92' lang='lat' dir='ltr'>enim</span> <span class='ocrx_word' id='word_1_110' title='bbox 1374 1726 1618 1767; x_wconf 89' lang='lat' dir='ltr'>rumus</span> <span class='ocrx_word' id='word_1_111' title='bbox 1677 1710 1830 1768; x_wconf 89' lang='lat' dir='ltr'>siue</span> <span class='ocrx_word' id='word_1_112' title='bbox 1892 1711 2259 1770; x_wconf 87' lang='lat' dir='ltr'>ruminare</span> <span class='ocrx_word' id='word_1_113' title='bbox 2317 1718 2393 1771; x_wconf 91' lang='lat' dir='ltr'>ut</span> <span class='ocrx_word' id='word_1_114' title='bbox 2447 1717 2610 1770; x_wconf 89' lang='lat' dir='ltr'>ante</span> <span class='ocrx_word' id='word_1_115' title='bbox 2670 1710 2855 1769; x_wconf 91' lang='lat' dir='ltr'>dice-</span> 
     </span>
     <span class='ocr_line' id='line_1_14' title="bbox 574 1814 2856 1896; baseline -0.001 -19"><span class='ocrx_word' id='word_1_116' title='bbox 574 1817 739 1877; x_wconf 89' lang='lat' dir='ltr'>bant</span> <span class='ocrx_word' id='word_1_117' title='bbox 785 1836 817 1877; x_wconf 90' lang='lat' dir='ltr'>a</span> <span class='ocrx_word' id='word_1_118' title='bbox 864 1819 1047 1877; x_wconf 86' lang='lat' dir='ltr'>rumi</span> <span class='ocrx_word' id='word_1_119' title='bbox 1094 1817 1310 1875; x_wconf 90' lang='lat' dir='ltr'>etiam</span> <span class='ocrx_word' id='word_1_120' title='bbox 1348 1814 1510 1875; x_wconf 92' lang='lat' dir='ltr'>inde</span> <span class='ocrx_word' id='word_1_121' title='bbox 1551 1815 1897 1877; x_wconf 82' lang='lat' dir='ltr'>dicuntur</span> <span class='ocrx_word' id='word_1_122' title='bbox 1936 1815 2259 1877; x_wconf 90' lang='lat' dir='ltr'>subrumi</span> <span class='ocrx_word' id='word_1_123' title='bbox 2299 1818 2457 1896; x_wconf 87' lang='lat' dir='ltr'>agni</span> <span class='ocrx_word' id='word_1_124' title='bbox 2505 1816 2856 1877; x_wconf 90' lang='lat' dir='ltr'>lactantes</span> 
     </span>
     <span class='ocr_line' id='line_1_15' title="bbox 572 1923 2856 2004; baseline -0 -19"><span class='ocrx_word' id='word_1_125' title='bbox 572 1944 601 1985; x_wconf 91' lang='lat' dir='ltr'>a</span> <span class='ocrx_word' id='word_1_126' title='bbox 650 1923 862 2001; x_wconf 89' lang='lat' dir='ltr'>lacte]</span> <span class='ocrx_word' id='word_1_127' title='bbox 913 1923 1216 1984; x_wconf 87' lang='lat' dir='ltr'>Mammae</span> <span class='ocrx_word' id='word_1_128' title='bbox 1261 1926 1419 1984; x_wconf 91' lang='lat' dir='ltr'>enim</span> <span class='ocrx_word' id='word_1_129' title='bbox 1465 1926 1657 1984; x_wconf 82' lang='lat' dir='ltr'>rumis</span> <span class='ocrx_word' id='word_1_130' title='bbox 1701 1927 1825 1984; x_wconf 84' lang='lat' dir='ltr'>sive</span> <span class='ocrx_word' id='word_1_131' title='bbox 1872 1928 2206 2004; x_wconf 84' lang='lat' dir='ltr'>ruminare,</span> <span class='ocrx_word' id='word_1_132' title='bbox 2253 1933 2319 1985; x_wconf 79' lang='lat' dir='ltr'>ut</span> <span class='ocrx_word' id='word_1_133' title='bbox 2366 1926 2507 1986; x_wconf 79' lang='lat' dir='ltr'>ante</span> <span class='ocrx_word' id='word_1_134' title='bbox 2559 1927 2856 1998; x_wconf 77' lang='lat' dir='ltr'>dicebam,</span> 
     </span>
     <span class='ocr_line' id='line_1_16' title="bbox 574 2030 2857 2106; baseline -0.001 -14"><span class='ocrx_word' id='word_1_135' title='bbox 574 2050 612 2092; x_wconf 91' lang='lat' dir='ltr'>a</span> <span class='ocrx_word' id='word_1_136' title='bbox 659 2035 836 2105; x_wconf 90' lang='lat' dir='ltr'>rumi,</span> <span class='ocrx_word' id='word_1_137' title='bbox 884 2038 942 2092; x_wconf 78' lang='lat' dir='ltr'>et</span> <span class='ocrx_word' id='word_1_138' title='bbox 989 2033 1130 2092; x_wconf 85' lang='lat' dir='ltr'>inde</span> <span class='ocrx_word' id='word_1_139' title='bbox 1174 2033 1451 2091; x_wconf 85' lang='lat' dir='ltr'>subrumi</span> <span class='ocrx_word' id='word_1_140' title='bbox 1495 2033 1787 2091; x_wconf 85' lang='lat' dir='ltr'>dicuntur</span> <span class='ocrx_word' id='word_1_141' title='bbox 1825 2034 1976 2106; x_wconf 70' lang='lat' dir='ltr'>ayni</span> <span class='ocrx_word' id='word_1_142' title='bbox 2019 2034 2310 2091; x_wconf 78' lang='lat' dir='ltr'>lactentes</span> <span class='ocrx_word' id='word_1_143' title='bbox 2348 2049 2386 2090; x_wconf 93' lang='lat' dir='ltr'>a</span> <span class='ocrx_word' id='word_1_144' title='bbox 2423 2035 2584 2092; x_wconf 83' lang='lat' dir='ltr'>lacte</span> <span class='ocrx_word' id='word_1_145' title='bbox 2622 2030 2857 2091; x_wconf 89' lang='lat' dir='ltr'>Merula.</span> 
     </span>
     <span class='ocr_line' id='line_1_17' title="bbox 574 2131 2859 2217; baseline -0.001 -19"><span class='ocrx_word' id='word_1_146' title='bbox 574 2156 866 2199; x_wconf 87' lang='lat' dir='ltr'>mamm-ae</span> <span class='ocrx_word' id='word_1_147' title='bbox 912 2141 1069 2197; x_wconf 92' lang='lat' dir='ltr'>enim</span> <span class='ocrx_word' id='word_1_148' title='bbox 1129 2139 1321 2197; x_wconf 85' lang='lat' dir='ltr'>rumis</span> <span class='ocrx_word' id='word_1_149' title='bbox 1365 2139 1490 2196; x_wconf 85' lang='lat' dir='ltr'>sive</span> <span class='ocrx_word' id='word_1_150' title='bbox 1536 2154 1778 2217; x_wconf 88' lang='lat' dir='ltr'>rumae,</span> <span class='ocrx_word' id='word_1_151' title='bbox 1825 2144 1894 2198; x_wconf 87' lang='lat' dir='ltr'>ut</span> <span class='ocrx_word' id='word_1_152' title='bbox 1938 2131 2079 2198; x_wconf 83' lang='lat' dir='ltr'>ante</span> <span class='ocrx_word' id='word_1_153' title='bbox 2127 2140 2436 2212; x_wconf 79' lang='lat' dir='ltr'>dicebant,</span> <span class='ocrx_word' id='word_1_154' title='bbox 2486 2155 2524 2197; x_wconf 91' lang='lat' dir='ltr'>a</span> <span class='ocrx_word' id='word_1_155' title='bbox 2573 2141 2759 2211; x_wconf 89' lang='lat' dir='ltr'>rumi,</span> <span class='ocrx_word' id='word_1_156' title='bbox 2805 2145 2859 2198; x_wconf 89' lang='lat' dir='ltr'>et</span> 
     </span>
     <span class='ocr_line' id='line_1_18' title="bbox 575 2243 2857 2323; baseline -0.001 -17"><span class='ocrx_word' id='word_1_157' title='bbox 575 2247 717 2306; x_wconf 90' lang='lat' dir='ltr'>inde</span> <span class='ocrx_word' id='word_1_158' title='bbox 763 2247 1053 2305; x_wconf 78' lang='lat' dir='ltr'>dicuntur</span> <span class='ocrx_word' id='word_1_159' title='bbox 1098 2246 1376 2304; x_wconf 87' lang='lat' dir='ltr'>subrumi</span> <span class='ocrx_word' id='word_1_160' title='bbox 1419 2246 1569 2319; x_wconf 72' lang='lat' dir='ltr'>aqni</span> <span class='ocrx_word' id='word_1_161' title='bbox 1613 2247 1904 2304; x_wconf 83' lang='lat' dir='ltr'>lactentes</span> <span class='ocrx_word' id='word_1_162' title='bbox 1961 2262 1999 2304; x_wconf 91' lang='lat' dir='ltr'>a</span> <span class='ocrx_word' id='word_1_163' title='bbox 2046 2247 2205 2304; x_wconf 88' lang='lat' dir='ltr'>lacte</span> <span class='ocrx_word' id='word_1_164' title='bbox 2250 2246 2536 2323; x_wconf 90' lang='lat' dir='ltr'>impressa</span> <span class='ocrx_word' id='word_1_165' title='bbox 2595 2244 2732 2304; x_wconf 89' lang='lat' dir='ltr'>inde</span> <span class='ocrx_word' id='word_1_166' title='bbox 2790 2243 2857 2304; x_wconf 91' lang='lat' dir='ltr'>ab</span> 
     </span>
     <span class='ocr_line' id='line_1_19' title="bbox 575 2349 2857 2429; baseline -0 -18"><span class='ocrx_word' id='word_1_167' title='bbox 575 2352 778 2412; x_wconf 85' lang='lat' dir='ltr'>Aldina</span> <span class='ocrx_word' id='word_1_168' title='bbox 827 2351 1084 2411; x_wconf 76' lang='lat' dir='ltr'>editione</span> <span class='ocrx_word' id='word_1_169' title='bbox 1133 2349 1504 2429; x_wconf 86' lang='lat' dir='ltr'>exemplaria,</span> <span class='ocrx_word' id='word_1_170' title='bbox 1551 2368 1702 2429; x_wconf 89' lang='lat' dir='ltr'>quae</span> <span class='ocrx_word' id='word_1_171' title='bbox 1753 2353 1909 2410; x_wconf 86' lang='lat' dir='ltr'>vario</span> <span class='ocrx_word' id='word_1_172' title='bbox 1960 2351 2132 2411; x_wconf 91' lang='lat' dir='ltr'>modo</span> <span class='ocrx_word' id='word_1_173' title='bbox 2179 2354 2290 2412; x_wconf 83' lang='lat' dir='ltr'>viri</span> <span class='ocrx_word' id='word_1_174' title='bbox 2337 2353 2497 2412; x_wconf 90' lang='lat' dir='ltr'>docti</span> <span class='ocrx_word' id='word_1_175' title='bbox 2544 2351 2857 2411; x_wconf 90' lang='lat' dir='ltr'>emendare</span> 
     </span>
     <span class='ocr_line' id='line_1_20' title="bbox 577 2456 2856 2538; baseline 0.001 -21"><span class='ocrx_word' id='word_1_176' title='bbox 577 2458 951 2518; x_wconf 89' lang='lat' dir='ltr'>studuerunt.</span> <span class='ocrx_word' id='word_1_177' title='bbox 1026 2477 1064 2517; x_wconf 90' lang='lat' dir='ltr'>a</span> <span class='ocrx_word' id='word_1_178' title='bbox 1111 2462 1277 2518; x_wconf 86' lang='lat' dir='ltr'>rumi</span> <span class='ocrx_word' id='word_1_179' title='bbox 1321 2456 1672 2536; x_wconf 80' lang='lat' dir='ltr'>Sylburgius</span> <span class='ocrx_word' id='word_1_180' title='bbox 1719 2460 1778 2516; x_wconf 94' lang='lat' dir='ltr'>in</span> <span class='ocrx_word' id='word_1_181' title='bbox 1830 2456 2287 2519; x_wconf 92' lang='lat' dir='ltr'>Commeliniana</span> <span class='ocrx_word' id='word_1_182' title='bbox 2336 2459 2597 2520; x_wconf 79' lang='lat' dir='ltr'>editione</span> <span class='ocrx_word' id='word_1_183' title='bbox 2646 2479 2702 2538; x_wconf 91' lang='lat' dir='ltr'>p.</span> <span class='ocrx_word' id='word_1_184' title='bbox 2737 2456 2856 2519; x_wconf 82' lang='lat'>773</span> 
     </span>
     <span class='ocr_line' id='line_1_21' title="bbox 578 2562 2859 2647; baseline 0 -21"><span class='ocrx_word' id='word_1_185' title='bbox 578 2562 774 2627; x_wconf 77' lang='lat' dir='ltr'>‘velut</span> <span class='ocrx_word' id='word_1_186' title='bbox 820 2583 1096 2645; x_wconf 85' lang='lat' dir='ltr'>exegema</span> <span class='ocrx_word' id='word_1_187' title='bbox 1145 2565 1451 2644; x_wconf 86' lang='lat' dir='ltr'>sequentis</span> <span class='ocrx_word' id='word_1_188' title='bbox 1500 2563 1761 2625; x_wconf 89' lang='lat' dir='ltr'>adverbii</span> <span class='ocrx_word' id='word_1_189' title='bbox 1810 2568 1951 2626; x_wconf 87' lang='lat' dir='ltr'>inde</span> <span class='ocrx_word' id='word_1_190' title='bbox 2014 2563 2504 2647; x_wconf 88' lang='lat' dir='ltr'>expungendum&#39;</span> <span class='ocrx_word' id='word_1_191' title='bbox 2551 2567 2859 2629; x_wconf 89' lang='lat' dir='ltr'>adnotavit.</span> 
     </span>
     <span class='ocr_line' id='line_1_22' title="bbox 579 2676 2861 2758; baseline 0.001 -25"><span class='ocrx_word' id='word_1_192' title='bbox 579 2690 835 2733; x_wconf 90' lang='lat' dir='ltr'>mamma</span> <span class='ocrx_word' id='word_1_193' title='bbox 899 2677 1054 2734; x_wconf 91' lang='lat' dir='ltr'>enim</span> <span class='ocrx_word' id='word_1_194' title='bbox 1111 2676 1301 2733; x_wconf 76' lang='lat' dir='ltr'>rumis</span> <span class='ocrx_word' id='word_1_195' title='bbox 1355 2676 1479 2732; x_wconf 84' lang='lat' dir='ltr'>sive</span> <span class='ocrx_word' id='word_1_196' title='bbox 1543 2676 1777 2733; x_wconf 84' lang='lat' dir='ltr'>rumin:</span> <span class='ocrx_word' id='word_1_197' title='bbox 1843 2691 1917 2734; x_wconf 93' lang='lat' dir='ltr'>ea</span> <span class='ocrx_word' id='word_1_198' title='bbox 1981 2693 2080 2758; x_wconf 85' lang='lat' dir='ltr'>re,</span> <span class='ocrx_word' id='word_1_199' title='bbox 2126 2682 2193 2734; x_wconf 87' lang='lat' dir='ltr'>ut</span> <span class='ocrx_word' id='word_1_200' title='bbox 2256 2683 2422 2749; x_wconf 87' lang='lat' dir='ltr'>ante,</span> <span class='ocrx_word' id='word_1_201' title='bbox 2480 2677 2767 2735; x_wconf 86' lang='lat' dir='ltr'>dicebant</span> <span class='ocrx_word' id='word_1_202' title='bbox 2826 2693 2861 2735; x_wconf 91' lang='lat' dir='ltr'>a</span> 
     </span>
     <span class='ocr_line' id='line_1_23' title="bbox 580 2780 2861 2860; baseline 0 -20"><span class='ocrx_word' id='word_1_203' title='bbox 580 2783 757 2860; x_wconf 89' lang='lat' dir='ltr'>rumi,</span> <span class='ocrx_word' id='word_1_204' title='bbox 795 2786 853 2840; x_wconf 78' lang='lat' dir='ltr'>et</span> <span class='ocrx_word' id='word_1_205' title='bbox 900 2782 1040 2840; x_wconf 85' lang='lat' dir='ltr'>inde</span> <span class='ocrx_word' id='word_1_206' title='bbox 1087 2781 1379 2840; x_wconf 78' lang='lat' dir='ltr'>dicuntur</span> <span class='ocrx_word' id='word_1_207' title='bbox 1425 2780 1703 2839; x_wconf 82' lang='lat' dir='ltr'>subrumi</span> <span class='ocrx_word' id='word_1_208' title='bbox 1747 2783 1898 2855; x_wconf 72' lang='lat' dir='ltr'>aqni</span> <span class='ocrx_word' id='word_1_209' title='bbox 1941 2785 2248 2856; x_wconf 71' lang='lat' dir='ltr'>lactenteS,</span> <span class='ocrx_word' id='word_1_210' title='bbox 2300 2784 2519 2842; x_wconf 87' lang='lat' dir='ltr'>omisso</span> <span class='ocrx_word' id='word_1_211' title='bbox 2571 2791 2861 2860; x_wconf 90' lang='lat' dir='ltr'>tamquam</span> 
     </span>
     <span class='ocr_line' id='line_1_24' title="bbox 579 2885 2861 2967; baseline 0.002 -22"><span class='ocrx_word' id='word_1_212' title='bbox 579 2886 927 2966; x_wconf 82' lang='lat' dir='ltr'>glossemate</span> <span class='ocrx_word' id='word_1_213' title='bbox 976 2904 1015 2946; x_wconf 93' lang='lat' dir='ltr'>a</span> <span class='ocrx_word' id='word_1_214' title='bbox 1062 2890 1245 2961; x_wconf 85' lang='lat' dir='ltr'>lacte,</span> <span class='ocrx_word' id='word_1_215' title='bbox 1295 2885 1583 2967; x_wconf 84' lang='lat' dir='ltr'>Scaliger,</span> <span class='ocrx_word' id='word_1_216' title='bbox 1644 2904 1902 2947; x_wconf 87' lang='lat' dir='ltr'>mamma</span> <span class='ocrx_word' id='word_1_217' title='bbox 1961 2891 2120 2948; x_wconf 91' lang='lat' dir='ltr'>enim</span> <span class='ocrx_word' id='word_1_218' title='bbox 2178 2892 2368 2949; x_wconf 78' lang='lat' dir='ltr'>rumis</span> <span class='ocrx_word' id='word_1_219' title='bbox 2420 2892 2547 2949; x_wconf 84' lang='lat' dir='ltr'>sive</span> <span class='ocrx_word' id='word_1_220' title='bbox 2603 2892 2861 2963; x_wconf 86' lang='lat' dir='ltr'>rumina,</span> 
     </span>
     <span class='ocr_line' id='line_1_25' title="bbox 580 2995 2863 3071; baseline 0.001 -16"><span class='ocrx_word' id='word_1_221' title='bbox 580 3003 647 3055; x_wconf 83' lang='lat' dir='ltr'>ut</span> <span class='ocrx_word' id='word_1_222' title='bbox 693 3001 835 3055; x_wconf 79' lang='lat' dir='ltr'>ante</span> <span class='ocrx_word' id='word_1_223' title='bbox 882 2995 1195 3054; x_wconf 79' lang='lat' dir='ltr'>dicebant:</span> <span class='ocrx_word' id='word_1_224' title='bbox 1243 3013 1281 3054; x_wconf 86' lang='lat' dir='ltr'>a</span> <span class='ocrx_word' id='word_1_225' title='bbox 1328 2996 1492 3054; x_wconf 87' lang='lat' dir='ltr'>rumi</span> <span class='ocrx_word' id='word_1_226' title='bbox 1532 2996 1675 3054; x_wconf 87' lang='lat' dir='ltr'>inde</span> <span class='ocrx_word' id='word_1_227' title='bbox 1722 2997 2014 3054; x_wconf 81' lang='lat' dir='ltr'>dicuntur</span> <span class='ocrx_word' id='word_1_228' title='bbox 2058 2997 2336 3056; x_wconf 85' lang='lat' dir='ltr'>subrumi</span> <span class='ocrx_word' id='word_1_229' title='bbox 2380 2999 2531 3071; x_wconf 75' lang='lat' dir='ltr'>ayni</span> <span class='ocrx_word' id='word_1_230' title='bbox 2573 3000 2863 3057; x_wconf 82' lang='lat' dir='ltr'>lactentes</span> 
     </span>
     <span class='ocr_line' id='line_1_26' title="bbox 583 3101 2864 3182; baseline 0 -21"><span class='ocrx_word' id='word_1_231' title='bbox 583 3101 850 3180; x_wconf 80' lang='lat' dir='ltr'>UrsinuS,</span> <span class='ocrx_word' id='word_1_232' title='bbox 898 3118 1192 3162; x_wconf 90' lang='lat' dir='ltr'>mammae</span> <span class='ocrx_word' id='word_1_233' title='bbox 1238 3104 1395 3161; x_wconf 92' lang='lat' dir='ltr'>enim</span> <span class='ocrx_word' id='word_1_234' title='bbox 1431 3104 1659 3161; x_wconf 85' lang='lat' dir='ltr'>rumeis</span> <span class='ocrx_word' id='word_1_235' title='bbox 1704 3104 1828 3162; x_wconf 83' lang='lat' dir='ltr'>sive</span> <span class='ocrx_word' id='word_1_236' title='bbox 1865 3104 2125 3177; x_wconf 85' lang='lat' dir='ltr'>rumina,</span> <span class='ocrx_word' id='word_1_237' title='bbox 2165 3110 2241 3182; x_wconf 88' lang='lat' dir='ltr'>et,</span> <span class='ocrx_word' id='word_1_238' title='bbox 2281 3110 2349 3162; x_wconf 87' lang='lat' dir='ltr'>ut</span> <span class='ocrx_word' id='word_1_239' title='bbox 2384 3110 2526 3163; x_wconf 75' lang='lat' dir='ltr'>ante</span> <span class='ocrx_word' id='word_1_240' title='bbox 2564 3104 2864 3176; x_wconf 86' lang='lat' dir='ltr'>dicebant,</span> 
     </span>
     <span class='ocr_line' id='line_1_27' title="bbox 583 3208 2864 3290; baseline 0.001 -21"><span class='ocrx_word' id='word_1_241' title='bbox 583 3227 621 3269; x_wconf 91' lang='lat' dir='ltr'>a</span> <span class='ocrx_word' id='word_1_242' title='bbox 669 3212 832 3269; x_wconf 87' lang='lat' dir='ltr'>rumi</span> <span class='ocrx_word' id='word_1_243' title='bbox 875 3212 1053 3269; x_wconf 83' lang='lat' dir='ltr'>etiam</span> <span class='ocrx_word' id='word_1_244' title='bbox 1104 3211 1395 3268; x_wconf 85' lang='lat' dir='ltr'>dicuntur</span> <span class='ocrx_word' id='word_1_245' title='bbox 1429 3209 1709 3268; x_wconf 88' lang='lat' dir='ltr'>subrumi</span> <span class='ocrx_word' id='word_1_246' title='bbox 1752 3212 1903 3283; x_wconf 75' lang='lat' dir='ltr'>ayni</span> <span class='ocrx_word' id='word_1_247' title='bbox 1945 3213 2235 3271; x_wconf 82' lang='lat' dir='ltr'>lactentes</span> <span class='ocrx_word' id='word_1_248' title='bbox 2273 3208 2604 3271; x_wconf 89' lang='lat' dir='ltr'>Pontedera</span> <span class='ocrx_word' id='word_1_249' title='bbox 2643 3231 2699 3290; x_wconf 93' lang='lat' dir='ltr'>p.</span> <span class='ocrx_word' id='word_1_250' title='bbox 2719 3208 2864 3290; x_wconf 86' lang='lat'>445,</span> 
     </span>
     <span class='ocr_line' id='line_1_28' title="bbox 583 3318 2863 3392; baseline 0.002 -16"><span class='ocrx_word' id='word_1_251' title='bbox 583 3333 870 3376; x_wconf 79' lang='lat' dir='ltr'>mammas</span> <span class='ocrx_word' id='word_1_252' title='bbox 915 3318 1073 3376; x_wconf 86' lang='lat' dir='ltr'>enim</span> <span class='ocrx_word' id='word_1_253' title='bbox 1121 3318 1310 3375; x_wconf 83' lang='lat' dir='ltr'>rumis</span> <span class='ocrx_word' id='word_1_254' title='bbox 1354 3318 1479 3375; x_wconf 85' lang='lat' dir='ltr'>sive</span> <span class='ocrx_word' id='word_1_255' title='bbox 1525 3319 1770 3376; x_wconf 84' lang='lat' dir='ltr'>rumina</span> <span class='ocrx_word' id='word_1_256' title='bbox 1818 3323 1961 3377; x_wconf 79' lang='lat' dir='ltr'>ante</span> <span class='ocrx_word' id='word_1_257' title='bbox 2007 3319 2316 3392; x_wconf 81' lang='lat' dir='ltr'>dicebant,</span> <span class='ocrx_word' id='word_1_258' title='bbox 2364 3325 2423 3378; x_wconf 82' lang='lat' dir='ltr'>et</span> <span class='ocrx_word' id='word_1_259' title='bbox 2466 3320 2609 3379; x_wconf 91' lang='lat' dir='ltr'>inde</span> <span class='ocrx_word' id='word_1_260' title='bbox 2656 3321 2863 3380; x_wconf 86' lang='lat' dir='ltr'>dicun·</span> 
     </span>
     <span class='ocr_line' id='line_1_29' title="bbox 585 3420 2868 3505; baseline 0.001 -22"><span class='ocrx_word' id='word_1_261' title='bbox 585 3431 687 3483; x_wconf 87' lang='lat' dir='ltr'>tur</span> <span class='ocrx_word' id='word_1_262' title='bbox 733 3424 1008 3482; x_wconf 84' lang='lat' dir='ltr'>subrumi</span> <span class='ocrx_word' id='word_1_263' title='bbox 1052 3440 1178 3500; x_wconf 90' lang='lat' dir='ltr'>sqq.</span> <span class='ocrx_word' id='word_1_264' title='bbox 1226 3423 1482 3482; x_wconf 88' lang='lat' dir='ltr'>coniecit</span> <span class='ocrx_word' id='word_1_265' title='bbox 1531 3420 1957 3504; x_wconf 86' lang='lat' dir='ltr'>Schneiderus,</span> <span class='ocrx_word' id='word_1_266' title='bbox 2004 3440 2292 3484; x_wconf 84' lang='lat' dir='ltr'>mammas</span> <span class='ocrx_word' id='word_1_267' title='bbox 2350 3428 2508 3485; x_wconf 90' lang='lat' dir='ltr'>enim</span> <span class='ocrx_word' id='word_1_268' title='bbox 2554 3429 2773 3505; x_wconf 80' lang='lat' dir='ltr'>rumis,</span> <span class='ocrx_word' id='word_1_269' title='bbox 2814 3428 2868 3484; x_wconf 85' lang='lat' dir='ltr'>si</span> 
     </span>
     <span class='ocr_line' id='line_1_30' title="bbox 586 3531 2862 3616; baseline 0.001 -26"><span class='ocrx_word' id='word_1_270' title='bbox 586 3547 791 3591; x_wconf 85' lang='lat' dir='ltr'>verum</span> <span class='ocrx_word' id='word_1_271' title='bbox 847 3533 1088 3609; x_wconf 80' lang='lat' dir='ltr'>opinor,</span> <span class='ocrx_word' id='word_1_272' title='bbox 1135 3531 1373 3604; x_wconf 80' lang='lat' dir='ltr'>antiqui</span> <span class='ocrx_word' id='word_1_273' title='bbox 1426 3531 1710 3616; x_wconf 79' lang='lat' dir='ltr'>dicebant</span> <span class='ocrx_word' id='word_1_274' title='bbox 1721 3550 1745 3600; x_wconf 91' lang='lat'><em>;</em></span> <span class='ocrx_word' id='word_1_275' title='bbox 1803 3547 1842 3589; x_wconf 93' lang='lat' dir='ltr'>a</span> <span class='ocrx_word' id='word_1_276' title='bbox 1897 3533 2061 3590; x_wconf 87' lang='lat' dir='ltr'>rumi</span> <span class='ocrx_word' id='word_1_277' title='bbox 2113 3532 2332 3592; x_wconf 82' lang='lat' dir='ltr'>deinde</span> <span class='ocrx_word' id='word_1_278' title='bbox 2387 3535 2679 3592; x_wconf 85' lang='lat' dir='ltr'>dicuntur</span> <span class='ocrx_word' id='word_1_279' title='bbox 2733 3533 2862 3592; x_wconf 84' lang='lat' dir='ltr'>sub-</span> 
     </span>
     <span class='ocr_line' id='line_1_31' title="bbox 587 3634 2865 3717; baseline 0 -19"><span class='ocrx_word' id='word_1_280' title='bbox 587 3640 750 3698; x_wconf 87' lang='lat' dir='ltr'>rumi</span> <span class='ocrx_word' id='word_1_281' title='bbox 785 3640 934 3713; x_wconf 72' lang='lat' dir='ltr'>aqni</span> <span class='ocrx_word' id='word_1_282' title='bbox 968 3641 1258 3697; x_wconf 80' lang='lat' dir='ltr'>lactentes</span> <span class='ocrx_word' id='word_1_283' title='bbox 1296 3634 1571 3696; x_wconf 90' lang='lat' dir='ltr'>Reiterus</span> <span class='ocrx_word' id='word_1_284' title='bbox 1612 3645 1837 3714; x_wconf 91' lang='lat' dir='ltr'>quaest.</span> <span class='ocrx_word' id='word_1_285' title='bbox 1868 3635 2111 3697; x_wconf 92' lang='lat' dir='ltr'>Varron.</span> <span class='ocrx_word' id='word_1_286' title='bbox 2150 3656 2390 3716; x_wconf 88' lang='lat' dir='ltr'>gramm.</span> <span class='ocrx_word' id='word_1_287' title='bbox 2430 3658 2485 3717; x_wconf 93' lang='lat' dir='ltr'>p.</span> <span class='ocrx_word' id='word_1_288' title='bbox 2515 3635 2618 3699; x_wconf 86' lang='lat'>96.</span> <span class='ocrx_word' id='word_1_289' title='bbox 2681 3642 2865 3699; x_wconf 81' lang='lat' dir='ltr'>rumis</span> 
     </span>
     <span class='ocr_line' id='line_1_32' title="bbox 590 3733 2861 3825; baseline 0 -21"><span class='ocrx_word' id='word_1_290' title='bbox 590 3733 945 3804; x_wconf 90' lang='lat' dir='ltr'>nominativo</span> <span class='ocrx_word' id='word_1_291' title='bbox 993 3760 1131 3803; x_wconf 91' lang='lat' dir='ltr'>casu</span> <span class='ocrx_word' id='word_1_292' title='bbox 1182 3742 1329 3803; x_wconf 81' lang='lat' dir='ltr'>dixit</span> <span class='ocrx_word' id='word_1_293' title='bbox 1364 3741 1548 3802; x_wconf 86' lang='lat' dir='ltr'>Varro</span> <span class='ocrx_word' id='word_1_294' title='bbox 1597 3743 1670 3803; x_wconf 92' lang='lat' dir='ltr'>de</span> <span class='ocrx_word' id='word_1_295' title='bbox 1718 3743 1921 3803; x_wconf 90' lang='lat' dir='ltr'>eadem</span> <span class='ocrx_word' id='word_1_296' title='bbox 1970 3763 2034 3803; x_wconf 91' lang='lat' dir='ltr'>re</span> <span class='ocrx_word' id='word_1_297' title='bbox 2075 3744 2382 3824; x_wconf 88' lang='lat' dir='ltr'>disputans</span> <span class='ocrx_word' id='word_1_298' title='bbox 2420 3744 2469 3804; x_wconf 92' lang='lat' dir='ltr'>Il</span> <span class='ocrx_word' id='word_1_299' title='bbox 2505 3744 2560 3825; x_wconf 96' lang='grc'>1,</span> <span class='ocrx_word' id='word_1_300' title='bbox 2589 3743 2679 3807; x_wconf 91' lang='grc'>20</span> <span class='ocrx_word' id='word_1_301' title='bbox 2716 3750 2861 3807; x_wconf 87' lang='lat' dir='ltr'>anti-</span> 
     </span>
     <span class='ocr_line' id='line_1_33' title="bbox 588 3851 2863 3933; baseline -0 -21"><span class='ocrx_word' id='word_1_302' title='bbox 588 3869 705 3928; x_wconf 80' lang='lat' dir='ltr'>quo</span> <span class='ocrx_word' id='word_1_303' title='bbox 762 3854 918 3911; x_wconf 88' lang='lat' dir='ltr'>enim</span> <span class='ocrx_word' id='word_1_304' title='bbox 974 3852 1264 3911; x_wconf 85' lang='lat' dir='ltr'>vocabulo</span> <span class='ocrx_word' id='word_1_305' title='bbox 1320 3867 1577 3910; x_wconf 89' lang='lat' dir='ltr'>mamma</span> <span class='ocrx_word' id='word_1_306' title='bbox 1633 3854 1849 3930; x_wconf 74' lang='lat' dir='ltr'>rumiS,</span> <span class='ocrx_word' id='word_1_307' title='bbox 1897 3857 1964 3911; x_wconf 91' lang='lat' dir='ltr'>ut</span> <span class='ocrx_word' id='word_1_308' title='bbox 2018 3855 2258 3933; x_wconf 82' lang='lat' dir='ltr'>opinor,</span> <span class='ocrx_word' id='word_1_309' title='bbox 2313 3862 2374 3911; x_wconf 91' lang='lat' dir='ltr'>et</span> <span class='ocrx_word' id='word_1_310' title='bbox 2427 3852 2579 3931; x_wconf 91' lang='lat' dir='ltr'>apud</span> <span class='ocrx_word' id='word_1_311' title='bbox 2630 3851 2863 3913; x_wconf 91' lang='lat' dir='ltr'>Festum</span> 
     </span>
     <span class='ocr_line' id='line_1_34' title="bbox 589 3954 2862 4038; baseline -0 -20"><span class='ocrx_word' id='word_1_312' title='bbox 589 3978 642 4038; x_wconf 92' lang='lat' dir='ltr'>p.</span> <span class='ocrx_word' id='word_1_313' title='bbox 683 3954 830 4037; x_wconf 81' lang='lat'>270,</span> <span class='ocrx_word' id='word_1_314' title='bbox 868 3954 982 4036; x_wconf 83' lang='lat'>24,</span> <span class='ocrx_word' id='word_1_315' title='bbox 1032 3956 1134 4016; x_wconf 90' lang='lat' dir='ltr'>ubi</span> <span class='ocrx_word' id='word_1_316' title='bbox 1190 3959 1248 4016; x_wconf 91' lang='lat' dir='ltr'>in</span> <span class='ocrx_word' id='word_1_317' title='bbox 1307 3960 1602 4035; x_wconf 86' lang='lat' dir='ltr'>excerptis</span> <span class='ocrx_word' id='word_1_318' title='bbox 1649 3956 1813 4018; x_wconf 92' lang='lat' dir='ltr'>Pauli</span> <span class='ocrx_word' id='word_1_319' title='bbox 1859 3976 1914 4036; x_wconf 94' lang='lat' dir='ltr'>p.</span> <span class='ocrx_word' id='word_1_320' title='bbox 1955 3955 2105 4038; x_wconf 85' lang='grc'><strong>271,</strong></span> <span class='ocrx_word' id='word_1_321' title='bbox 2142 3955 2186 4018; x_wconf 99' lang='grc'><strong>4</strong></span> <span class='ocrx_word' id='word_1_322' title='bbox 2243 3960 2463 4036; x_wconf 89' lang='lat' dir='ltr'>scripta</span> <span class='ocrx_word' id='word_1_323' title='bbox 2520 3969 2663 4020; x_wconf 88' lang='lat' dir='ltr'>sunt</span> <span class='ocrx_word' id='word_1_324' title='bbox 2710 3959 2862 4031; x_wconf 91' lang='lat' dir='ltr'>haec,</span> 
     </span>
     <span class='ocr_line' id='line_1_35' title="bbox 589 4067 2863 4145; baseline -0.001 -20"><span class='ocrx_word' id='word_1_325' title='bbox 589 4082 846 4125; x_wconf 91' lang='lat' dir='ltr'>mamma</span> <span class='ocrx_word' id='word_1_326' title='bbox 893 4071 1093 4124; x_wconf 87' lang='lat' dir='ltr'>autem</span> <span class='ocrx_word' id='word_1_327' title='bbox 1142 4067 1331 4124; x_wconf 84' lang='lat' dir='ltr'>rumis</span> <span class='ocrx_word' id='word_1_328' title='bbox 1380 4067 1635 4145; x_wconf 78' lang='lat' dir='ltr'>dicitur,</span> <span class='ocrx_word' id='word_1_329' title='bbox 1684 4067 1844 4125; x_wconf 80' lang='lat' dir='ltr'>unde</span> <span class='ocrx_word' id='word_1_330' title='bbox 1898 4072 1956 4125; x_wconf 78' lang='lat' dir='ltr'>et</span> <span class='ocrx_word' id='word_1_331' title='bbox 2009 4068 2230 4126; x_wconf 82' lang='lat' dir='ltr'>rustici</span> <span class='ocrx_word' id='word_1_332' title='bbox 2286 4068 2593 4142; x_wconf 82' lang='lat' dir='ltr'>appellant</span> <span class='ocrx_word' id='word_1_333' title='bbox 2647 4067 2863 4126; x_wconf 81' lang='lat' dir='ltr'>haedos</span> 
     </span>
     <span class='ocr_line' id='line_1_36' title="bbox 588 4161 2861 4250; baseline -0.001 -18"><span class='ocrx_word' id='word_1_334' title='bbox 588 4174 929 4245; x_wconf 72' lang='lat' dir='ltr'>subrum03,</span> <span class='ocrx_word' id='word_1_335' title='bbox 985 4174 1094 4246; x_wconf 81' lang='lat' dir='ltr'>qui</span> <span class='ocrx_word' id='word_1_336' title='bbox 1147 4161 1350 4232; x_wconf 80' lang='lat' dir='ltr'>adhuc</span> <span class='ocrx_word' id='word_1_337' title='bbox 1407 4174 1515 4231; x_wconf 87' lang='lat' dir='ltr'>sub</span> <span class='ocrx_word' id='word_1_338' title='bbox 1563 4175 1834 4232; x_wconf 87' lang='lat' dir='ltr'>mammis</span> <span class='ocrx_word' id='word_1_339' title='bbox 1888 4173 2206 4232; x_wconf 78' lang='lat' dir='ltr'>habentur.</span> <span class='ocrx_word' id='word_1_340' title='bbox 2287 4189 2465 4231; x_wconf 86' lang='lat' dir='ltr'>ruma</span> <span class='ocrx_word' id='word_1_341' title='bbox 2512 4172 2670 4231; x_wconf 93' lang='lat' dir='ltr'>idem</span> <span class='ocrx_word' id='word_1_342' title='bbox 2718 4170 2861 4250; x_wconf 90' lang='lat' dir='ltr'>apud</span> 
     </span>
     <span class='ocr_line' id='line_1_37' title="bbox 591 4275 2862 4358; baseline 0.001 -21"><span class='ocrx_word' id='word_1_343' title='bbox 591 4277 845 4338; x_wconf 92' lang='lat' dir='ltr'>Nonium</span> <span class='ocrx_word' id='word_1_344' title='bbox 893 4298 947 4357; x_wconf 90' lang='lat' dir='ltr'>p.</span> <span class='ocrx_word' id='word_1_345' title='bbox 994 4275 1135 4358; x_wconf 82' lang='lat'>167,</span> <span class='ocrx_word' id='word_1_346' title='bbox 1173 4276 1258 4338; x_wconf 83' lang='lat'>24</span> <span class='ocrx_word' id='word_1_347' title='bbox 1314 4279 1573 4338; x_wconf 86' lang='lat' dir='ltr'>Rumam</span> <span class='ocrx_word' id='word_1_348' title='bbox 1631 4286 1861 4339; x_wconf 85' lang='lat' dir='ltr'>veteres</span> <span class='ocrx_word' id='word_1_349' title='bbox 1920 4296 2233 4338; x_wconf 86' lang='lat' dir='ltr'>mammam</span> <span class='ocrx_word' id='word_1_350' title='bbox 2296 4282 2615 4340; x_wconf 80' lang='lat' dir='ltr'>dixerunt:</span> <span class='ocrx_word' id='word_1_351' title='bbox 2678 4280 2862 4339; x_wconf 86' lang='lat' dir='ltr'>Varro</span> 
     </span>
     <span class='ocr_line' id='line_1_38' title="bbox 602 4380 2862 4461; baseline 0 -16"><span class='ocrx_word' id='word_1_352' title='bbox 602 4387 746 4447; x_wconf 79' lang='lat' dir='ltr'>Cato</span> <span class='ocrx_word' id='word_1_353' title='bbox 794 4388 889 4446; x_wconf 83' lang='lat' dir='ltr'>vel</span> <span class='ocrx_word' id='word_1_354' title='bbox 930 4388 1005 4445; x_wconf 85' lang='lat' dir='ltr'>de</span> <span class='ocrx_word' id='word_1_355' title='bbox 1050 4387 1258 4446; x_wconf 84' lang='lat' dir='ltr'>liberis</span> <span class='ocrx_word' id='word_1_356' title='bbox 1296 4389 1651 4460; x_wconf 73' lang='lat' dir='ltr'>educandiS,</span> <span class='ocrx_word' id='word_1_357' title='bbox 1689 4380 1886 4446; x_wconf 75' lang='lat' dir='ltr'>‘hisce</span> <span class='ocrx_word' id='word_1_358' title='bbox 1932 4388 2209 4446; x_wconf 86' lang='lat' dir='ltr'>manibus</span> <span class='ocrx_word' id='word_1_359' title='bbox 2246 4389 2405 4446; x_wconf 87' lang='lat' dir='ltr'>lacte</span> <span class='ocrx_word' id='word_1_360' title='bbox 2434 4389 2524 4461; x_wconf 76' lang='lat' dir='ltr'>fit,</span> <span class='ocrx_word' id='word_1_361' title='bbox 2562 4404 2681 4447; x_wconf 90' lang='lat' dir='ltr'>non</span> <span class='ocrx_word' id='word_1_362' title='bbox 2718 4389 2862 4459; x_wconf 84' lang='lat' dir='ltr'>vina,</span> 
     </span>
     <span class='ocr_line' id='line_1_39' title="bbox 603 4494 2860 4571; baseline 0 -19"><span class='ocrx_word' id='word_1_363' title='bbox 603 4494 874 4553; x_wconf 85' lang='lat' dir='ltr'>Cuninae</span> <span class='ocrx_word' id='word_1_364' title='bbox 913 4499 1167 4569; x_wconf 82' lang='lat' dir='ltr'>propter</span> <span class='ocrx_word' id='word_1_365' title='bbox 1213 4511 1434 4568; x_wconf 86' lang='lat' dir='ltr'>cunas,</span> <span class='ocrx_word' id='word_1_366' title='bbox 1479 4494 1781 4554; x_wconf 84' lang='lat' dir='ltr'>Ruminae</span> <span class='ocrx_word' id='word_1_367' title='bbox 1818 4498 2074 4570; x_wconf 84' lang='lat' dir='ltr'>propter</span> <span class='ocrx_word' id='word_1_368' title='bbox 2120 4509 2382 4571; x_wconf 89' lang='lat' dir='ltr'>rumam,</span> <span class='ocrx_word' id='word_1_369' title='bbox 2428 4494 2496 4552; x_wconf 84' lang='lat' dir='ltr'>id</span> <span class='ocrx_word' id='word_1_370' title='bbox 2538 4501 2628 4554; x_wconf 85' lang='lat' dir='ltr'>est</span> <span class='ocrx_word' id='word_1_371' title='bbox 2664 4496 2860 4570; x_wconf 82' lang='lat' dir='ltr'>prisco</span> 
     </span>
    </p>
   </div>
  </div>
 </body>
</html>
