3178 5185
595 372 724 435 226
1278 381 1660 438 COMMENT.
1699 383 1779 437 IN
1816 382 2192 437 VARRONIS

603 534 781 613 dedit,
830 534 1055 614 reliqua
1104 554 1173 595 ex
1222 535 1425 596 Aldina
1476 537 1736 597 editione
1786 538 2084 617 repetivit3
2143 554 2279 597 cum
2328 543 2387 597 et
2433 539 2618 597 oblita
2668 538 2883 597 tabulis

598 648 686 701 est
715 639 1034 703 GesneruS.
1083 649 1205 702 tam
1244 649 1302 704 et
1338 645 1523 704 oblita
1554 646 1775 705 tabulis
1795 647 1998 720 pictis,
2036 662 2149 704 nec
2186 646 2384 704 minus
2420 645 2612 719 siqnis
2641 651 2883 704 ornata:

591 766 673 807 an
711 765 844 808 mea
885 751 1200 824 vestiyium
1231 752 1338 810 ubi
1370 752 1451 810 sit
1478 754 1705 811 nullum
1736 751 1991 827 Lysippi
2020 757 2131 810 aut
2158 751 2457 826 Antiphili
2485 749 2879 810 Schneiderus

591 873 659 914 ex
725 858 1066 916 coniectura
1124 855 1490 916 Pontederae
1558 876 1615 935 p.
1653 854 1802 918 447.
1896 864 1961 916 at
2024 860 2086 917 in
2151 874 2286 917 mea
2349 859 2668 931 vestiyium
2731 859 2884 918 ubist

588 962 842 1038 Lysippi
885 970 994 1023 aut
1029 964 1363 1039 Antiphili?
1408 966 1520 1023 sed
1564 966 1789 1024 crebra
1836 962 2160 1041 Madvigius
2208 962 2436 1022 advers,
2478 982 2528 1021 v.
2570 961 2623 1021 11
2663 983 2717 1042 p.
2745 961 2877 1024 180.

589 1068 894 1148 archetypi
933 1071 1287 1147 scripturam
1332 1072 1402 1129 in.
1429 1069 1591 1130 hunc
1630 1069 1869 1131 modum
1910 1070 2234 1152 emendavi,
2271 1073 2677 1146 sumptuosior
2705 1089 2877 1146 quam

590 1192 790 1236 omnes
828 1179 1090 1236 omnium
1129 1179 1452 1237 universae
1488 1177 1836 1237 Reatinae?
1883 1184 1989 1237 tua
2028 1179 2185 1237 enim
2224 1178 2408 1237 oblita
2449 1179 2673 1237 tabulis
2703 1181 2878 1253 pictis

586 1301 701 1343 nec
746 1285 943 1342 minus
987 1285 1213 1358 siqnis;
1259 1290 1324 1342 at
1369 1300 1519 1357 mea,
1565 1286 1883 1358 vestiyium
1930 1285 2038 1343 ubi
2080 1286 2159 1343 sit
2206 1287 2433 1343 nullum
2481 1284 2731 1360 Lysippi
2774 1292 2877 1343 aut

587 1390 897 1468 Antiphili,
944 1395 1012 1448 at
1056 1391 1279 1450 erebra
1326 1393 1586 1450 sartoris
1634 1398 1693 1451 et
1730 1394 2015 1467 pastoris.
2092 1408 2225 1449 nam
2275 1391 2332 1449 in
2382 1390 2489 1449 hac
2539 1392 2708 1468 copia
2750 1383 2867 1450 ver-

588 1495 829 1576 borum,
877 1514 1077 1556 omnes
1124 1495 1386 1556 omnium
1433 1500 1759 1558 universae
1806 1498 2137 1572 Reatinae,
2183 1514 2300 1555 non
2350 1499 2531 1575 magis
2583 1497 2873 1557 offendere

593 1601 887 1662 debebant
935 1601 1211 1684 editoreS,
1251 1621 1427 1682 quam
1474 1605 1535 1663 in
1575 1602 1863 1664 brevitate
1916 1602 2168 1683 dicendi,
2206 1605 2391 1664 oblita
2440 1605 2662 1664 tabulis
2702 1607 2876 1680 pictis

591 1727 705 1769 nee
761 1711 959 1769 minus
1018 1712 1225 1784 siynis.
1322 1709 1449 1770 villa
1511 1710 1746 1789 publica
1805 1709 2021 1770 tabulis
2080 1712 2254 1788 pictis
2312 1717 2371 1770 et
2427 1711 2611 1788 signis
2668 1712 2875 1771 referta

588 1823 705 1897 est,
754 1826 959 1877 contra
1007 1816 1137 1876 Axii
1192 1815 1323 1876 villa
1381 1818 1459 1877 ita
1518 1818 1810 1877 instructa
1860 1825 1979 1897 est,
2028 1825 2093 1877 ut
2140 1816 2299 1877 nulla
2359 1818 2479 1876 sint
2533 1834 2873 1894 graecorum

588 1923 883 1982 artificum
941 1925 1212 2004 vestigia,
1260 1924 1361 1984 sed
1420 1924 1671 2003 plurima
1731 1925 2094 1985 rusticorum
2152 1924 2477 1984 hominum.
2570 1925 2877 2002 Antiphilu

594 2029 857 2108 Scaliger
904 2039 962 2091 et
1009 2029 1263 2092 Ursinus
1310 2030 1733 2110 probaverunt,
1781 2032 2080 2108 Antiphili
2123 2033 2352 2111 scripsi.
2429 2048 2564 2090 nam
2611 2049 2876 2109 graecam

588 2138 1064 2198 terminationem
1114 2139 1176 2198 in
1223 2139 1494 2216 genetivo
1543 2156 1572 2197 a
1622 2136 1885 2196 Varrone
1944 2136 2258 2197 admissam
2307 2155 2438 2197 esse
2501 2155 2619 2197 non
2667 2138 2876 2197 inveni.

586 2246 944 2304 nominativo
994 2244 1134 2306 casu
1182 2246 1242 2304 in
1290 2244 1612 2324 archetypo
1663 2245 1883 2323 scripta
1939 2252 2106 2304 erant
2148 2243 2323 2324 haec,
2370 2242 2395 2301 l
2439 2241 2493 2325 1,
2523 2240 2563 2305 8
2603 2245 2874 2304 Aristan·

584 2352 727 2411 dros
776 2357 835 2409 et
881 2350 1169 2431 Rhodios,
1219 2347 1275 2431 1,
1314 2346 1353 2410 9
1403 2352 1743 2427 Dionysias,
1792 2346 1852 2430 9,
1893 2348 1928 2410 7
1978 2351 2302 2430 Bithynos,
2347 2347 2453 2431 40,
2496 2349 2529 2411 1
2574 2352 2874 2428 physicos

582 2455 634 2515 11
673 2453 733 2537 5,
768 2453 812 2516 4
862 2458 1301 2533 Peloponnesos
1358 2466 1412 2517 et
1465 2458 1871 2534 Homoyyros,
1919 2456 1996 2516 Ill
2042 2455 2097 2537 1,
2136 2455 2176 2517 2
2233 2457 2496 2535 quqos',
2546 2458 2873 2517 accusativo

584 2562 635 2622 ΙΙ
675 2560 732 2637 6,
760 2560 813 2650 ,2
860 2563 1147 2645 Rhodon,
1195 2562 1275 2624 Ill
1318 2560 1419 2646 16,
1461 2561 1496 2624 7
1557 2565 1874 2645 Olympon,
1920 2566 2064 2624 item
2114 2562 2166 2623 ΙΙ
2203 2559 2264 2643 4,
2306 2560 2415 2644 1Ο;
2468 2560 2546 2624 17
2599 2566 2872 2636 choeron,

584 2666 643 2751 5,
681 2666 725 2731 4
774 2672 1041 2748 busyeon
1090 2681 1151 2732 et
1197 2674 1477 2746 halimon,
1526 2669 1696 2746 1111,
1728 2667 1768 2732 3
1817 2675 2230 2748 cataclysmon
2270 2680 2329 2731 et
2366 2669 2579 2749 plurali
2630 2689 2870 2731 numero

582 2775 608 2835 1
647 2773 750 2850 57,
791 2774 849 2838 2.
897 2776 922 2836 Ι
962 2774 1046 2838 63
1094 2781 1275 2852 sirus,
1323 2776 1404 2836 III
1448 2775 1545 2857 16,
1585 2776 1627 2840 3
1673 2782 2086 2854 melitturyoe;
2132 2780 2195 2838 in
2233 2787 2448 2838 neutro
2488 2796 2711 2855 genere
2751 2776 2869 2856 plu·

583 2885 732 2943 rima
771 2886 1067 2945 constanti
1106 2885 1228 2944 fere
1269 2903 1402 2966 usu,
1444 2892 1509 2945 ut
1545 2886 2034 2945 ornithoboseion
2072 2894 2131 2944 et
2168 2882 2303 2944 talia
2343 2892 2580 2962 praeter
2618 2903 2685 2943 ea
2728 2902 2868 2963 quac

581 2991 640 3050 in
702 3009 1077 3051 communem
1146 3009 1319 3051 usum
1386 2999 1624 3069 recepta
1691 2998 1886 3071 erant,
1946 2989 2026 3049 111
2063 2986 2122 3069 5,
2161 2986 2200 3050 9
2258 3007 2552 3069 museum,
2618 2987 2861 3071 1115,1

575 3101 959 3174 peristylum,
1018 3097 1094 3158 ib.
1141 3095 1215 3158 11
1277 3100 1623 3177 epistylum,
1679 3097 1783 3157 sed
1840 3097 1891 3156 II
1937 3097 2120 3177 praef.
2159 3094 2200 3155 2
2242 3099 2606 3173 peristylon,
2670 3105 2867 3157 contra

581 3202 659 3262 111
698 3200 757 3283 5,
792 3201 871 3264 17
912 3206 1439 3281 hemisphaerium,
1493 3201 1593 3285 10,
1630 3204 1661 3263 1
1713 3206 2100 3280 amphihium,
2146 3199 2242 3282 13,
2271 3200 2313 3264 2
2361 3204 2865 3279 therotrophium;

581 3311 724 3369 item
773 3308 824 3368 ΙΙ
868 3308 921 3390 1,
960 3308 1001 3371 2
1048 3312 1380 3371 historicon
1429 3319 1489 3371 et
1535 3308 1616 3369 111
1658 3307 1757 3391 16,
1797 3307 1837 3372 3
1885 3309 2227 3370 adverbium
2275 3311 2615 3370 historicos.

759 3415 924 3476 Cum
973 3415 1148 3479 uilla
1197 3435 1334 3477 non
1385 3419 1479 3477 sit
1526 3418 1679 3477 sine
1744 3417 1961 3477 fundo
2010 3415 2283 3495 magno]
2342 3416 2486 3476 Cum
2541 3420 2693 3478 uilla
2738 3417 2862 3495 Am,

578 3540 715 3584 eum
762 3527 868 3584 illa
914 3523 1247 3603 apographa
1295 3522 1605 3604 Italorum,
1665 3541 1801 3584 eum
1847 3531 1870 3582 ῖ
1918 3526 2022 3583 illa
2079 3523 2259 3582 editio
2306 3524 2587 3602 princeps
2645 3541 2675 3582 a
2723 3522 2857 3582 Poli-

578 3632 735 3689 tiano
803 3649 919 3690 non
985 3639 1268 3690 correcta.
1363 3648 1500 3691 cum
1564 3633 1714 3691 uilla
1781 3628 1970 3689 deleta
2046 3648 2084 3689 u
2152 3628 2345 3688 littera
2421 3631 2481 3689 in
2548 3629 2857 3708 archetypo

577 3735 758 3796 fuisse
791 3735 1039 3797 videtur.
1078 3754 1215 3798 eum
1244 3740 1386 3797 villa
1406 3736 1728 3818 IucunduS,
1749 3754 1927 3815 quem
1956 3734 2172 3814 reliqui
2201 3734 2460 3795 editores
2490 3738 2683 3796 secuti
2713 3744 2856 3796 suut.

576 3860 780 3903 verum
812 3861 945 3903 esse
976 3861 1112 3903 cum
1152 3847 1257 3904 illa
1287 3842 1538 3905 Ursinus
1571 3843 1730 3903 vidit.
1806 3850 2049 3921 apparet
2088 3843 2245 3901 enim
2284 3841 2355 3902 de
2387 3842 2517 3901 Axii
2554 3842 2684 3902 villa
2722 3842 2854 3901 haec

576 3948 710 4029 dici,
742 3968 858 4009 non
888 3949 961 4009 de
992 3952 1153 4010 omui
1185 3949 1332 4031 villa,
1363 3953 1530 4030 quasi
1562 3953 1689 4011 sine
1730 3968 1941 4028 magno
1974 3949 2155 4009 fundo
2187 3947 2317 4008 villa
2348 3966 2478 4008 esse
2509 3966 2629 4008 non
2660 3949 2850 4028 possit.

755 4053 789 4115 7
859 4055 1349 4135 Quadraginta
1404 4054 1736 4134 milibus]
1797 4058 2273 4131 Quadrinyentis
2328 4057 2568 4115 milibus
2615 4054 2850 4115 Ursinus

571 4161 632 4219 in
671 4158 834 4222 Varr.
873 4159 925 4218 ΙΙ
970 4159 1023 4239 1,
1056 4157 1139 4222 14
1188 4180 1255 4220 ex
1306 4161 1493 4222 Plinio
1535 4161 1660 4222 VIII
1704 4159 1826 4223 167
1876 4164 2115 4222 asinum
2171 4162 2379 4223 CCCC
2418 4164 2659 4222 milibus
2696 4178 2846 4222 num-

572 4284 730 4326 mum
778 4273 1034 4343 emptum
1091 4268 1156 4339 Q.
1204 4268 1365 4329 Axio
1410 4273 1688 4330 senatori
1731 4275 1951 4329 auctor
1996 4275 2084 4329 est
2130 4269 2213 4328 M.
2259 4268 2474 4343 Varro,
2521 4270 2695 4330 haud
2732 4268 2846 4327 scio

570 4391 653 4433 an
712 4376 974 4434 omnium
1022 4375 1225 4449 pretio
1291 4377 1645 4435 animalium
1709 4378 1883 4437 vict0.
1976 4375 2168 4433 errori
2232 4373 2431 4453 potius
2487 4372 2662 4433 Plinii
2724 4389 2843 4431 eum

572 4497 887 4539 numerum
939 4478 1317 4541 tribuendum
1368 4500 1498 4541 esse
1547 4482 1668 4542 dixi
1715 4481 1769 4541 II
1809 4480 1867 4562 8,
1905 4478 1962 4543 3.
