3178 5185
894 393 1153 448 RERVM
1191 393 1669 449 RVSTICARVM
1712 394 1846 449 LIB.
1885 395 1937 447 II
1979 393 2054 449 11
2495 388 2624 452 215

331 548 392 606 in
457 547 759 626 frequenti
826 550 956 608 eius
1019 549 1474 628 praepositionis
1530 567 1643 609 usu
1701 549 1852 627 apud
1912 547 2233 609 Varronem
2288 569 2406 610 non
2455 560 2620 632 suut3

232 702 234 704 .
332 673 529 733 neque
581 665 777 715 tamen
824 655 965 715 illud
1014 658 1074 715 in
1131 655 1240 715 hac
1299 654 1613 716 verborum
1673 657 2124 737 compositione,
2180 661 2314 718 loca
2364 666 2621 734 propter

332 769 394 822 et
430 763 754 838 pabulum,
802 781 832 822 a
879 761 1158 822 Varronis
1207 781 1479 822 sermone
1529 762 1763 822 videtur
1809 763 2065 823 alienum
2113 781 2260 825 esse.
2321 798 2384 807 -
2443 767 2620 825 lactis

331 870 569 929 duobus
616 872 848 945 conqiis
895 871 1131 929 addunt
1166 867 1487 948 IucunduS,
1525 871 1586 930 in
1626 873 1804 931 lactis
1842 871 2073 930 duobus
2112 873 2344 946 conqiis
2383 874 2619 931 addunt

330 975 528 1035 deleto
571 975 750 1035 verbo
791 979 867 1050 fit
902 973 1170 1057 UrsinuS‚
1208 979 1269 1036 in
1316 980 1494 1037 lactis
1540 979 1691 1038 duos
1737 981 1983 1053 conyios
2023 981 2256 1039 addunt
2294 975 2616 1038 Victorius:

327 1081 353 1141 1
394 1079 501 1164 57,
539 1081 580 1144 2
628 1101 766 1144 eum
812 1080 1048 1143 addant
1091 1086 1154 1144 in
1201 1086 1456 1144 circiter
1501 1087 1660 1145 mille
1705 1086 1967 1145 modium
2011 1087 2415 1159 quadrantal.-

511 1188 647 1250 Alii
694 1208 819 1268 pro
867 1189 1164 1267 coagulo
1214 1189 1479 1251 addunt
1527 1191 1609 1250 de
1658 1191 1785 1250 sici
1832 1209 2022 1250 ramo
2071 1190 2177 1251 lac
2226 1202 2294 1251 et
2339 1200 2614 1252 acetum

328 1305 727 1375 aspargunt
793 1299 961 1357 item
1027 1295 1188 1357 aliis
1264 1296 1550 1376 aliquod
1630 1296 1844 1357 rebus
1923 1297 2300 1377 quodquod
2376 1302 2615 1377 graeci

327 1403 696 1484 appellant
761 1403 852 1463 ali
916 1422 1098 1483 opon
1164 1403 1258 1464 ali
1322 1402 1660 1482 dracuau]
1723 1406 1874 1465 Item
1929 1409 2362 1482 aliisaliquot
2415 1383 2614 1480 rebuS,

328 1514 496 1586 quod
544 1512 772 1571 Graeci
816 1514 1120 1587 appellant
1166 1514 1280 1571 alii
1321 1529 1493 1587 opon,
1540 1514 1654 1571 alii
1696 1514 2012 1573 cirac-onon
2060 1511 2310 1594 Merula,
2359 1513 2460 1573 ubi
2507 1516 2620 1574 alii

328 1609 521 1696 ὀπόν,
570 1621 682 1678 alii
725 1608 1125 1693 δρακόντιον
1172 1617 1472 1678 iucundus
1519 1618 1705 1679 dedit.
1757 1622 1869 1680 alii
1913 1608 2112 1698 ὀπόν,
2161 1623 2272 1680 alii
2315 1612 2610 1699 δάκρυον

326 1723 642 1786 Victorius,
735 1726 1004 1786 ordinem
1080 1724 1394 1785 verborum
1469 1727 1530 1785 in
1606 1724 1764 1785 hunc
1838 1725 2075 1786 modum
2143 1728 2359 1786 mutari
2430 1725 2610 1787 voluit

330 1831 752 1914 SchneideruS,
789 1837 905 1914 lac,
950 1836 1114 1908 quod
1154 1834 1382 1893 Graeci
1416 1836 1724 1911 appellant
1760 1837 1873 1893 alii
1907 1823 2097 1910 ὀπόν,
2137 1836 2248 1894 alii
2292 1824 2609 1913 δάκρυον,

326 1946 385 1999 et
421 1946 678 2000 acetum.
753 1947 1089 2016 aspergunt
1125 1943 1263 2000 item
1301 1942 1439 2000 aliis
1477 1943 1709 2015 aliquot
1754 1942 1951 2000 rebuS.
2026 1957 2198 2000 omne
2237 1958 2424 2019 genus
2464 1942 2610 2022 suci,

329 2047 430 2123 qui
478 2065 550 2106 ex
598 2048 777 2106 ramis
823 2046 1102 2107 arborum
1160 2045 1251 2106 vel
1304 2046 1636 2125 plantarum
1696 2045 1910 2127 effluit,
1957 2037 2124 2107 ὀπόν
2173 2045 2262 2106 vel
2311 2039 2608 2126 δάκρυον

329 2152 446 2213 dici
508 2152 680 2213 docet
736 2153 1179 2232 Theophrastus
1234 2153 1370 2214 hist.
1416 2153 1599 2233 plant.
1648 2151 1770 2234 12,
1809 2152 1848 2215 3
1904 2145 1978 2215 τὸ
2038 2145 2160 2233 μὲν
2217 2138 2342 2213 οὖν
2396 2145 2607 2233 ὑγρὸν

326 2251 650 2342 φανερόν,
700 2249 734 2321 ὃ
785 2255 867 2340 δὴ
912 2258 1200 2322 καλοῦσί
1242 2266 1416 2333 τινες
1460 2250 1686 2333 ἁπλῶς
1732 2256 1804 2321 ἐν
1851 2253 2099 2321 ἅπασιν
2147 2251 2338 2338 ὀπόν,
2388 2253 2607 2339 ὥσπερ

323 2361 432 2427 καὶ
488 2361 878 2446 Μενέστωρ,
939 2363 1007 2427 οί
1060 2356 1123 2426 δ’
1175 2362 1247 2428 ἐν
1302 2359 1425 2446 μὲν
1480 2374 1622 2440 τοῖς
1676 2358 1904 2440 ἄλλοις
1958 2357 2355 2446 ἀνωνύμως,
2404 2362 2475 2427 ἐν
2535 2363 2613 2428 δέ

324 2487 503 2534 τισιν
542 2464 712 2534 ὀπὸν
748 2467 859 2534 καὶ
896 2469 967 2535 ἐν
1015 2464 1242 2547 ἄλλοις
1288 2466 1609 2554 δάκρυον,
1647 2483 1706 2535 et
1752 2475 1825 2534 de
1865 2493 2022 2535 caus,
2060 2474 2239 2554 plant.
2271 2473 2342 2532 VI
2383 2472 2483 2555 11,
2526 2471 2606 2535 16

328 2577 606 2643 καλοῦσι
656 2573 730 2643 δὲ
764 2571 845 2643 τὰ
884 2572 1005 2662 μὲν
1044 2573 1271 2660 ὀπούς,
1309 2572 1388 2643 τὰ
1428 2574 1501 2643 δὲ
1539 2576 1813 2662 δάκρυα.
1887 2574 2275 2662 κοινότερον
2314 2574 2387 2644 δὲ
2426 2572 2608 2662 ὀπός,

329 2681 630 2768 διαφέρει
695 2681 768 2750 δὲ
834 2690 990 2762 ἴσως
1046 2680 1281 2768 οὐδέν,
1336 2683 1478 2751 ἐπεὶ
1528 2682 1605 2751 τό
1662 2710 1735 2768 γε
1792 2684 2183 2751 κοινότατον
2241 2682 2611 2770 ἀνωνύμως

326 2791 688 2875 λεγόμενον
743 2785 784 2875 ἡ
842 2786 1129 2876 ὑγρότης
1185 2786 1225 2875 ἡ
1286 2794 1493 2857 οἰκεία
1550 2786 1707 2857 καθ’
1759 2791 2036 2858 ἕκαστον
2091 2791 2291 2869 πέψιν
2349 2795 2607 2877 ἔχουσα.

326 2922 395 2963 ex
464 2902 555 2962 his
620 2902 938 2981 generibus
1004 2905 1132 2963 suci
1188 2906 1435 2963 maxime
1497 2903 1641 2964 illud
1703 2904 1859 2983 quod
1922 2903 1993 2963 de
2055 2905 2164 2964 fico
2226 2906 2481 2964 sumitur
2536 2903 2603 2963 ad

326 3008 753 3087 coagulandum
802 3009 890 3070 lac
940 3009 1082 3071 utile
1129 3029 1259 3070 esse
1308 3013 1388 3071 ait
1433 3011 1587 3071 idem
1637 3011 1708 3071 de
1757 3029 1915 3072 caus,
1960 3010 2202 3090 planti
2250 3007 2344 3091 16,
2384 3007 2419 3069 7
2468 3009 2606 3070 καί-

324 3136 427 3178 τοι
476 3136 548 3195 γε
594 3114 710 3195 τῆς
754 3114 889 3179 τῶν
937 3107 1202 3198 ἡμέρων
1257 3109 1668 3197 θερμότητος
1723 3114 1935 3179 ἐκεῖνο
1992 3113 2261 3198 φέρεται
2309 3124 2606 3196 σημεῖον,

328 3214 366 3303 ἡ
416 3221 553 3285 τῶν
604 3215 787 3285 ὀπῶν
836 3216 1134 3303 δύναμις.
1208 3214 1242 3285 ὁ
1283 3216 1404 3302 μὲν
1443 3217 1570 3304 γὰρ
1609 3222 1724 3305 τῆς
1771 3223 1975 3306 συκῆς
2018 3217 2090 3285 τὸ
2141 3216 2310 3303 γάλα
2356 3217 2605 3305 πήγνυ-

326 3344 456 3409 σιν,
506 3321 543 3392 ὁ
592 3323 664 3391 δὲ
710 3336 832 3391 τοῦ
882 3326 1141 3410 ἐρινεοῦ
1191 3326 1271 3392 οὐ
1315 3323 1653 3411 πήγνυσιν
1698 3321 1739 3411 ἢ
1787 3330 2016 3405 κακῶς.
2090 3331 2241 3410 apud
2286 3319 2606 3391 Varronem

326 3447 524 3499 autem
581 3456 731 3517 quae
789 3438 862 3498 de
928 3440 1157 3516 graecis
1218 3437 1517 3498 vocabulis
1573 3441 1794 3517 scripta
1849 3448 2014 3518 sunt,
2072 3437 2478 3516 neglegentius
2535 3437 2603 3497 ad

328 3543 655 3626 coagulum,
704 3546 801 3604 cui
848 3563 949 3605 eae
999 3563 1096 3604 res
1134 3546 1483 3626 inserviunt,
1530 3544 1711 3604 relata
1761 3553 1818 3604 et
1865 3546 1924 3603 in
1973 3544 2087 3604 fine
2137 3546 2462 3604 sententiae
2510 3543 2607 3603 ad·

326 3652 443 3714 dita
492 3661 651 3733 sunt,
697 3651 771 3711 de
818 3670 935 3730 quo
984 3652 1102 3711 dixi
1150 3651 1175 3710 Ι
1217 3647 1316 3731 13,
1355 3648 1413 3711 2.

503 3755 545 3820 5
609 3759 754 3819 Non
833 3760 1143 3837 negarim
1219 3761 1500 3837 inquam
1558 3757 1716 3817 ideo
1782 3767 1951 3836 aput
2014 3757 2220 3818 diuae
2288 3759 2605 3816 rumniae

326 3864 710 3927 saccellum
785 3883 817 3923 a
890 3863 1307 3942 pastoribus
1382 3873 1602 3924 satam
1677 3864 1893 3924 ficum
1958 3863 2058 3924 ibi
2124 3866 2304 3923 enim
2373 3863 2608 3923 solent

327 3972 738 4034 sacrificari
812 3970 996 4031 lacte
1062 3990 1187 4051 pro
1258 3973 1423 4031 uino
1490 3980 1561 4031 et
1624 3990 1750 4050 pro
1815 3968 2284 4046 lactentibus]
2348 3971 2608 4031 Rumiae

323 4084 609 4142 sacellum
657 4088 716 4139 et
753 4078 963 4139 deinde
1012 4082 1378 4153 sacrificare
1415 4078 1657 4159 Merula,
1696 4080 1999 4139 Ruminae
2035 4081 2323 4138 sacellum
2363 4076 2605 4137 Schnei-

325 4188 520 4268 deruS‚
566 4189 924 4260 sacrificari
967 4204 1036 4245 ex
1077 4187 1279 4247 codice
1319 4184 1613 4247 Victorius
1662 4179 1975 4246 restituit.'
2004 4189 2163 4245 lacte
2202 4202 2320 4261 pro
2358 4187 2495 4245 vino
2544 4192 2604 4245 et
2670 4267 2673 4268 ⁷

315 4313 432 4371 pro
480 4295 822 4355 bidentibus
868 4294 1230 4355 lactentibus
1277 4292 1528 4354 Ursinus
1576 4292 1685 4353 hac
1733 4291 1926 4351 addita
1974 4290 2390 4372 explicatione,
2438 4285 2607 4351 ‘uam

327 4401 451 4462 aliis
500 4401 612 4461 diis
670 4399 881 4460 hostiis
938 4398 1278 4460 bidentibus
1336 4409 1393 4460 et
1443 4397 1583 4460 'vino
1641 4397 1909 4458 litabant:
1957 4395 2204 4456 Rumiae
2263 4415 2400 4457 vero
2458 4396 2607 4459 lacte

331 4519 388 4569 et
433 4508 645 4568 hostiis
693 4501 1091 4567 lactentibus’.
1164 4510 1323 4569 laete
1350 4524 1470 4585 pro
1508 4509 1645 4567 vino
1684 4507 2045 4567 lactentibus
2084 4503 2401 4583 Gesnerus,
2449 4505 2605 4584 quod
