3178 5185
855 365 1115 419 RERVM
1152 364 1634 420 RVSTICARVM
1671 365 1806 419 LIB.
1844 367 1924 419 111
1967 365 2044 421 16
2461 359 2585 422 301

303 525 587 594 pestate
634 516 814 578 bona
863 520 1107 580 cinere
1157 521 1342 580 sacta
1386 539 1417 580 e
1469 520 1812 582 ficulneis
1859 520 2077 599 lignis
2126 519 2594 592 infriandum]

304 624 376 684 In
434 631 589 685 tecto
645 628 775 687 Ioco
832 644 910 687 ac
965 629 1164 703 tepido
1215 644 1415 703 prono
1476 630 1562 687 ad
1620 631 1933 690 meridiem
1992 637 2050 688 et
2114 626 2324 687 deinde
2387 631 2598 689 cinere

294 729 466 805 facto
512 730 754 812 Merula,
802 735 863 792 in
911 739 1066 794 tecto
1113 738 1244 794 loco
1291 752 1369 794 ac
1416 737 1617 811 tepido
1667 753 1866 812 prono
1913 737 2001 794 ad
2054 736 2366 796 meridiem
2412 752 2596 808 quam

300 840 563 898 maxime
608 844 955 916 tempestate
1002 842 1184 914 bona,
1236 848 1294 901 et
1340 858 1445 901 vas
1493 844 1686 917 ipsum
1733 845 1941 903 cinere
1999 840 2182 916 facto
2227 860 2261 902 e
2314 845 2596 914 ficulneis

300 947 481 1019 liynis
519 941 935 1020 infricandum
974 945 1293 1007 IucunduS.
1370 946 1676 1028 archetypi
1715 950 2013 1027 scriptura
2051 966 2081 1007 a
2121 947 2380 1008 Victorio
2420 950 2593 1009 resti·

303 1057 458 1131 tuta,
507 1050 608 1110 scd
668 1058 727 1112 et
783 1053 911 1130 ipso
961 1054 1167 1127 invito,
1219 1062 1283 1114 ut
1331 1052 1592 1133 videtur,
1639 1072 1710 1114 ex
1758 1054 1963 1115 Aldina
2013 1054 2271 1115 editione
2320 1040 2611 1116 relictum

299 1164 418 1238 est,
465 1165 523 1219 et
568 1162 779 1220 cinere
826 1158 1025 1239 facte,
1074 1160 1231 1237 quod
1290 1160 1482 1221 fraudi
1544 1161 1657 1221 fuit
1701 1163 1802 1243 iis,
1851 1164 1951 1240 qui
2000 1169 2202 1240 postea
2250 1170 2592 1241 corruptam

299 1267 657 1343 scripturam
704 1265 1018 1327 emendare
1059 1266 1436 1327 studuerunt.
1506 1271 1883 1345 promendae
1920 1287 2102 1344 quam
2147 1272 2412 1330 maxime
2452 1269 2589 1328 Sca·

300 1370 471 1450 liger,
523 1375 1039 1448 promendumque
1094 1377 1361 1435 maxime
1417 1373 1507 1434 vel
1556 1378 2075 1453 promendumque
2129 1395 2271 1437 vere
2330 1379 2595 1436 maxime

301 1477 580 1559 Ursinus,
637 1483 1131 1556 promendaeque
1190 1483 1333 1542 inde
1386 1499 1568 1556 quam
1615 1486 1879 1544 maxime
1926 1481 2255 1562 Gesneru3‚
2314 1499 2595 1559 promen·

302 1587 441 1646 dum
489 1588 709 1646 deinde
754 1605 935 1663 quam
981 1590 1247 1649 maxime
1293 1587 1715 1650 Schneiderns.
1791 1609 1910 1650 non
1958 1597 2121 1650 recte
2170 1598 2367 1650 autem
2414 1591 2594 1649 inter-

299 1700 500 1770 pretes
550 1692 664 1754 huc
711 1693 1075 1755 rettulerunt
1121 1713 1189 1755 ea
1229 1713 1377 1774 quae
1418 1694 1489 1755 de
1539 1695 1748 1776 apibus
1795 1696 1988 1757 hieme
2039 1695 2414 1774 torpentibus
2456 1713 2591 1756 vere

301 1801 670 1861 resuscitatis
737 1808 977 1860 auctore
1044 1800 1272 1880 Hygino
1338 1800 1490 1881 apud
1560 1801 1942 1863 Columellam
2009 1801 2087 1862 IX
2130 1801 2231 1877 13,
2267 1799 2313 1863 4
2378 1803 2600 1881 scripta

302 1913 466 1986 sunt,
522 1909 815 1981 siquidem
864 1910 1187 1983 praecepit
1254 1910 1459 1983 apium
1505 1926 1799 1989 corpora,
1845 1926 2028 1984 quae,
2076 1926 2214 1970 cum
2262 1912 2392 1969 eius
2438 1911 2602 1969 modi

291 2017 483 2090 pestis
523 2015 784 2089 incessit,
820 2014 930 2072 sub
963 2011 1126 2088 favis
1175 2017 1510 2074 acervatim
1556 2022 1772 2076 enecta
1809 2018 2226 2091 reperiuntur,
2262 2018 2427 2077 sicco
2465 2019 2596 2077 loco

291 2138 411 2196 per
456 2120 708 2179 hiemem
746 2122 1016 2194 reposita
1055 2121 1231 2180 circa
1278 2122 1728 2194 aequinoctium
1769 2138 2043 2223 gernum,
2091 2139 2227 2183 cum
2275 2125 2593 2183 clementia

301 2228 426 2285 diei
468 2227 767 2299 suaserit,
804 2232 947 2301 post
990 2228 1202 2287 horam
1250 2229 1492 2287 tertiam
1540 2229 1602 2286 in
1648 2230 1830 2287 solem
1884 2227 2176 2304 proferre
2216 2231 2602 2303 ficulneoque

307 2335 518 2393 cinere
564 2333 841 2412 obruere,
881 2339 940 2391 et
978 2331 1218 2392 brevius
1257 2331 1409 2411 apud
1450 2331 1707 2393 Plinium
1747 2332 1826 2393 XI
1865 2330 1961 2395 69-
1989 2341 2129 2395 sunt
2165 2337 2273 2410 qui
2306 2341 2594 2409 mortuas,

302 2441 359 2498 si
402 2442 569 2499 intra
617 2444 839 2499 tectum
884 2441 1078 2500 hieme
1120 2446 1473 2520 serventur,
1520 2441 1662 2501 dein
1706 2444 1830 2501 sole
1859 2439 2071 2502 'verno
2120 2447 2476 2502 torreantur
2522 2459 2600 2501 ac

295 2548 560 2620 ficulneo
617 2549 826 2608 cinere
882 2551 1003 2607 toto
1061 2548 1160 2607 die
1209 2544 1565 2621 foveantur,
1607 2553 1825 2623 putent
1870 2550 2262 2610 revivescere.
2356 2555 2600 2627 apparet

308 2654 468 2713 enim
515 2671 654 2731 apes
701 2652 992 2714 imbribus
1043 2669 1392 2734 oppressaS,
1440 2653 1511 2714 de
1569 2653 1789 2732 quibus
1845 2654 1987 2715 haec
2036 2674 2067 2715 a
2115 2646 2374 2715 Varrone
2433 2673 2600 2734 prae-

304 2761 626 2839 cipiuntur,
674 2778 791 2821 non
840 2760 901 2820 in
948 2759 1190 2838 longum
1238 2770 1473 2839 tempus
1520 2760 1920 2842 reponendaS,
1967 2760 2070 2821 sed
2131 2779 2265 2821 mox
2336 2764 2602 2822 refoven-

302 2866 405 2927 das
470 2885 619 2927 esse.
709 2868 910 2946 itaque
977 2868 1190 2945 scripsi
1255 2869 1667 2942 reponendum
1716 2870 1778 2927 in
1826 2874 1981 2928 tecto
2039 2871 2170 2928 loco
2246 2886 2322 2929 ac
2382 2871 2601 2947 tepida,

294 2976 579 3050 proximo
627 2975 726 3034 die
771 2990 952 3047 quam
999 2976 1264 3033 maxime
1309 2980 1659 3050 tempestate
1706 2975 1864 3034 bona
1903 2976 2114 3034 cinere
2145 2972 2319 3049 facto
2358 2993 2392 3035 e
2422 2977 2599 3047 licul-

303 3083 433 3141 neis
488 3083 669 3155 liqnis
729 3078 1126 3155 infriandum.
1211 3079 1421 3155 friare
1475 3087 1785 3158 praeterea
1845 3079 1937 3140 bis
1995 3082 2285 3159 scriptum
2352 3088 2479 3141 erat
2540 3082 2601 3140 in

304 3186 648 3266 archetypo,
690 3185 715 3243 1
753 3182 812 3266 9,
848 3183 882 3245 7
925 3186 1177 3262 frietur,
1223 3182 1327 3267 57,
1379 3185 1409 3247 1
1453 3187 1709 3263 adfriat,
1758 3186 1859 3248 sed
1899 3186 1978 3248 111
2017 3183 2077 3267 9,
2111 3184 2192 3248 12
2234 3187 2603 3264 perfricant,

312 3290 412 3373 16,
449 3289 535 3354 22
574 3291 1005 3369 perfricanda.

483 3398 1061 3461 Concutiendum
1108 3399 1379 3461 leuiter
1425 3402 1582 3479 ipso
1631 3418 1801 3461 uaso
1864 3406 1940 3461 ut
1995 3418 2199 3460 manu
2259 3418 2394 3460 non
2453 3408 2602 3470 tan·

305 3524 427 3584 gas
494 3515 563 3567 et
627 3506 997 3585 ponendae
1061 3509 1131 3567 in
1200 3506 1373 3583 sole]
1425 3508 1631 3584 Ipsum
1687 3525 1801 3568 uas
1855 3525 1941 3587 m,
1998 3506 2156 3585 quod
2216 3508 2278 3567 in
2322 3507 2604 3568 vAldinam

308 3612 628 3674 editionem
677 3622 1006 3694 receptum,
1043 3613 1149 3674 sed
1196 3615 1301 3691 sic,
1343 3621 1407 3674 ut
1455 3632 1637 3709 supra
1675 3616 1981 3693 scriptum,
2020 3615 2448 3692 transpositum
2485 3609 2598 3694 est,

306 3724 366 3778 et
409 3737 516 3779 vas
563 3722 755 3794 ipsum
803 3723 1011 3782 cinere
1058 3739 1186 3798 sqq.
1233 3719 1370 3779 inde
1418 3722 1479 3779 in
1527 3728 1733 3798 postea
1781 3719 1956 3781 editis
2004 3719 2438 3799 exemplaribus
2486 3720 2599 3780 boc

307 3822 436 3883 loco
484 3827 611 3900 ipso
658 3842 801 3885 vaso
848 3827 1134 3887 omissum
1199 3833 1342 3887 erat.
1435 3829 1903 3887 concutiendum
1957 3829 2169 3887 leviter
2225 3828 2388 3902 ipsas
2444 3845 2602 3901 vase,

310 3936 377 3991 ut
420 3948 604 3991 manu
652 3949 773 3992 non
820 3939 1072 4012 tanyas.
1111 3939 1170 3993 et
1201 3934 1556 4019 ‘ponendum
1605 3936 1666 3993 in
1725 3936 1849 3993 sole
1894 3931 2223 4016 Pontedera
2274 3951 2326 4011 p.
2365 3929 2492 3992 461
2544 3942 2604 3992 et

307 4036 726 4097 SchneideruS.
802 4056 943 4117 apes
990 4040 1051 4099 in
1099 4040 1229 4117 ipso
1269 4055 1425 4120 νεεο,
1464 4040 1544 4099 ita
1593 4047 1659 4099 ut
1708 4056 1884 4099 manu
1933 4057 2051 4099 non
2093 4048 2426 4117 tangantur,
2466 4055 2604 4097 con-

305 4143 615 4204 cutiendae
664 4153 821 4204 sunt.

485 4247 569 4311 38
637 4252 1053 4312 Reuiuescunt
1098 4252 1320 4329 optima
1367 4251 1734 4332 apographa,
1780 4252 2163 4311 reuiuiscunt
2215 4250 2274 4307 in
2334 4249 2601 4326 principe

308 4356 566 4418 editione
624 4357 949 4418 Politianus
1016 4376 1135 4418 non
1197 4360 1475 4419 correxit.
1568 4360 1915 4444 delitiscant
1977 4358 2039 4416 in
2106 4354 2425 4433 archetypo
2492 4356 2605 4415 suit

308 4462 387 4522 ΙΙΙ
431 4461 530 4538 12,
569 4461 627 4524 3.
