3178 5185
597 392 727 456 226
1580 395 1952 451 VARRONIS

494 557 567 618 lv
782 558 895 619 Sed
963 563 1097 639 quis
1164 580 1193 620 e
1256 569 1434 640 portu
1489 569 1625 641 post
1679 562 1881 622 Italico
1939 562 2138 641 prodit
2193 581 2259 622 ac
2317 563 2388 622 de
2447 563 2622 623 suillo
2679 582 2904 642 pecore

597 663 878 743 expedit?
970 670 1204 728 tametsi
1253 668 1517 729 Scrofam
1576 671 1952 747 potissimum
2009 670 2081 729 de
2142 688 2208 729 ea
2255 688 2320 729 re
2370 670 2570 731 dicere
2618 680 2904 749 oportere

597 790 924 850 cognomen
964 778 1092 835 eius
1132 777 1440 854 significat.
1526 776 1634 836 Cui
1675 776 2381 857 Tremellius,-1gnorare,
2419 779 2634 857 inquit,
2674 779 2904 859 videre,

595 897 703 939 cur
759 881 1021 961 appeller
1069 882 1292 943 Scrofa.
1385 885 1584 962 itaque
1639 893 1706 944 ut
1753 887 1929 945 etiam
1977 884 2038 942 hi
2084 891 2329 962 propter
2379 891 2435 944 te
2485 887 2701 965 sciant,
2762 904 2903 964 cog-

595 1004 773 1047 nosce
822 1007 1012 1050 meam
1060 998 1297 1069 gentem
1346 991 1582 1051 suillum
1632 1009 1959 1070 cognomen
2008 1010 2126 1051 non
2174 990 2411 1069 habere,
2460 1010 2569 1052 nec
2617 1011 2712 1052 me
2762 1011 2902 1053 esse
2959 1013 2984 1051 5

592 1092 664 1153 ab
721 1093 981 1156 Eumaeo
1047 1107 1263 1159 ortum.
1363 1117 1506 1158 avus
1573 1117 1742 1158 meus
1808 1100 2066 1177 primum
2134 1097 2463 1176 appellatus
2520 1108 2612 1159 est
2671 1098 2904 1180 Scrofa,

592 1202 696 1277 qui
761 1212 1042 1280 quaestor
1108 1224 1242 1265 cum
1310 1213 1470 1266 esset
1524 1205 1752 1266 Licinio
1810 1204 2037 1265 Nervae
2106 1193 2367 1283 praetori
2433 1207 2494 1264 in
2551 1204 2902 1266 Macedonia

591 1309 895 1384 provincia
963 1311 1210 1372 relictus
1272 1311 1513 1393 [esset],
1578 1315 1680 1392 qui
1746 1319 2017 1391 praesset
2073 1314 2390 1392 exercitui,
2435 1312 2599 1377 ‚dum
2655 1322 2905 1391 praetor

590 1414 831 1495 rediret,
881 1416 1101 1499 hosteS,
1149 1420 1419 1481 arbitrati
1458 1422 1831 1481 occasionem
1872 1439 1935 1479 se
1973 1418 2193 1480 habere
2234 1421 2532 1500 victoriae,
2572 1422 2904 1499 inpressio-

539 1519 576 1579 2
605 1539 740 1582 nem
788 1522 982 1583 facere
1029 1538 1357 1607 coeperunt
1400 1531 1460 1589 in
1510 1535 1718 1588 castra.
1809 1545 1973 1608 avoS,
2029 1545 2165 1586 cum
2213 1526 2628 1587 cohortaretur
2678 1527 2908 1588 milites
2936 1548 2985 1586 ιο

588 1639 654 1690 ut
713 1642 993 1710 caperent
1049 1654 1207 1695 arma
1265 1643 1442 1715 atque
1500 1638 1734 1696 exirent
1791 1642 2023 1714 contra,
2083 1634 2230 1693 dixit
2285 1633 2564 1693 celeriter
2620 1652 2685 1693 se
2743 1633 2906 1715 illos,

589 1746 656 1798 ut
714 1742 906 1800 scrofa
963 1760 1203 1824 porcos,
1270 1743 1691 1823 disiecturum‚
1757 1743 1814 1802 id
1873 1741 2030 1821 quod
2087 1741 2243 1801 fecit.
2346 1759 2479 1800 nam
2538 1759 2608 1800 eo
2667 1740 2903 1820 proelio

589 1844 791 1905 hostes
852 1850 930 1908 ita
989 1849 1143 1909 fudit
1199 1869 1265 1910 ac
1324 1850 1572 1930 fugavit,
1641 1858 1706 1910 ut
1763 1834 1833 1909 eo
1890 1848 2077 1907 Nerva
2141 1855 2379 1926 praetor
2436 1849 2763 1925 imperator
2820 1851 2904 1908 sit

588 1934 941 2035 appellatuS,
1001 1975 1142 2017 avus
1192 1976 1521 2036 cognomen
1569 1958 1863 2016 invenerit
1910 1963 1977 2015 ut
2025 1955 2326 2015 diceretur
2376 1953 2598 2014 Scrofa.
2694 1957 2903 2034 itaque

589 2077 839 2137 proavos
887 2081 954 2122 ac
1004 2066 1346 2141 superiores
1395 2065 1466 2124 de
1515 2063 1851 2123 Tremelliis
1900 2081 2071 2122 nemo
2121 2062 2447 2140 appellatus
2497 2061 2734 2142 Scrofa,
2786 2081 2900 2122 nec
2932 2078 2980 2119 15

589 2168 784 2227 minus
853 2172 1143 2248 septimus
1209 2190 1339 2230 sum
1408 2171 1688 2248 deinceps
1745 2173 2079 2249 praetorius
2126 2171 2188 2228 in
2244 2177 2419 2248 gente
2467 2176 2688 2228 nostra.
2787 2188 2900 2229 nec

539 2271 796 2338 3tamen
844 2257 1080 2356 defugio
1129 2280 1270 2356 quin
1321 2278 1509 2338 dicam
1559 2296 1709 2357 quae
1758 2279 1880 2337 scio
1920 2277 1991 2336 de
2031 2276 2202 2337 suillo
2240 2295 2473 2354 pecore.
2566 2277 2695 2354 agri
2736 2278 2900 2335 enim

733 2614 760 2662 1
803 2607 912 2663 Sed
951 2610 1073 2678 quis
1113 2627 1143 2664 e
1175 2613 1227 2664 A
1259 2610 1369 2665 Sed
1408 2611 1506 2681 qui
1544 2628 1603 2665 se
1646 2611 1771 2665 VB.
1849 2611 1931 2666 De
1968 2611 2159 2666 suibus
2195 2612 2259 2665 in
2294 2612 2543 2680 marqirae
2578 2611 2814 2665 rubrica
2842 2611 2898 2664 A

764 2715 997 2767 peccore
1050 2701 1104 2754 A
1286 2707 1318 2755 2
1377 2701 1606 2770 expedit
1652 2702 1770 2756 AB
1819 2701 2033 2771 expetit
2090 2702 2141 2754 V
2317 2707 2352 2775 3
2407 2715 2713 2769 cognomen
2771 2700 2896 2754 eius

587 2820 867 2890 significat
923 2823 1033 2880 VB
1091 2831 1357 2894 cognome
1409 2802 1480 2831 em
1526 2825 1834 2895 significat,
1880 2826 1973 2880 sed
2020 2843 2108 2880 em
2144 2826 2375 2880 deletum
2409 2826 2463 2879 A
2504 2840 2642 2879 corr.
2683 2840 2895 2893 cogno-

585 2914 837 2966 mentum
910 2911 1191 2983 significat
1244 2915 1327 2968 A²
1391 2931 1703 2984 cognomen
1767 2913 2046 2984 significat
2111 2933 2206 2969 mv
2422 2913 2734 2968 tremellins
2793 2931 2894 2967 mv

585 3000 874 3055 trebellius
927 3003 1106 3057 PAB
1285 3003 1470 3073 inquit
1513 3003 1640 3057 VB·
1671 3002 1869 3073 inquid
1906 3004 1962 3057 A
2143 3010 2178 3056 4
2223 3003 2282 3057 hi
2327 3004 2557 3072 propter
2594 3004 2647 3056 A
2696 3002 2892 3071 hipro-

583 3142 731 3210 piter
767 3144 822 3197 Β
867 3144 909 3198 ii
956 3148 1184 3215 propter
1228 3147 1282 3199 P
1327 3147 1382 3200 id
1433 3149 1661 3215 propter
1696 3163 1728 3200 v
1876 3106 2023 3200 giant
2059 3147 2111 3199 A
2260 3152 2291 3199 5
2342 3146 2484 3198 ‘Nec
2525 3161 2613 3198 me
2654 3161 2774 3199 esse
2817 3144 2891 3199 ab

584 3231 829 3287 Eumaeo
869 3237 1070 3289 ortum.
1136 3236 1291 3290 Haec
1327 3252 1480 3304 uera,
1518 3242 1583 3290 ut
1621 3237 1879 3302 arbitror,
1920 3236 2072 3289 lectio
2110 3241 2203 3301 est,
2241 3253 2267 3288 c
2302 3234 2702 3300 uetustissimi3‚
2744 3235 2887 3301 opti-

583 3323 789 3391 misque
835 3325 992 3377 libris
1047 3331 1220 3379 eruta.
1288 3326 1587 3379 communis
1643 3327 1882 3379 eruditos
1938 3325 2099 3379 ctiam
2148 3325 2302 3377 uiros
2348 3325 2541 3390 fallere
2578 3323 2855 3390 potuisset
2874 3344 2891 3375 .-

585 3418 703 3466 erat
739 3414 882 3467 enim
918 3415 987 3466 ab
1025 3416 1135 3482 his,
1184 3417 1281 3484 qui
1316 3432 1344 3469 e
1379 3416 1652 3469 ueteribus
1689 3415 1938 3483 uestiqiis
1974 3431 2163 3468 ueram
2200 3414 2387 3467 elicere
2423 3428 2538 3466 non
2566 3417 2891 3480 potuerant,

583 3502 720 3556 satis
756 3503 1016 3556 concinne
1052 3504 1406 3570 conformata.
1487 3504 1689 3558 Prisca
1724 3505 1899 3573 iyitur
1934 3504 2101 3557 huius
2138 3503 2243 3556 loci
2279 3502 2588 3570 scriptura,
2635 3499 2755 3555 Nec
2797 3519 2889 3555 me

583 3607 704 3644 esse
743 3591 815 3644 ab
853 3608 982 3645 eum
1019 3608 1159 3646 aeuo
1197 3593 1403 3646 ortum’
1458 3593 1734 3647 Victorius
1845 3608 1963 3645 esse
2012 3592 2082 3646 ab
2121 3593 2190 3644 eii
2229 3608 2334 3663 guo
2374 3590 2437 3642 c'.
2477 3591 2548 3643 ab
2589 3606 2790 3662 eumeo
2837 3592 2893 3643 P

585 3697 704 3734 esse
748 3681 819 3734 ab
857 3698 986 3734 eum
1022 3695 1126 3735 e'uo
1164 3682 1221 3734 A
1259 3683 1457 3736 abeum
1497 3698 1618 3735 esse
1656 3696 1796 3735 aeuo
1837 3697 1972 3735 corr.
2013 3697 2133 3734 esse
2172 3680 2373 3734 abeum
2402 3695 2544 3733 aeuo
2574 3678 2630 3732 Β
2658 3695 2779 3732 esse
2812 3680 2886 3733 ab

584 3787 651 3824 eo
687 3786 794 3824 auo
824 3788 856 3824 v
965 3775 998 3824 8
1035 3771 1260 3824 relictus
1299 3773 1448 3826 esset
1485 3771 1582 3840 qui
1609 3773 1895 3839 praeesset
1927 3771 1981 3823 P
2006 3769 2233 3824 relictus
2264 3770 2445 3822 cesset
2473 3768 2566 3836 qui
2595 3772 2887 3837 praeesset

582 3913 636 3965 Β
682 3873 1074 3981 τεΙὶοί-,ιιξωῖξῗ
1119 3915 1212 3968 sed
1257 3917 1283 3968 t
1327 3916 1518 3969 ultimo
1565 3915 1680 3969 loco
1719 3919 1913 3982 postea
1960 3914 2209 3967 additum
2246 3913 2303 3967 A
2340 3911 2548 3965 relictis
2586 3911 2683 3979 qui
2719 3929 2883 3981 prae·

567 4005 728 4057 esset
754 4020 808 4056 m
844 4002 1071 4058 relictus
1109 4003 1204 4071 qui
1242 4005 1524 4073 praeesset
1549 4020 1580 4056 v
1694 4008 1725 4055 9
1765 4002 2035 4059 arbitrati.
2076 4019 2194 4056 una
2231 4003 2413 4055 littera
2450 4002 2621 4054 deleta
2651 4003 2703 4054 A
2735 4002 2882 4056 arbi·

580 4093 736 4146 tratu
771 4109 825 4145 m
950 4092 1351 4162 inpressionem
1388 4093 1445 4147 A
1479 4090 1901 4160 impressionem
1949 4091 2059 4144 VB
2184 4097 2249 4144 10
2289 4092 2594 4158 coeperunt
2637 4088 2691 4142 V
2721 4106 2881 4159 cepe·

580 4185 711 4236 runt
746 4182 801 4234 A
858 4185 1161 4250 caeperunt
1206 4183 1260 4235 Β
1439 4198 1575 4234 auos
1627 4180 1743 4232 PB
1800 4196 1938 4233 auus
1992 4181 2056 4233 irc
2108 4181 2355 4259 maryinc
2408 4179 2462 4232 A
2504 4172 2658 4232 'auus
2703 4195 2737 4232 v

583 4270 1064 4337 cohostrareturA
1161 4277 1221 4324 11
1255 4272 1449 4324 contra
1476 4269 1905 4337 superscriptum
1932 4270 1996 4322 in
2015 4270 2067 4321 A
2146 4274 2209 4321 12
2240 4266 2300 4321 id
2328 4268 2477 4335 quod
2505 4267 2622 4339 PB
2652 4266 2709 4320 id
2730 4268 2880 4335 quod

583 4377 720 4416 corr.
760 4360 820 4413 id
848 4378 954 4429 que
984 4360 1039 4414 A
1067 4360 1236 4428 idque
1266 4377 1296 4412 v
1387 4356 1506 4429 'plio
1536 4357 1592 4411 A
1688 4364 1752 4410 14
1791 4375 1929 4411 auus
1968 4363 2016 4411 et
2044 4359 2236 4412 deinde
2263 4372 2501 4426 proauos
2538 4355 2714 4409 VAB
2811 4362 2876 4409 15

582 4449 874 4503 tremelliis
938 4449 992 4503 V
1039 4448 1309 4503 tremellis
1366 4450 1484 4501 Am
1539 4445 1839 4500 cremelliis
1890 4447 1946 4500 Β
2130 4452 2193 4500 17
2252 4445 2367 4500 scio
2423 4445 2541 4497 AB
2600 4443 2880 4499 Victorius

582 4539 756 4594 sciam
803 4539 856 4592 V
977 4537 1158 4592 suillo
1196 4555 1289 4592 mv
1338 4536 1481 4590 sullo
1519 4538 1710 4606 priore
1751 4537 1865 4590 loco
1907 4536 2021 4588 PB
2059 4535 2203 4589 sullo
2241 4552 2377 4591 corr.
2419 4533 2563 4589 suilo
2602 4534 2657 4587 A
