3178 5185
877 396 1652 460 RERVM'RVSTICARVM
1692 404 1825 461 LIB.
1864 406 1942 459 III
1981 403 2018 461 5
2482 397 2606 463 241

317 561 700 635 perticarum
747 564 1246 641 supplementum,
1293 560 1351 621 h.
1401 579 1450 622 e.
1500 563 1560 621 in
1609 579 1680 622 eo
1730 570 1886 622 tecto
1935 579 2149 629 caveas
2198 579 2329 622 esse
2378 570 2614 640 oportet

320 683 450 726 cum
501 665 805 748 tabulatis,
863 686 1012 746 quae
1067 687 1177 748 pro
1226 666 1646 748 supplemento
1693 670 2059 747 perticarum
2122 670 2242 730 sint
2296 677 2358 729 et
2413 668 2611 730 locum

324 771 569 833 sedendi
616 773 821 836 avibus
867 774 1207 855 praebeant.
1300 774 1513 835 deinde
1560 772 1829 836 lacunam
1888 775 2174 856 indicavi,
2212 783 2452 857 ⁴contra
2496 779 2612 838 hoc

322 882 626 940 aviarium
664 899 700 937 *
737 899 895 956 quae
940 890 1219 943 mortuae
1264 883 1353 942 ibi
1377 889 1521 942 sunt
1556 900 1697 951 aves
1724 914 1811 924 —
1838 886 1988 944 solet
2023 901 2291 944 servare.
2365 901 2499 943 nam
2538 883 2610 944 de

318 986 427 1046 alio
460 988 695 1067 aviari0,
716 988 875 1067 quod
897 1007 969 1049 ex
1000 990 1296 1049 contraria
1324 997 1492 1068 parte
1525 988 1859 1049 faciendum
1891 998 2000 1072 cst,
2029 990 2173 1050 haec
2203 989 2320 1050 dici
2349 999 2610 1069 apparet.

496 1091 537 1154 6
603 1093 825 1155 Turdi
872 1098 992 1174 qui
1041 1114 1195 1156 curn
1244 1104 1414 1156 sunt
1459 1096 1741 1156 nomine
1790 1114 2021 1157 mares
2068 1115 2144 1156 re
2191 1114 2361 1157 uera
2410 1097 2611 1157 ferni·

320 1218 445 1261 nae
494 1218 779 1279 quoque
818 1210 986 1262 sunt
1031 1220 1263 1281 neque
1311 1201 1380 1262 id
1427 1219 1562 1262 non
1612 1211 1941 1286 secutum
1990 1212 2068 1264 ut
2113 1212 2309 1265 esset
2356 1205 2424 1264 in
2474 1222 2611 1264 me-

318 1306 502 1367 rulis
551 1325 729 1385 quae
775 1310 1059 1369 nomine
1109 1309 1457 1369 feminino
1495 1326 1728 1370 mares
1766 1328 2051 1389 quoque
2091 1308 2271 1387 sint]
2322 1312 2612 1384 Quicum

319 1416 439 1473 sint
476 1422 536 1474 et
574 1413 787 1475 deinde
828 1433 985 1490 quae
1023 1419 1262 1476 nomine
1299 1415 1863 1495 quoquefeminino
1903 1435 2106 1478 mares
2135 1423 2334 1479 tamen
2368 1424 2511 1478 sunt
2537 1437 2613 1479 m.

319 1523 426 1594 qui
460 1538 599 1581 cum
637 1525 762 1582 sint
800 1554 877 1565 —
918 1540 1121 1585 mares
1157 1498 1395 1599 ‘quoque
1430 1530 1573 1583 sunt
1612 1525 1841 1603 scripsi.
1927 1542 2063 1584 nam
2100 1533 2168 1586 ut
2209 1526 2269 1585 iu
2308 1524 2612 1604 prioribus

323 1629 766 1688 coniunctivum
814 1648 951 1690 cum
996 1633 1118 1691 sint
1163 1632 1313 1691 ratio
1360 1632 1653 1719 sermonis
1699 1627 1978 1710 postulat,
2025 1630 2106 1690 ita
2148 1640 2355 1710 postea
2394 1632 2612 1692 indica-

324 1735 505 1794 tivum
553 1752 756 1796 mares
802 1753 1039 1811 quoque
1083 1742 1241 1812 sunt,
1290 1738 1448 1797 sicut
1494 1735 1635 1795 olim
1684 1732 1987 1798 Iucundus
2039 1737 2323 1819 ediderat,
2370 1740 2607 1800 concin-

322 1841 474 1900 nitas
539 1843 929 1904 commendat.
1022 1842 1095 1903 de
1156 1842 1344 1905 turdis
1410 1851 1471 1904 et
1534 1843 1782 1903 merulis
1845 1844 2002 1904 idem
2067 1843 2242 1941 docet
2296 1843 2480 1906 Varro
2537 1847 2611 1907 de

325 1946 458 2025 ling.
497 1947 593 2010 lat.
635 1929 715 2008 lX
754 1946 841 2011 55
888 1952 1017 2011 dici
1069 1967 1317 2012 corvum
1364 1953 1637 2025 turdum,
1692 1968 1813 2011 non
1870 1953 1998 2012 clici
2052 1969 2301 2013 corvam
2348 1955 2612 2027 turdum,

326 2062 543 2116 contra
591 2059 722 2117 dici
756 2059 1126 2134 pantheram
1172 2062 1484 2132 merulam,
1531 2074 1653 2118 non
1701 2060 1830 2119 dici
1875 2061 2244 2135 pantherum
2294 2064 2612 2122 merulum.

507 2159 542 2222 7
610 2163 1164 2242 Aequinoctium
1213 2164 1657 2243 autumnale]
1723 2163 1947 2226 Charis.
1975 2185 2032 2245 p.
2067 2163 2210 2246 118,
2240 2163 2327 2228 25
2355 2167 2603 2229 Autum-

323 2273 430 2329 παῖ
486 2269 714 2353 Varro,
771 2273 1218 2346 aequinoctium
1275 2274 1618 2347 autumnal,
1678 2273 1843 2347 quod
1896 2274 2052 2333 idem
2113 2273 2347 2333 Plinius
2404 2276 2611 2336 eodem

319 2378 472 2437 libro
526 2377 615 2437 VI
652 2383 842 2438 notat.

493 2480 535 2545 8
610 2485 914 2546 Coieceris
959 2484 1097 2545 libri
1136 2503 1313 2546 manu
1362 2487 1571 2565 scripti
1618 2504 1843 2566 omncs,
1891 2504 2009 2546 non
2048 2487 2404 2568 conieceriS,
2451 2488 2610 2567 quod

321 2591 378 2650 in
426 2591 699 2671 principe
748 2591 1007 2654 editione
1054 2591 1383 2654 Politianus
1432 2611 1550 2653 non
1600 2596 1876 2654 correxit.

496 2696 889 2777 Sexaginta
939 2700 1130 2760 milia
1177 2719 1352 2779 quae
1400 2703 1512 2761 uis
1551 2702 1798 2761 statim
1836 2702 1906 2761 in
1948 2701 2157 2762 fenus
2194 2700 2315 2762 des
2354 2701 2611 2765 licebit

322 2804 614 2865 multum
661 2805 775 2866 dic
822 2806 992 2867 illut
1039 2805 1341 2867 alterum
1390 2826 1613 2885 genus
1672 2807 2123 2884 ornithonis]
2184 2809 2305 2869 Des
2350 2811 2606 2871 licebit.

321 2918 441 2972 tum
487 2915 664 2993 mihi,
723 2919 788 2973 tu
836 2916 939 2974 dic
985 2916 1139 2975 illud
1181 2918 1440 2976 alterum
1492 2933 1688 2990 yenus
1735 2917 2074 2976 ornithonis
2121 2914 2449 2990 IucunduS,
2506 2916 2610 2977 ubi

317 3022 465 3081 mihi
508 3026 655 3081 tunc
703 3022 803 3081 dic
862 3016 967 3081 ‘ex
1013 3030 1212 3082 vetere
1263 3016 1504 3082 codicc'
1556 3021 1823 3102 UrsinuS,
1879 3024 2030 3082 mihi
2073 3027 2197 3082 tum
2245 3024 2345 3083 dic
2389 3021 2609 3083 Ponte-

319 3127 456 3187 dera
504 3145 561 3205 p.
599 3124 729 3187 449
778 3130 1050 3188 coniecit.
1135 3128 1439 3208 archetypi
1485 3131 1842 3208 scripturam
1892 3147 1924 3188 a
1962 3127 2222 3188 Victorio
2271 3127 2607 3191 adnotatam

318 3235 396 3294 ita
444 3236 874 3313 interpretatus
922 3246 1014 3295 est
1062 3234 1342 3316 Scaliger,
1390 3230 1477 3295 ‘in
1517 3234 1740 3310 foenus
1777 3238 1881 3297 des
1927 3236 2132 3296 licebit
2166 3239 2429 3296 multum.
2507 3238 2610 3298 dic

321 3344 472 3403 illud
527 3345 787 3402 alterum
847 3357 1069 3422 genus,
1134 3341 1246 3401 hoc
1317 3348 1408 3401 est
1472 3344 1531 3400 in
1600 3342 1810 3402 foenus
1867 3340 2117 3402 multum
2185 3342 2288 3402 des
2353 3338 2606 3403 licebit'.

321 3449 625 3528 sexaginta
673 3447 832 3509 milia
880 3450 1224 3509 sestertium
1272 3467 1344 3509 ex
1391 3448 1707 3508 ornithone
1747 3448 2053 3509 Fircelliae
2092 3449 2340 3509 rediisse
2380 3453 2439 3510 et
2475 3449 2606 3510 Axii

316 3556 703 3635 cupiditatem
750 3555 822 3615 ad
869 3554 982 3615 hoc
1028 3573 1217 3633 genus
1262 3556 1550 3634 pastionis
1598 3556 1945 3616 excitavisse
1985 3555 2212 3616 dictum
2261 3564 2388 3615 crat
2427 3546 2607 3635 supra

313 3660 373 3738 2,
417 3658 499 3724 15
548 3669 610 3722 et
654 3659 715 3743 4,
755 3659 815 3722 1.
887 3664 1159 3740 sequitur
1208 3661 1528 3741 disputatio
1586 3662 1660 3723 de
1728 3662 1914 3723 altero
1971 3679 2191 3739 genere
2257 3661 2608 3745 ornithoniS,

317 3768 472 3847 quod
523 3768 932 3828 delectationis
981 3786 1155 3829 causa
1203 3776 1465 3851 paratur,
1513 3768 1686 3848 quale
1733 3767 2058 3829 Varronem
2115 3767 2334 3829 habere
2381 3769 2605 3830 dictum

315 3884 406 3936 est
453 3893 635 3955 supra
682 3871 743 3956 4,
781 3872 839 3937 2.
914 3875 1016 3936 sed
1065 3877 1125 3935 in
1173 3876 1283 3936 hac
1329 3884 1497 3956 parte
1548 3878 1822 3955 quoniam
1872 3879 1998 3957 ipse
2037 3874 2222 3936 Varro
2271 3894 2606 3937 sermonem

317 3983 604 4064 suscepit,
649 3990 965 4061 postquam
1013 3982 1085 4044 de
1133 3985 1332 4062 priore
1389 4002 1609 4063 genere
1657 3984 1882 4046 Merula
1939 3984 2102 4064 dixit,
2148 3982 2306 4043 illius
2353 3983 2604 4064 appella-

315 4092 540 4151 tionem
580 4091 773 4150 omitti
811 4093 931 4149 non
968 4090 1236 4169 potuisse
1268 4089 1569 4151 Iucundus
1608 4090 1916 4152 intellexit.
1991 4108 2125 4151 nam
2164 4107 2283 4150 non
2321 4108 2604 4168 expresso

319 4198 560 4258 nomine
603 4194 860 4256 ‘Varroni
905 4194 1084 4256 huius
1131 4199 1367 4275 generis
1424 4196 1803 4258 describendi
1849 4216 2068 4258 munus
2124 4195 2394 4279 attribui,
2452 4198 2607 4257 sicut

322 4303 622 4381 Scaligero
670 4304 862 4362 visum
910 4309 1018 4383 est,
1064 4302 1330 4382 intellegi
1375 4305 1601 4382 nequit.
1675 4305 1872 4381 itaque
1920 4305 2137 4382 scripsi
2175 4306 2237 4364 in
2278 4301 2462 4377 fenus
2500 4306 2606 4364 des

321 4412 525 4472 licebit
557 4413 824 4471 multum.
899 4413 1023 4468 tum
1060 4410 1223 4484 mihi,
1262 4415 1326 4470 tu
1356 4411 1456 4471 dic
1497 4412 1629 4471 illut
1667 4412 1924 4471 alterum
1959 4427 2172 4486 yenus,
2219 4408 2322 4469 ubi
2358 4413 2605 4472 multum

324 4514 584 4577 adverbii
630 4515 761 4576 loco
809 4516 1071 4594 positum
1118 4522 1226 4599 est,
1272 4515 1329 4577 h.
1368 4533 1418 4578 e.
1459 4534 1814 4597 magnopere
1862 4514 2078 4578 licebit.

425 4625 581 4668 Vana.
611 4636 718 4667 aaa.
746 4635 877 4668 Bvsoe.
931 4626 995 4669 11.
2114 4621 2178 4673 16
