3178 5185
1053 1236 1163 1332 M.
1232 1233 1703 1350 TERENTI
1767 1232 2327 1331 VARRONIS
2428 1298 2432 1301 >

710 1400 1073 1474 RERVM
1135 1398 1815 1472 RvsrloARVM
1881 1400 2013 1470 DE
2073 1397 2683 1470 VILLATICIS

1337 1540 2038 1620 PASTIONIBVS

1091 1711 1094 1714 v
1213 1685 1573 1757 LIBER.
1658 1684 2171 1757 TERTIVS

504 1903 529 1962 1
621 1956 624 1959 .
729 1903 875 1962 Cum
933 1902 1082 1961 duae
1141 1903 1292 1961 vitae
1350 1900 1601 1960 traditae
1657 1901 1778 1959 sint
1824 1899 2157 1978 hominum,
2214 1900 2437 1959 rustica
2486 1906 2546 1959 et
2595 1898 2840 1979 urbana,
2895 1906 2922 1944 5

549 2008 782 2090 quidni,
832 2008 1034 2089 Pinni,
1083 2006 1330 2068 dubium
1369 2026 1485 2067 non
1526 2015 1619 2067 est
1657 2008 1800 2085 quin
1838 2006 1948 2066 hae
1988 2024 2109 2067 non
2149 2005 2338 2067 solum
2376 2006 2505 2066 loco
2547 2006 2845 2065 discretae

549 2117 692 2197 sint,
750 2115 850 2175 sed
910 2117 1085 2175 etiam
1144 2123 1412 2193 tempore
1470 2114 1763 2174 diversam
1818 2116 2105 2193 originem
2163 2112 2434 2172 habeant.
2540 2115 2847 2191 antiquior

549 2224 704 2282 enim
749 2221 935 2282 multo
974 2223 1215 2302 rustica,
1264 2222 1421 2302 quod
1463 2223 1575 2282 fuit
1612 2230 1865 2301 tempuS,
1914 2239 2049 2281 cum
2088 2238 2229 2280 rura
2267 2220 2531 2280 colerent
2569 2219 2849 2301 homines

495 2336 748 2408 2neque
798 2329 1006 2389 urbem
1060 2328 1364 2389 haberent.
1456 2332 1677 2389 etenim
1732 2330 2199 2389 vetustissimum
2247 2328 2530 2406 oppidum
2579 2346 2718 2387 cum
2770 2330 2850 2387 sit

550 2438 828 2498 traditum
887 2455 1163 2514 graecum
1213 2436 1488 2496 Boeotiae
1537 2436 1800 2517 Thebae,
1857 2435 2013 2514 quod
2064 2454 2169 2495 rex
2217 2434 2447 2513 Ogyges
2495 2434 2846 2516 aedificarit,
2875 2441 2926 2480 1⁰
2979 2471 2983 2475 Δ

547 2548 608 2606 in
657 2563 796 2623 agro
846 2543 1108 2603 Romano
1156 2542 1365 2625 Roma,
1427 2563 1601 2624 quam
1650 2543 1937 2604 Romulus
1986 2560 2119 2620 rex,
2173 2541 2359 2620 [nam]
2409 2543 2468 2602 in
2518 2541 2631 2602 hoc
2665 2553 2845 2603 'nunc

548 2653 804 2730 denique
852 2661 944 2711 est
990 2658 1057 2710 ut
1104 2651 1222 2713 dici
1266 2654 1483 2733 possit,
1531 2670 1651 2712 non
1700 2670 1835 2712 cum
1882 2650 2113 2711 Ennius
2162 2651 2428 2732 scripsit,

770 2760 1131 2837 septingenti
1180 2767 1319 2819 sunt
1364 2759 1540 2838 paulo
1589 2759 1723 2839 plus
1771 2767 1873 2820 aut
1920 2761 2117 2839 minus
2166 2758 2330 2838 anni,

770 2873 1018 2945 augusto
1067 2869 1315 2944 augurio
1365 2876 1677 2946 postquam
1726 2867 1929 2927 inclita
1976 2865 2210 2927 condita
2258 2864 2439 2924 Roma
2489 2875 2606 2945 est3

497 2973 820 3053 3Thehae,
887 2991 1035 3051 quae
1101 2981 1235 3034 ante
1302 2975 1695 3054 cataclysmon
1762 2974 1950 3053 Ogygi
2013 2973 2283 3034 conditae
2349 2972 2657 3052 dicuntur,
2735 2993 2844 3032 eae
2874 2974 2926 3014 15

550 3089 742 3140 tamen
793 3081 1033 3140 circiter
1080 3082 1196 3142 duo
1246 3082 1404 3143 milia
1452 3100 1742 3142 annorum
1787 3090 1845 3142 et
1893 3089 2131 3142 centum
2174 3087 2328 3139 sunt.
2404 3078 2561 3157 quod
2603 3086 2846 3157 tempus

548 3184 600 3247 si
656 3188 879 3249 referas
937 3188 1008 3247 ad
1066 3187 1210 3248 illud
1266 3190 1654 3269 principium,
1713 3207 1829 3267 quo
1886 3190 2013 3266 agri
2068 3186 2182 3247 coli
2231 3194 2369 3246 sunt
2416 3188 2613 3263 coepti
2661 3194 2840 3265 atque

689 3366 717 3413 1
776 3360 848 3415 M.
899 3359 1180 3414 TERenti.
1231 3361 1493 3415 Varronis
1532 3403 1543 3415 .
1585 3361 1790 3414 Rerum
1835 3359 2194 3413 Rusticarum
2224 3399 2237 3413 .
2270 3357 2401 3413 LIB.
2440 3357 2508 3410 ΙΙ.
2555 3357 2839 3426 Explicit.

544 3448 750 3518 Incipit
786 3448 932 3502 Dere
979 3448 1243 3517 pecuaria
1271 3489 1284 3502 .
1315 3448 1485 3503 LIBri
1517 3491 1527 3502 .
1560 3449 1652 3502 III.
1691 3448 1933 3503 feliciter
1969 3447 2022 3500 A
2062 3447 2134 3501 M.
2174 3447 2526 3500 TERENTII
2564 3447 2847 3501 VARRO-

545 3538 662 3592 NIS
709 3538 966 3592 RERVM
1011 3537 1487 3593 RVSTICARVM
1524 3537 1745 3591 LIBER
1782 3535 2160 3591 SECVNDVS
2198 3534 2533 3589 EXPLICIT
2568 3535 2849 3591 INCIPIT

546 3627 640 3680 DE
708 3627 1105 3681 VILLATICIS
1171 3627 1648 3682 PASTIONIBVS
1705 3626 1921 3679 LIBER
1976 3623 2289 3679 TERTIVS
2346 3623 2734 3678 FELICITER
2790 3629 2847 3681 B

543 3714 774 3769 MARCI
857 3716 1201 3770 TERENTII
1284 3716 1659 3770 VARRONIS
1741 3713 2001 3768 RERVM
2082 3711 2553 3768 RVSTICARVM
2609 3713 2851 3770 LIBER

545 3803 859 3859 TERTIVS
909 3804 1003 3858 ET
1050 3805 1372 3859 VLTIMVS
1424 3805 1486 3872 V,
1538 3805 1638 3858 ubi
1684 3805 1753 3857 de
1800 3801 2066 3858 uillaticis
2110 3800 2463 3870 pastionibus
2500 3809 2631 3871 post
2677 3806 2850 3859 rusti-

545 3911 732 3948 carum
773 3895 993 3949 addidit
1032 3894 1088 3947 P
1230 3899 1260 3947 6
1302 3892 1509 3959 Quidni
1545 3892 1711 3947 Pinni
1751 3894 1807 3947 P
1838 3892 2034 3961 quidni
2069 3891 2250 3960 pinnii
2286 3893 2341 3944 B
2379 3891 2577 3959 quidni
2613 3892 2764 3961 pinii
2796 3897 2852 3951 A

544 3984 605 4048 Q.
646 3982 809 4036 Pinni
846 4001 879 4038 v
1060 3983 1197 4051 quin
1226 4026 1239 4039 .
1270 3983 1375 4037 hae
1421 4000 1539 4037 una
1586 3984 1771 4037 littera
1807 3987 1936 4051 post
1978 3982 2111 4050 quin
2160 3984 2332 4037 deleta
2368 3981 2424 4035 A
2609 3988 2638 4036 7
2700 3985 2851 4039 anti-

545 4073 728 4144 quior]
778 4072 860 4128 De
914 4073 1252 4141 antiquitate
1310 4073 1368 4125 et
1419 4072 1696 4141 dignitate
1743 4071 1951 4125 rustice
1995 4071 2078 4125 rei
2122 4071 2186 4125 in
2230 4071 2477 4139 maryine
2520 4072 2757 4127 rubrica
2797 4078 2852 4129 A

730 4167 763 4216 8
812 4179 909 4217 cur
952 4179 1086 4217 rura
1121 4167 1184 4216 ut
1219 4163 1434 4217 videtur
1472 4162 1525 4214 A
1564 4177 1703 4216 corr.
1742 4166 1809 4214 cii
1847 4177 1977 4214 rura
2013 4160 2096 4214 A2
2286 4165 2351 4213 10
2389 4176 2600 4229 ogyges
2638 4179 2673 4215 v
2712 4179 2854 4233 ogy-

544 4268 644 4319 gos
683 4250 863 4304 PAB
1009 4249 1316 4305 aedificarit
1353 4250 1533 4304 PAB
1579 4247 1899 4302 aedificauit
1932 4266 2024 4303 mv
2172 4255 2237 4303 12
2287 4248 2437 4318 cum]
2479 4265 2602 4303 com
2642 4250 2699 4304 A

548 4346 613 4393 14
641 4339 853 4409 inclyta
893 4340 944 4393 V
1051 4347 1115 4394 17
1146 4339 1270 4409 agri
1298 4338 1408 4393 coli
1437 4339 1566 4391 sunt
1596 4337 1780 4407 coepti
1809 4339 2103 4392 Iucundus
2126 4336 2411 4407 agricolae
2442 4337 2555 4392 sint
2584 4342 2779 4408 coepti
2801 4344 2858 4396 P

545 4427 791 4498 agricole
832 4429 944 4485 sint
980 4428 1130 4498 cepti
1167 4431 1221 4483 A
1259 4427 1507 4499 agricole
1546 4426 1661 4480 sint
1689 4427 1873 4497 caepti
1900 4429 1957 4482 B
1986 4427 2233 4496 agricole
2262 4427 2393 4481 sunt
2417 4424 2573 4496 cepti
2599 4445 2656 4482 m
2693 4430 2848 4499 agri-

545 4518 701 4572 colae
739 4521 870 4572 sunt
905 4517 1090 4588 coepti
1125 4536 1157 4573 v
