3178 5185
619 383 750 446 314
1604 382 1974 438 VARRONIS
2008 428 2011 432 Α

523 555 598 611 31
628 569 763 611 aere
812 554 1189 631 perterritae,
1250 570 1367 629 quo
1417 551 1619 611 volunt
1666 551 2023 632 perducere,
2071 568 2187 610 non
2236 551 2408 629 longe
2457 551 2595 611 inde
2645 550 2928 613 oblinunt

619 658 881 718 erithace
929 665 1106 736 atque
1155 660 1412 736 apiastro
1461 661 1799 736 ceterisque
1848 658 2047 739 rebUS‚
2096 658 2313 737 quibus
2353 658 2744 718 delectantur.
2819 657 2927 718 ubi

619 763 1045 844 consederunt,
1108 763 1384 824 adferunt
1431 764 1624 824 alvum
1676 763 1916 843 [prope]
1970 764 2192 825 eisdem
2240 765 2457 825 inliciis
2503 764 2706 825 elitam
2755 767 2927 825 intus

620 881 679 932 et
733 889 918 950 prope
977 871 1242 949 adposita
1301 871 1462 930 fumo
1522 871 1643 931 leni
1701 871 2068 931 circumdato
2126 880 2347 950 cogunt
2393 891 2493 933 eas
2539 875 2797 932 intrare:
2858 880 2929 933 ut

621 998 738 1058 qua
785 981 846 1038 in
888 996 1096 1038 novam
1137 977 1426 1037 coloniam
1467 996 1603 1038 cum
1643 980 2020 1057 introierunt,
2067 987 2418 1057 permanent
2457 980 2602 1040 adeo
2641 979 2928 1060 libenter,
2979 992 3002 1031 ⁵

619 1094 686 1145 ut
734 1087 910 1145 etiam
959 1086 1011 1144 si
1047 1086 1375 1162 proximam
1414 1087 1688 1164 posueris
1727 1084 1883 1144 illam
1924 1085 2135 1165 alvum,
2182 1086 2339 1146 unde
2380 1088 2671 1167 exierunt,
2724 1096 2928 1147 tamen

620 1212 770 1254 novo
821 1191 1119 1252 domicilio
1166 1193 1368 1269 potius
1416 1193 1536 1251 sint
1582 1198 1914 1251 contentae.
2740 1196 2742 1198 ’

522 1306 603 1362 32
806 1298 971 1368 Quod
1023 1298 1094 1358 ad
1142 1301 1443 1376 pastiones
1490 1301 1792 1378 pertinere
1842 1317 1972 1358 sum
2019 1306 2203 1380 ratus,
2255 1302 2532 1378 quoniam
2571 1300 2711 1380 dixi,
2763 1319 2927 1361 nunc

620 1409 760 1480 iam,
819 1408 1033 1484 quoius
1090 1405 1406 1466 adhibetur
1454 1424 1520 1464 ea
1569 1424 1740 1486 cura,
1793 1406 1864 1466 de
1913 1406 2110 1466 fructu
2153 1405 2368 1467 dicam.
2464 1408 2925 1471 eximendorum

620 1514 885 1575 favorum
936 1515 1171 1592 signum
1221 1521 1463 1572 sumunt
1512 1531 1582 1572 ex
1631 1514 1775 1591 ipsis
1823 1531 1856 1570 ῆι
1905 1514 2054 1572 uiris
2102 1512 2260 1572 alvos
2307 1512 2522 1573 habeat
2580 1533 2719 1574 nem
2782 1534 2924 1575 con·
2955 1525 3003 1564 1⁰

621 1622 967 1698 germinarit
1014 1623 1418 1681 coniecturam
1465 1622 1726 1700 capiunt,
1774 1620 1826 1680 si
1871 1622 2032 1680 intus
2082 1620 2308 1680 faciunt
2354 1620 2633 1681 bombum
2679 1629 2746 1682 et
2787 1641 2927 1683 cum

618 1728 776 1787 intro
834 1734 978 1787 eunt
1035 1746 1100 1788 ac
1159 1729 1343 1808 foraS,
1400 1727 1725 1806 trepidant,
1783 1734 1842 1787 et
1900 1726 2004 1804 [si]
2063 1727 2342 1805 opercula
2390 1727 2583 1787 alvum
2631 1746 2779 1789 cum
2829 1748 2924 1790 re-

613 1836 825 1914 moriS,
857 1830 932 1893 'si
988 1834 1253 1914 favorum
1311 1834 1599 1894 foramina
1655 1834 1910 1894 obducta
1969 1834 2244 1895 videntur
2293 1835 2485 1895 mellis
2533 1835 2927 1917 membraniS‚

518 1951 599 2007 33
622 1927 756 2001 cum
807 1943 926 2001 sint
973 1940 1185 2020 repleti
1232 1940 1420 2000 melle.
1494 1943 1556 2000 in
1606 1941 1917 2001 eximendo
1970 1942 2208 2019 quidam
2257 1942 2463 2002 dicunt
2510 1949 2796 2021 oportere
2846 1946 2925 2003 ita

615 2056 682 2109 ut
751 2066 957 2108 novem
1029 2056 1230 2126 partes
1297 2047 1532 2129 tollere,
1601 2048 1909 2108 decumam
1977 2048 2345 2128 relinquere:
2413 2050 2572 2128 quod
2632 2052 2684 2109 si
2746 2069 2925 2111 omne
2954 2055 3000 2096 15

615 2190 727 2197 *—

757 2280 788 2328 9
829 2272 1247 2328 eximendorum
1285 2272 1542 2328 favorum
1577 2289 1800 2344 yeopon.
1842 2273 1966 2327 XV
1999 2279 2033 2329 5

761 2495 788 2541 1
843 2488 1049 2558 §terite
1100 2503 1237 2542 corr.
1286 2489 1553 2556 pert-,erite
1592 2488 1647 2542 A
1692 2487 1957 2557 preter-ite
2004 2506 2057 2543 m
2214 2495 2246 2542 2
2304 2487 2550 2543 erithace
2598 2488 2730 2543 AB
2775 2488 2925 2544 erhi-

613 2579 779 2632 thace
821 2577 878 2631 P
922 2576 1178 2632 rhithace
1217 2594 1248 2631 v
1420 2577 1762 2647 caeterisque
1812 2577 1864 2631 V
2031 2584 2062 2632 3
2112 2577 2376 2634 adferunt
2411 2580 2463 2632 A
2512 2577 2762 2634 afferunt
2812 2578 2925 2633 VB

791 2666 999 2720 eisdem
1040 2666 1331 2721 Iucunda-‘3
1373 2667 1598 2720 easdem
1644 2666 1758 2720 VB
1795 2666 2019 2720 easdem
2059 2684 2198 2723 corr.
2238 2668 2435 2723 eadem
2473 2668 2528 2722 A
2711 2665 2924 2722 inliciis

613 2756 807 2810 elitam
864 2756 984 2809 AB
1048 2753 1254 2809 inliciis
1320 2757 1377 2808 et
1441 2755 1602 2808 litam
1658 2755 1714 2808 P
1762 2753 1953 2809 illiciis
2008 2754 2214 2808 illitam
2269 2772 2301 2809 v
2483 2762 2517 2809 4
2575 2757 2848 2826 apposita.
2891 2774 2923 2811 v

610 2842 904 2915 appositae
941 2845 1058 2898 PB
1094 2842 1313 2913 aposite
1350 2842 1405 2896 A
1549 2843 1895 2898 circumdato
1933 2844 1989 2898 Β
2026 2844 2348 2899 circundato
2391 2845 2442 2898 V
2474 2844 2685 2900 circum
2722 2849 2730 2915 Ι
2765 2848 2842 2902 do
2869 2848 2918 2901 A

612 2933 948 2989 circueundo
995 2951 1049 2986 m
1229 2934 1292 2985 ut
1346 2950 1458 3000 qua,
1495 2932 1674 2987 PAB
1720 2931 1894 3002 utque
1939 2951 1971 2987 v
2003 2975 2014 2987 .
2044 2934 2276 3001 fortasse
2322 2951 2466 3004 quae
2651 2940 2686 2988 ὅ
2746 2935 2925 2991 intro-

1787 3035 1820 3063 u

611 3078 797 3134 ierunt
845 3076 959 3131 VA
996 3075 1314 3132 introierint
1349 3076 1405 3129 Β
1550 3082 1581 3129 6
1622 3075 1860 3130 exierint
1894 3076 1950 3129 Β

792 3172 822 3219 9
882 3164 1081 3235 quoius
1137 3162 1438 3219 adhibetur
1496 3164 1606 3225 VA
1655 3181 1763 3232 quo
1819 3164 1904 3218 ius
1962 3164 2223 3219 adibetur
2265 3165 2321 3219 Β
2382 3164 2537 3218 cuiue
2596 3182 2774 3221 causa
2829 3168 2922 3221 ad·

612 3254 837 3309 hibetur
885 3256 1169 3309 Iucundus
1352 3259 1417 3307 10
1477 3252 1675 3307 ‘Vetus
1730 3254 1908 3319 lectio,
1964 3254 2048 3306 Ex
2102 3253 2238 3322 ipsis
2293 3251 2430 3307 uiris
2486 3255 2644 3309 aluos
2708 3258 2925 3312 habeat

613 3362 740 3398 uem
780 3344 1176 3414 cogerminarit
1222 3343 1568 3409 coniectura,
1617 3347 1711 3396 ete.
1779 3343 1888 3396 -Ita
1932 3343 1994 3395 in
2042 3344 2252 3397 cunctis
2297 3360 2467 3398 manu
2502 3346 2737 3414 scriptis
2787 3349 2925 3403 miro

613 3450 874 3489 con-sensu
930 3432 1148 3502 leyitur’
1214 3432 1488 3486 Victorius
1667 3431 1875 3484 habeat
1929 3448 2055 3485 nem
2115 3431 2548 3501 congerminarit
2593 3436 2649 3489 Β
2712 3438 2926 3492 habeat

613 3540 741 3577 nem
799 3539 925 3575 cum
981 3518 1310 3588 germinarit
1355 3520 1408 3571 A
1464 3518 1677 3572 habent
1734 3518 1791 3570 et
1844 3532 1969 3570 nem
2019 3519 2563 3588 congerminauerint
2606 3524 2661 3576 P
2709 3526 2926 3582 habeat

611 3629 743 3667 nam
799 3628 925 3665 cum
979 3606 1380 3678 germinauerit
1424 3624 1476 3661 m
1522 3607 1771 3660 habeant
1816 3607 1873 3660 et
1918 3606 2003 3660 uti
2048 3608 2595 3678 congerminauerint
2628 3630 2661 3667 v
2860 3621 2923 3669 12

617 3700 712 3753 ‘Et
757 3699 805 3753 si
851 3697 1114 3768 opercula
1159 3698 1277 3752 alui
1314 3715 1440 3752 cum
1478 3697 1697 3751 remota
1736 3695 1862 3748 sint.
1937 3695 2191 3765 Antiqua
2230 3698 2383 3754 lectio
2420 3702 2723 3770 maculosa,
2766 3707 2923 3759 cuiue

613 3792 777 3846 etiam
840 3789 989 3843 uitia
1051 3793 1308 3842 accurato
1374 3786 1607 3841 librario
1672 3785 1890 3855 coynita
1943 3784 2154 3851 fuerint
2182 3808 2196 3841 ε
2224 3804 2354 3841 ‘nam
2408 3794 2594 3843 notam
2647 3794 2732 3847 ad
2790 3811 2921 3862 eam,

613 3897 778 3950 quam
830 3879 987 3944 solet,
1042 3878 1315 3946 adposuit.
1410 3875 1506 3929 Sic
1558 3875 1732 3945 ὁρίων
1786 3874 1849 3927 in
1898 3875 2100 3942 priscis
2155 3876 2337 3945 libris,
2407 3876 2483 3951 Et
2541 3878 2589 3932 si
2644 3884 2923 3950 opercula

615 3968 805 4025 aluum
855 3985 978 4022 cum
1029 3965 1366 4022 remoreissi’
1415 3964 1691 4032 Victorius
1730 4004 1741 4016 .
1784 3965 1841 4016 et
1887 3964 2148 4031 opercula
2195 3965 2386 4019 aluum
2436 3984 2563 4021 cum
2608 3973 2923 4028 remoueris

616 4058 664 4111 si
701 4058 949 4129 Scaliyer
1100 4055 1289 4109 aluum
1337 4071 1462 4108 cum
1509 4050 1825 4107 remoreissi
1870 4050 2126 4107 fauorum
2168 4054 2287 4108 PB
2333 4056 2523 4110 aluum
2562 4076 2689 4113 cum
2737 4057 2921 4119 remo-

615 4147 723 4201 reis
779 4145 853 4199 sit
900 4148 1059 4214 (corr.
1107 4145 1187 4198 sic
1233 4150 1295 4198 ut
1339 4144 1574 4211 videbwr)
1624 4158 1854 4196 auorum
1892 4142 1948 4196 A
1995 4143 2186 4198 aluum
2232 4162 2358 4198 cum
2403 4148 2713 4203 remoueris
2762 4152 2920 4207 fauo-

615 4253 738 4288 rum
774 4252 827 4289 m
865 4234 978 4288 alui
1017 4250 1143 4287 cum
1182 4234 1398 4287 remota.
1435 4232 1548 4286 sint
1582 4231 1837 4285 fanorum
1865 4248 1897 4284 v
2047 4236 2111 4285 13
2148 4234 2465 4289 menbranis
2492 4236 2548 4290 A
2700 4246 2773 4295 14
2810 4242 2920 4296 exi·

612 4323 779 4400 medo
817 4325 872 4376 A
994 4322 1077 4377 ita.
1115 4323 1177 4375 ut
1213 4324 1392 4376 omisit
1431 4321 1727 4376 Iucundus
1847 4325 1911 4373 15
1949 4335 2149 4375 nouem
2189 4323 2383 4390 (nones
2421 4341 2562 4381 corr.
2605 4360 2668 4367 —
2713 4347 2805 4384 em
2843 4331 2920 4400 A)

616 4414 806 4483 partes
842 4412 965 4467 AB
1002 4413 1079 4465 IX
1117 4414 1307 4480 partes
1357 4411 1407 4464 V
1547 4411 1837 4463 decumam
1879 4408 2061 4463 PAB
2100 4410 2374 4466 decimam
2412 4430 2445 4468 v
2593 4434 2759 4474 omne
2812 4421 2919 4475 Vm

622 4518 840 4557 omnem
881 4503 1001 4556 AB
1041 4489 1228 4555 omnes
1266 4501 1577 4555 Beroaldus
