3178 5185
549 391 634 456 36
1230 396 1613 453 COMMENT.
1649 397 1730 451 IN
1766 395 2142 451 VARRONIS

552 554 886 615 harundine
934 552 1201 632 deligatis
1251 552 1550 614 Gesnerus
1598 554 2026 631 interpretatus
2074 559 2189 631 est,
2245 553 2308 611 in
2354 553 2844 612 arundinatione

553 661 984 742 SchneideruS,
1038 664 1101 723 in
1147 664 1368 722 harum
1416 664 1728 736 iuqatione
1771 659 2105 720 Pontedera
2152 676 2208 737 p.
2246 654 2350 719 94.
2426 661 2488 718 in
2537 661 2840 718 articula-

549 772 713 829 tione
749 768 887 829 olim
918 770 1174 829 conieci:
1212 786 1345 828 nam
1376 766 1846 828 articulationem
1875 765 2100 826 Plinius
2121 764 2254 825 XXI
2280 762 2404 826 101
2436 774 2498 825 et
2526 764 2685 825 XVlI
2711 762 2843 826 163

547 877 709 954 ipsos
747 876 1031 936 articulos
1069 893 1371 936 ramorum
1410 875 1568 935 dicit.
1643 875 1747 935 sed
1784 872 2107 955 probabilis
2145 873 2476 933 emendatio
2516 880 2842 951 corruptae

546 984 707 1042 vocis
751 983 990 1044 inventa
1034 1002 1153 1044 non
1202 994 1309 1043 est.

725 1089 937 1151 Palus
984 1108 1017 1150 e
1064 1092 1344 1171 pertica
1381 1088 1683 1149 meliore
1730 1088 2077 1167 duraquo
2116 1087 2558 1166 diuturnior]
2612 1089 2847 1149 Melior

553 1218 587 1259 e
615 1202 795 1279 dura,
824 1201 989 1273 quod
1015 1201 1367 1258 diuturnior
1406 1215 1478 1257 ex
1507 1196 1715 1257 Aldina
1746 1196 2003 1256 editione
2043 1195 2343 1274 vulgatum
2382 1204 2527 1256 erat.
2597 1197 2843 1255 restitui

552 1306 868 1366 lectionem
916 1304 1237 1384 archetypi,
1284 1306 1345 1364 in
1385 1323 1496 1382 qua
1536 1322 1655 1379 quo
1702 1321 1838 1364 cum
1877 1306 2273 1382 comparativo
2313 1304 2572 1382 positum
2625 1311 2724 1363 est
2770 1302 2842 1363 ad

547 1429 786 1472 causam
843 1429 959 1490 qua
1015 1411 1156 1489 quid
1203 1411 1459 1471 efficitur
1505 1409 1908 1471 indicandam:
1963 1412 2219 1492 pertica,
2273 1428 2305 1471 e
2363 1429 2475 1489 qua
2532 1409 2709 1489 palus
2759 1411 2844 1492 fit,

553 1518 764 1579 melior
811 1527 902 1578 est
939 1517 1106 1599 dura,
1145 1517 1301 1596 quod
1350 1535 1420 1577 eo
1460 1517 1800 1578 diuturnior
1849 1524 1955 1578 est.
2029 1515 2054 1575 I
2092 1513 2195 1597 40,
2226 1513 2556 1579 3fvernum
2605 1525 2845 1596 tempus

550 1629 857 1701 idoneum,
916 1643 1033 1700 quo
1087 1629 1285 1686 minus
1339 1627 1521 1686 habet
1573 1628 1829 1698 umoris,
1895 1623 1947 1683 ΙΙ
1990 1621 2044 1704 1,
2088 1621 2163 1685 11
2224 1642 2340 1699 quo
2386 1628 2597 1686 melius
2638 1633 2849 1702 potest

548 1735 737 1806 dicet,
794 1732 847 1792 11
885 1730 955 1812 2,
998 1729 1077 1794 18
1125 1750 1202 1792 ne
1256 1736 1402 1792 lana
1457 1735 1838 1808 inquinetur,
1894 1749 2011 1807 quo
2058 1734 2257 1792 minus
2311 1736 2408 1792 vel
2450 1735 2624 1805 inlici
2669 1739 2845 1794 recte

538 1843 731 1916 possit
776 1843 873 1901 vel
913 1842 1132 1919 lavari,
1180 1838 1233 1898 ΙΙ
1270 1836 1331 1920 3,
1360 1836 1400 1900 3
1449 1843 1646 1901 ovium
1690 1857 1890 1900 semen
1938 1842 2180 1900 tardius
2217 1857 2361 1913 esse,
2409 1856 2526 1913 quo
2564 1858 2679 1900 eae
2717 1843 2845 1900 sint

539 1947 932 2024 placidiores.
1004 1948 1147 2006 item
1195 1965 1331 2007 cum
1378 1931 1433 2006 ri
1482 1949 1860 2008 consecutiva
1900 1947 1970 2007 ad
2010 1945 2372 2007 conectenda
2412 1963 2477 2006 ea
2517 1964 2670 2025 quae
2714 1948 2842 2007 effi·

547 2056 787 2141 ciuntur
843 2054 868 2114 1
919 2052 984 2135 1,
1027 2051 1103 2114 11
1165 2072 1283 2129 quo
1341 2056 1584 2115 brevius
1641 2058 1718 2115 de
1772 2073 1848 2115 ea
1902 2073 1974 2115 re
2019 2071 2209 2115 conor
2264 2055 2460 2114 tribus
2505 2056 2683 2115 libris
2733 2074 2840 2116 ex-

539 2179 798 2242 ponere,
856 2157 971 2240 40,
1007 2157 1052 2220 4
1102 2163 1356 2236 plantae
1407 2165 1598 2221 solum
1651 2162 1955 2240 stabiliuS,
2010 2179 2127 2236 quo
2184 2164 2367 2222 latius
2422 2167 2532 2221 aut
2583 2164 2843 2224 radices

541 2267 793 2343 facilius
838 2270 1034 2347 mittit,
1082 2266 1138 2328 h.
1179 2287 1228 2328 e.
1278 2286 1394 2346 quo
1442 2269 1507 2328 fit
1554 2276 1621 2329 ut
1668 2287 1738 2329 eo
1784 2267 1960 2329 latius
2006 2270 2217 2351 mittat,
2272 2264 2378 2350 54,
2411 2265 2444 2328 1
2493 2286 2610 2343 quo
2650 2273 2842 2345 prior

544 2378 831 2457 leyenda,
893 2373 975 2435 111
1017 2371 1126 2455 16,
1164 2372 1250 2436 33
1306 2393 1423 2450 quo
1473 2383 1734 2452 propter
1779 2378 2025 2440 odorem
2072 2378 2312 2436 avidius
2369 2378 2690 2452 adplicant
2735 2395 2843 2446 se,-

547 2500 742 2560 neque
797 2483 995 2541 minus
1051 2499 1228 2559 saepe
1283 2484 1410 2543 sine
1469 2485 1866 2563 comparativo
1922 2483 1947 2543 I
1998 2480 2108 2563 13,
2148 2480 2183 2542 7
2241 2500 2358 2557 quo
2413 2485 2483 2543 hi
2529 2485 2840 2558 laborant,

546 2588 604 2650 h.
644 2608 694 2649 e.
734 2608 852 2668 quo
899 2589 965 2650 fit
1007 2599 1075 2650 ut
1119 2587 1409 2671 laborent,
1455 2588 1480 2650 1
1523 2586 1625 2672 19,
1653 2588 1695 2652 2
1733 2610 1850 2667 quo
1886 2594 2255 2667 sequendum
2293 2590 2479 2665 nobis,
2526 2589 2551 2650 I
2589 2587 2674 2652 47
2717 2610 2841 2667 quo

546 2703 605 2757 et
641 2715 834 2773 pecus
881 2699 958 2757 ab
996 2703 1186 2773 prato
1233 2700 1663 2779 ablegandum,
1722 2697 1801 2759 111
1844 2696 1944 2781 10,
1982 2695 2025 2760 5
2070 2716 2188 2774 quo
2235 2700 2694 2776 temperandum
2745 2702 2843 2775 iis,

551 2800 653 2883 16,
683 2801 724 2863 6
771 2821 889 2878 quo
936 2822 1107 2865 nemo
1154 2807 1267 2865 has
1311 2807 1488 2887 videt,
1536 2814 1606 2866 ut
1650 2807 1803 2880 illas,
1852 2809 1915 2867 in
1962 2823 2170 2867 carne.

725 2911 943 2982 Quem
992 2930 1146 2973 cum
1193 2913 1517 2973 infimum
1568 2919 1764 2973 terra
1813 2912 2046 2974 uoluit
2090 2920 2303 2992 puter
2349 2915 2718 2974 euertitur
2766 2921 2841 2975 et

547 3017 641 3077 sit
689 3017 916 3079 solum
965 3018 1347 3098 summum]
1412 3020 1608 3081 Terra
1663 3023 1839 3082 solvit
1883 3019 2183 3081 Gesnerus
2237 3019 2348 3080 hac
2403 3019 2599 3081 addita
2648 3022 2837 3081 inter-

546 3127 902 3207 pretatione,
949 3122 1150 3205 ‘puter
1197 3129 1355 3188 enim
1402 3129 1692 3188 evertitur
1739 3146 1847 3187 seu
1894 3129 2264 3188 convertitur
2320 3136 2381 3187 et
2432 3127 2498 3186 fit
2544 3126 2737 3188 solum
2790 3146 2838 3189 s,

546 3233 749 3313 imum,
797 3234 954 3312 quod
1004 3242 1140 3296 ante
1190 3234 1404 3316 suerat,
1450 3236 1566 3294 iam
1606 3230 1953 3296 summum'.
2028 3252 2203 3309 quem
2251 3250 2388 3294 cum
2434 3241 2607 3295 terra
2643 3239 2838 3310 solvit,

540 3346 728 3416 puter
775 3344 1070 3402 evertitur
1125 3350 1184 3403 et
1230 3346 1307 3416 fit
1359 3345 1550 3403 solum
1605 3345 1873 3415 infimum
1925 3359 2218 3402 summum
2273 3340 2694 3404 SchneideruS.
2762 3347 2840 3418 fit

546 3450 739 3508 solum
785 3466 1077 3510 summum
1124 3452 1174 3509 si
1221 3467 1427 3510 verum
1476 3458 1584 3530 est,
1629 3467 1922 3510 summum
1969 3449 2187 3509 dicitur
2234 3466 2463 3509 summa
2509 3468 2648 3529 pars
2699 3449 2838 3532 pali,

545 3572 717 3636 quae,
765 3556 815 3615 si
862 3557 1060 3615 infima
1115 3575 1252 3636 pars
1309 3556 1499 3617 soluta
1557 3564 1617 3617 et
1670 3557 2001 3637 putrefacta
2058 3564 2175 3637 est,
2231 3555 2353 3616 sola
2409 3558 2500 3618 fit:
2564 3556 2591 3616 1
2634 3554 2743 3639 13,
2791 3554 2837 3618 4

544 3665 745 3722 latera
793 3668 854 3722 et
890 3680 1201 3724 summum.
1276 3663 1552 3724 similiter
1609 3672 1820 3724 neutra
1876 3662 2320 3745 adiectivorum,
2367 3662 2585 3743 quibus
2631 3672 2834 3744 partes

544 3787 747 3830 rerum
795 3770 1221 3851 significantur,
1268 3788 1375 3849 pro
1415 3768 1800 3830 substantivis
1847 3771 2038 3850 posita
2085 3779 2227 3831 sunt
2272 3769 2297 3829 I
2334 3767 2438 3852 51,
2481 3768 2515 3831 1
2566 3790 2600 3832 e
2637 3774 2833 3833 medio

543 3879 631 3938 ad
673 3884 1029 3958 extremum,
1075 3876 1155 3938 llI
1192 3873 1252 3957 5,
1287 3872 1367 3937 15
1414 3880 1501 3939 ad
1543 3885 1905 3958 extremum,
1953 3876 2034 3936 111
2071 3873 2131 3957 5,
2164 3873 2247 3939 14
2294 3881 2524 3953 infima,
2583 3878 2610 3938 1
2646 3876 2751 3961 48,
2794 3876 2829 3939 1

542 3987 710 4060 quod
750 3992 841 4046 est
885 3988 1157 4045 intimum
1192 3988 1441 4060 soldum,
1489 3985 1515 4045 I
1552 3982 1656 4065 38,
1697 3982 1737 4046 3
1777 3988 1840 4046 in
1877 3987 2092 4064 media,
2139 3981 2244 4065 50,
2280 3983 2322 4046 2
2370 4003 2409 4045 a
2455 4004 2574 4061 quo
2619 3989 2833 4060 medic,

543 4089 596 4149 11
629 4089 685 4171 7,
715 4090 754 4154 8
793 4095 1007 4154 scillae
1041 4095 1319 4167 medium,
1358 4088 1528 4170 1115,
1565 4089 1645 4152 12
1684 4111 1718 4153 e
1753 4095 1966 4166 medio,
2005 4090 2082 4152 ib.
2128 4088 2211 4152 14
2250 4095 2311 4152 in
2349 4096 2564 4174 medic,
2601 4092 2627 4152 I
2664 4090 2760 4173 18,
2790 4090 2831 4153 5

545 4200 860 4260 dimidium
906 4202 1107 4275 vineti,
1156 4203 1469 4262 dimidium
1507 4203 1724 4276 oliveti,
1772 4196 1930 4280 122,
1960 4197 2000 4261 3
2041 4201 2289 4259 dimidio
2326 4203 2541 4275 minus,
2588 4197 2760 4281 1119,
2791 4197 2830 4260 6

545 4307 791 4366 dimidio
829 4309 1109 4388 minores,
1157 4305 1237 4365 111
1277 4303 1377 4385 16,
1410 4302 1521 4386 103
1567 4301 1656 4366 34
1701 4308 2017 4380 reliquum.

723 4410 1121 4491 Colligatas
1167 4412 1381 4473 libris
1429 4413 1822 4474 demittunt
1867 4414 1938 4472 in
1996 4411 2289 4473 tubulos
2345 4413 2624 4475 fictiles
2679 4434 2828 4476 cum

544 4518 762 4578 fundo
812 4529 1154 4596 pertusos
1202 4539 1378 4599 quos
1426 4519 1769 4599 cuspides
1809 4519 2206 4600 appellant]
2264 4522 2409 4582 Cum
2450 4520 2648 4596 fundo
2687 4542 2829 4600 per-
