3178 5185
884 400 1142 456 RERVM
1179 399 1656 455 RVSTICARVM
1693 399 1825 453 LIB.
1865 399 1915 452 II
1960 398 2033 452 11
2467 390 2593 453 217

305 561 597 619 vocabulo
653 575 997 639 mammam,
1046 576 1084 618 a
1131 574 1248 632 quo
1294 557 1570 616 subrumi
1615 558 1796 615 etiam
1844 572 2007 615 nunc
2054 557 2346 614 dicuntur
2394 548 2590 629 aqni'.

306 668 446 726 item
495 668 689 726 rumis
727 664 880 726 Fest.
919 683 975 743 p.
1016 661 1163 744 306,
1203 661 1287 725 32
1336 664 1708 723 Subrumari
1751 665 2042 723 dicuntur
2087 664 2288 736 haedi,
2335 679 2472 722 cum
2510 663 2596 721 ad

306 774 630 834 mammam
664 775 1077 848 admoventur,
1116 774 1262 847 quia
1308 788 1383 831 ea
1429 772 1620 830 rumis
1665 771 2001 830 vocabatur
2038 774 2133 830 vel
2165 772 2310 845 quia
2357 771 2594 829 rumine

307 882 566 940 trahunt
609 883 768 941 laete
812 886 1092 955 suqentes
1138 886 1199 937 et
1244 876 1389 937 Plin.
1428 874 1528 935 XV
1570 872 1651 936 77
1715 879 1859 952 lupa
1908 875 2242 951 infantibus
2290 876 2593 952 praebens

304 990 547 1067 rumim,
596 991 682 1047 ita
729 989 1028 1048 vocabant
1073 1001 1405 1045 mammam.
1499 990 1820 1061 utrumque
1868 990 1959 1043 est
2003 985 2064 1043 in
2120 981 2332 1061 glossis
2387 981 2591 1042 latino-

304 1097 537 1173 graecis
601 1114 647 1155 v.
687 1093 739 1153 II
784 1114 839 1174 p.
884 1090 1028 1175 176,
1065 1090 1105 1152 2
1156 1099 1216 1152 et
1245 1088 1363 1152 ›11.
1456 1098 1662 1151 contra
1718 1108 1959 1166 rumen,
2014 1109 2044 1150 a
2102 1109 2219 1171 qno
2275 1092 2594 1150 ruminare

306 1201 534 1262 dictum
584 1210 692 1279 est,
738 1201 883 1262 Non.
923 1221 978 1280 p.
1022 1197 1121 1278 18,
1163 1197 1244 1261 11
1295 1200 1530 1260 Rumen
1579 1201 1810 1259 dicitur
1857 1203 2023 1260 locus
2080 1202 2141 1260 in
2196 1206 2428 1271 ventre,
2476 1215 2592 1273 quo

306 1312 483 1370 cibus
528 1312 787 1370 sumitur
831 1316 891 1370 ei
936 1311 1098 1369 uncle
1134 1310 1433 1387 redditur,
1471 1309 1633 1367 unde
1679 1314 1738 1367 et
1782 1309 2100 1367 ruminare
2145 1309 2392 1380 dicitur,
2432 1304 2591 1365 Paul.

307 1435 434 1477 exc.
484 1416 641 1476 Fest.
687 1436 743 1496 p.
781 1413 930 1497 271,
968 1412 1009 1475 6
1057 1417 1293 1476 Rumen
1342 1421 1430 1475 est
1468 1431 1621 1490 pars
1668 1417 1831 1488 colli,
1878 1432 1999 1489 qua
2055 1431 2196 1474 esca
2246 1416 2594 1487 devoratur,

309 1526 475 1584 uncle
503 1542 754 1584 rumare
784 1525 1122 1597 dicebatur,
1152 1524 1316 1597 quod
1342 1539 1504 1582 nunc
1533 1523 1868 1600 ruminare,
1898 1519 1975 1582 ib.
2005 1540 2061 1600 p.
2083 1516 2141 1601 9,
2164 1517 2264 1592 14,
2292 1521 2353 1579 in
2383 1518 2594 1598 glossis

313 1630 717 1710 Amplonianis
792 1631 946 1709 apud
1022 1629 1325 1689 Loewium
1392 1627 1691 1707 prodrom.
1757 1626 1931 1705 glosS.
1998 1647 2052 1706 p.
2096 1623 2220 1688 136
2287 1635 2346 1686 et
2417 1625 2591 1705 gloss

308 1739 529 1798 nomin.
574 1757 630 1817 p.
673 1734 822 1817 140,
867 1735 1073 1796 Isidor.
1113 1738 1257 1814 orig.
1297 1733 1376 1794 XI
1416 1733 1472 1816 1,
1510 1730 1614 1797 59.
1691 1735 1800 1794 hoc
1848 1735 1919 1794 de
1968 1752 2217 1794 mamma
2266 1753 2296 1794 a
2336 1733 2596 1793 Varrone

308 1844 536 1905 dictum
584 1863 716 1905 esse
764 1843 1125 1904 credendum
1175 1860 1291 1902 non
1340 1849 1468 1903 erat
1520 1841 1966 1922 interpretibus,
2059 1845 2258 1921 itaque
2305 1844 2365 1901 in
2415 1843 2599 1921 scrip-

307 1963 440 2012 tura
489 1951 797 2032 archetypi
843 1951 1020 2012 verba
1077 1951 1230 2012 haud
1292 1949 1470 2010 dubie
1528 1957 1819 2029 corrupta*
1869 1953 2001 2010 siue
2046 1953 2390 2023 ruminare,
2448 1967 2596 2028 quae

311 2079 383 2120 ex
430 2061 505 2120 iis
555 2078 703 2139 quae
751 2078 930 2139 supra
977 2061 1195 2138 scripta
1245 2066 1415 2118 erant
1462 2060 1638 2118 divae
1677 2058 1980 2118 Ruminae
2027 2056 2301 2117 videntur
2348 2059 2597 2136 repetita

311 2185 461 2247 esse,
509 2165 715 2248 delevi,
764 2165 992 2245 reliqua
1040 2167 1100 2225 in
1147 2165 1307 2225 hunc
1354 2164 1593 2225 modum
1633 2165 1861 2245 refinxi‚
1899 2182 2157 2225 mamma
2195 2169 2351 2226 enim
2389 2168 2597 2239 rumiS,

312 2281 380 2334 ut
424 2281 568 2334 ante
614 2275 927 2334 dicebant:
987 2292 1026 2333 a
1083 2276 1248 2333 rumi
1304 2275 1485 2333 eliam
1540 2290 1706 2333 nune
1760 2275 2052 2333 dicuntur
2105 2273 2383 2332 subrumi
2434 2275 2599 2352 aqui,

314 2385 612 2442 lactantes
660 2398 698 2439 a
744 2384 919 2441 lacte.

493 2485 533 2549 6
600 2486 744 2558 Qua
811 2489 1051 2566 spargi
1125 2486 1364 2547 solent
1435 2486 1633 2547 53105
1697 2485 1951 2546 melior
2026 2485 2321 2546 fossiles
2396 2505 2598 2566 quam

316 2594 661 2673 marinus]
720 2598 836 2669 Qui
882 2600 1132 2672 asperqi
1172 2599 1365 2656 solent
1406 2599 1592 2656 sales:
1651 2599 1862 2656 melior
1908 2601 1939 2655 ᾱ
1980 2594 2204 2670 fossilis
2251 2613 2431 2670 quam
2476 2613 2599 2656 ma-

308 2707 488 2764 'rinus
542 2702 782 2763 Merula.
876 2707 908 2761 εἲ
963 2702 1289 2763 Ρο1111311115
1357 2720 1475 2762 11011
1531 2701 1774 2783 delevit3
1832 2703 1933 2762 sed
1991 2704 2050 2762 in
2108 2702 2457 2785 apographis
2514 2710 2603 2763 est

318 2829 430 2870 non
480 2809 713 2888 legitur.
804 2813 952 2885 quin
999 2814 1249 2886 asperyi
1289 2814 1481 2870 solent
1523 2814 1710 2884 saleS,
1757 2813 1969 2871 melior
2008 2810 2234 2886 fossilis
2279 2809 2598 2870 locandus,

318 2921 422 2992 qui
466 2920 740 2994 inspergi
781 2922 971 2979 solent
1015 2916 1285 2977 Ursinus,
1368 2935 1477 2996 pro
1524 2916 1636 2976 hoo
1683 2921 1792 2992 qui
1834 2921 2090 2993 asparqi
2132 2921 2323 2978 solent
2369 2918 2599 2998 scripsi,

318 3025 371 3085 h.
411 3043 461 3085 e.
513 3043 582 3084 ex
629 3027 703 3085 iis
751 3023 998 3106 salibuS‚
1063 3027 1165 3104 qni
1232 3024 1368 3085 lacti
1423 3026 1657 3104 aspargi
1712 3023 1927 3105 solent,
1976 3024 2193 3084 fossilis
2249 3023 2332 3082 sal
2390 3023 2600 3083 melior

317 3149 492 3211 quam
542 3133 831 3193 marinus:
892 3150 1138 3212 geopon.
1189 3130 1369 3191 XVIII
1411 3128 1509 3212 19,
1546 3130 1587 3193 2
1634 3124 1743 3192 καὶ
1789 3121 1944 3204 ἅλες
1989 3124 2063 3191 δὲ
2110 3124 2394 3212 φρυκτοὶ
2440 3123 2597 3211 πήσ-

319 3251 513 3300 σουσι
559 3231 731 3317 γάλα
790 3232 899 3299 καὶ
948 3236 1152 3318 συκῆς
1210 3229 1373 3311 ὀπὸς
1427 3232 1536 3299 καὶ
1594 3228 1671 3299 τὰ
1730 3229 1948 3299 ἁπαλὰ
2004 3229 2206 3319 αὐτῆς
2259 3237 2509 3300 κλωνία
2559 3227 2597 3319 ἢ

319 3337 556 3425 φύλλα.

500 3450 535 3513 7
603 3452 859 3514 Eadem
916 3473 989 3514 re
1047 3451 1566 3534 perinungunt]
1618 3455 1979 3529 Perunyunt
2023 3452 2177 3513 edita
2226 3462 2359 3514 ante
2408 3452 2598 3514 Victo-

323 3561 475 3621 rium
526 3561 898 3642 exemplaria,
935 3565 1358 3639 perinunqunt
1406 3580 1477 3621 ex
1525 3560 1728 3621 codice
1776 3560 1939 3621 dedit
1983 3560 2298 3622 Victorius

498 3664 539 3728 9
608 3667 772 3729 Cum
820 3668 970 3729 sole
1019 3667 1367 3729 calidiore
1416 3676 1621 3728 tonsa
1668 3686 1748 3728 ex
1797 3667 2059 3727 sudore
2108 3669 2263 3727 01115
2312 3667 2466 3728 13113
2514 3668 2601 3728 fit

325 3774 630 3852 mollior]
689 3778 986 3848 Quoniam
1031 3780 1154 3837 sole
1191 3776 1346 3836 edita
1393 3776 1531 3836 inde
1570 3773 1642 3835 ab
1682 3774 1887 3834 Aldina
1933 3773 2190 3835 editione
2229 3774 2599 3853 exemplaria.

323 3899 400 3942 ex
462 3885 690 3943 sudore
753 3885 878 3943 ovis
942 3884 1196 3943 coniecit
1252 3881 1578 3962 Gesnerus‚
1646 3881 1802 3961 qnod
1862 3881 2258 3943 Schneiderus
2314 3881 2598 3961 probavit.

324 3991 595 4049 restituta
644 3987 895 4050 lectione
955 3987 1256 4068 archetypi
1302 4006 1439 4048 vera
1498 3988 1814 4048 verborum
1871 3990 2219 4067 compositio
2278 3987 2446 4048 facile
2504 4008 2599 4068 ap-

322 4102 507 4177 paret,
531 4143 534 4144 .
555 4113 693 4157 cum
737 4100 860 4157 sole
906 4097 1202 4157 calidiore
1248 4103 1438 4170 tonsa,
1477 4114 1555 4156 ex
1601 4099 1825 4157 sudore
1870 4099 2000 4157 eius
2046 4100 2191 4157 lana
2230 4099 2306 4170 fit
2349 4099 2599 4157 mollior.

322 4210 464 4283 tum,
514 4221 648 4264 cnm
698 4205 822 4264 ovis
869 4202 1145 4263 calidiore
1195 4202 1316 4263 sole
1366 4213 1531 4263 tonsa
1580 4212 1690 4284 est,
1727 4221 1797 4263 ex
1847 4180 2063 4263 sudore
2113 4205 2243 4263 eius
2290 4201 2419 4263 lana
2460 4202 2599 4262 mol-

324 4312 433 4371 lior
492 4312 571 4371 fit.
664 4310 865 4371 eadem
929 4313 1374 4391 praecipiuntur
1438 4313 1498 4371 in
1565 4312 1904 4390 geoponicis
1961 4309 2144 4370 XVIII
2183 4307 2241 4391 8,
2276 4306 2320 4369 4
2375 4317 2600 4390 τηρεῖν

328 4410 398 4478 δὲ
445 4409 569 4498 χρὴ
637 4408 815 4489 ὅπως
870 4402 944 4479 εὖ
999 4413 1378 4498 μεμαγμένα
1434 4408 1594 4497 μετὰ
1651 4408 1918 4496 πρώτην
1976 4407 2188 4499 ὤραν,
2244 4406 2603 4496 ἀνεξηραμ-

328 4519 524 4605 μένης
585 4526 702 4603 τῆς
760 4519 831 4584 ἐν
893 4532 1029 4597 τοῖς
1090 4520 1294 4606 ἐρίοις
1354 4516 1464 4585 διὰ
1529 4514 1769 4596 νυκτὸς
1835 4515 2267 4605 ἐπιπεσούσης
2333 4517 2601 4605 δρόσου,
