3178 5185
599 418 725 483 190
1280 423 1661 478 COMMENT.
1700 422 1779 476 IN
1817 420 2196 475 VARRONIS

597 586 988 661 pepererunt,
1054 579 1284 640 adiecto
1341 578 1413 638 ad
1470 578 1705 638 faenum
1768 575 1993 637 hordeo
2049 593 2200 654 aqua
2256 574 2348 635 bis
2412 574 2506 637 die
2565 576 2696 638 data
2763 596 2884 656 pas-

598 687 773 748 cendi
820 695 976 765 sunt.

777 794 1037 853 Horum
1089 794 1369 854 feturae
1431 793 1721 871 initium
1780 790 2244 851 admissionis
2300 791 2541 851 facere
2599 798 2886 869 oportet

599 901 679 961 ab
728 902 1195 980 aequinoctio
1243 918 1464 960 uerno
1522 908 1591 959 et
1648 895 2088 974 solstitium]
2146 899 2246 958 Ad
2286 901 2605 959 solstitium
2654 898 2888 960 Merula.

601 1012 676 1069 de
722 1010 939 1069 horum
979 1006 1231 1083 foetura
1279 1005 1609 1066 Pontedera
1660 1025 1714 1084 p.
1754 1001 1906 1087 434,
1954 1003 2112 1084 qnod
2154 1002 2560 1065 Schneiderus
2606 1004 2887 1083 probavit.

599 1115 755 1175 idem
805 1114 1039 1175 dicendi
1088 1132 1276 1193 genus
1325 1120 1416 1173 est
1463 1112 1515 1171 II
1555 1109 1615 1192 9,
1651 1109 1728 1172 11
1779 1111 1852 1171 de
1901 1110 2190 1196 canibus,
2231 1110 2481 1186 feturae
2520 1114 2887 1188 principium

601 1224 965 1283 admittendi
999 1221 1250 1298 faciunt
1294 1223 1455 1281 veris
1495 1221 1824 1296 principio,
1873 1217 1974 1277 ubi
2022 1222 2098 1279 de
2139 1217 2351 1293 fetura
2390 1218 2528 1278 inde
2576 1218 2649 1278 ab
2690 1218 2887 1279 Aldina

603 1329 861 1390 editione
909 1336 1219 1406 receptum
1266 1336 1409 1388 erat.
1479 1325 1732 1401 feturae
1778 1335 1975 1385 autem
2025 1327 2075 1386 si
2114 1343 2319 1385 verum
2359 1334 2468 1405 est,
2515 1325 2712 1386 dativo
2757 1344 2886 1386 casu

603 1436 825 1497 dictum
875 1436 1371 1515 remssignificat,
1430 1441 1676 1512 propter
1735 1451 1910 1511 quam
1960 1432 2349 1493 admissiones
2406 1432 2584 1513 fiunt,
2630 1433 2691 1494 h.
2730 1452 2779 1493 e.
2823 1432 2887 1492 ad

602 1544 876 1625 feturam,
925 1541 976 1601 11
1013 1539 1074 1625 4,
1106 1540 1142 1603 7
1193 1544 1280 1602 ad
1314 1540 1589 1617 feturam
1637 1558 1848 1601 verres
1895 1542 2129 1600 duobus
2174 1541 2477 1599 mensibus
2514 1545 2659 1600 ante
2695 1557 2885 1600 secer-

605 1652 807 1712 nendi.
883 1650 1097 1710 deinde
1145 1648 1553 1728 neglegentiae
1603 1647 1841 1707 dicendi
1886 1646 2273 1708 tribuendum
2314 1655 2422 1726 est,
2467 1645 2624 1724 quod
2665 1648 2890 1707 initium

606 1757 983 1817 admissionis
1031 1751 1162 1816 fleri
1210 1756 1429 1816 dicitur
1475 1754 1548 1815 ab
1597 1746 1973 1834 aequinoctio
2022 1754 2093 1814 ad
2142 1752 2483 1834 solstitium,
2540 1772 2679 1814 cum
2727 1772 2888 1814 omne

608 1873 842 1942 tempus
892 1862 1242 1924 admittendi
1288 1862 1547 1922 dicatur:
1613 1860 1667 1920 II
1713 1858 1884 1942 11,4
1942 1879 2187 1922 caseum
2235 1859 2455 1936 faeere
2515 1864 2815 1937 incipiunt
2856 1880 2890 1920 a

606 1974 878 2046 verqiliis
923 1973 1127 2031 vernis
1174 1972 1409 2030 exortis
1456 1971 1542 2029 ad
1586 1972 1850 2029 aestivas
1896 1971 2203 2043 verqilias.

786 2076 826 2139 8
891 2075 1289 2137 Admittere
1339 2083 1634 2154 oportet
1691 2093 1848 2135 cum
1895 2082 2175 2155 tempus
2230 2077 2399 2134 anni
2454 2076 2749 2135 uenerit
2791 2073 2891 2133 bis

608 2186 720 2246 die
782 2202 980 2244 mane
1042 2192 1110 2244 et
1167 2201 1474 2261 uespere
1530 2184 1870 2261 peroriga
1927 2183 2126 2241 misit
2183 2181 2594 2261 appellatur
2653 2182 2892 2261 quiqui

609 2290 966 2369 admittit]
1010 2291 1346 2351 Admittere
1383 2296 1622 2367 oportet
1655 2321 1743 2331 —
1773 2307 2021 2366 vespere
2061 2336 2074 2348 .
2105 2292 2403 2365 peroriqa
2442 2292 2602 2349 enim
2640 2292 2897 2367 appella-

610 2408 712 2461 tur
758 2401 1029 2474 quisquis
1070 2400 1333 2459 admittit
1370 2396 1595 2471 Merula
1637 2445 1650 2457 .
1690 2399 2014 2458 admittere
2051 2403 2290 2472 oportet
2330 2428 2404 2439 -
2447 2415 2700 2474 vespere
2728 2415 2898 2473 pero·

610 2509 812 2580 riqam
851 2551 864 2565 .
902 2508 992 2565 sie
1039 2509 1386 2583 appellatur
1424 2512 1537 2564 etc.
1579 2505 1835 2564 coniecit
1873 2502 2188 2583 Victorius,
2241 2498 2338 2563 ‘ut
2365 2507 2731 2581 peroriqam
2770 2523 2897 2564 cum

616 2614 925 2692 superiore
974 2622 1142 2691 parte
1199 2608 1492 2675 haereat'.
1575 2615 1900 2674 admittere
1956 2618 2193 2688 oportet
2238 2644 2318 2654 —
2370 2630 2619 2689 vespere
2668 2614 2899 2688 perori-

609 2737 770 2795 qam.
847 2723 897 2780 is
954 2723 1040 2780 ita
1099 2724 1472 2797 appellatur,
1533 2723 1749 2795 quiqui
1812 2722 2078 2780 admittit
2133 2717 2411 2798 Scaliger.
2488 2738 2608 2795 per·
2673 2723 2903 2794 oriqam

612 2825 998 2887 scribendum
1049 2844 1180 2886 esse
1239 2826 1382 2888 vidit
1438 2826 1773 2887 Pontedera
1829 2846 1886 2906 p.
1923 2823 2084 2906 434,
2140 2825 2299 2905 quod
2358 2826 2763 2887 Schneiderus
2817 2844 2902 2885 re·

613 2935 788 3011 cepit.
865 2937 1046 3009 oriqa
1095 2953 1203 3013 pro
1254 2937 1500 3015 auriqa,
1546 2943 1613 2995 ut
1660 2935 1951 3012 scriptum
2000 2943 2090 2994 est
2136 2942 2340 3012 postea
2389 2932 2428 3011 ἓ
2465 2929 2525 3015 9,
2571 2933 2792 3013 legitur
2839 2932 2903 2992 de

613 3040 816 3100 eadem
878 3059 944 3100 re
991 3040 1043 3100 11
1082 3040 1149 3122 8,
1188 3039 1234 3102 4
1289 3044 1546 3116 itemque
1592 3049 1662 3101 ut
1716 3044 1885 3102 ineat
1937 3059 2125 3116 equas
2172 3059 2289 3117 per
2345 3044 2556 3115 oriqas
2601 3058 2905 3102 curamus.

613 3157 923 3226 praeterea
961 3147 1190 3208 Plinius
1231 3146 1359 3206 VIII
1403 3143 1528 3208 156
1578 3146 1688 3208 hac
1728 3148 1913 3207 forma
1962 3147 2193 3208 videtur
2242 3165 2388 3207 usus
2434 3165 2566 3207 esse
2605 3149 2669 3206 in
2709 3146 2903 3207 eadem

612 3272 710 3332 re,
758 3272 956 3328 aequa
1004 3272 1084 3315 ex
1131 3273 1324 3315 eausa
1373 3258 1435 3315 in
1489 3256 1747 3315 Reatino
1796 3272 1950 3329 aqro
1996 3258 2336 3314 laceratum
2401 3257 2641 3328 oriqam
2691 3256 2907 3314 inveni-

618 3378 750 3420 mus
790 3360 889 3420 ubi
922 3365 1244 3437 proriqam
1282 3363 1343 3420 in
1381 3360 1551 3421 libris
1592 3379 1768 3421 manu
1808 3363 2048 3439 scriptis
2087 3361 2323 3440 legitur.
2397 3363 2636 3421 inanem
2673 3378 2904 3440 operam

614 3475 811 3527 autem
869 3467 1006 3527 olIm
1066 3466 1345 3527 Varronis
1402 3477 1462 3528 et
1520 3467 1696 3528 Plinii
1751 3470 2113 3547 interpretes
2165 3470 2226 3528 in
2284 3477 2569 3546 corrupto
2626 3467 2905 3529 vocabulo

616 3572 963 3653 explicando
1031 3574 1120 3633 vel
1183 3575 1536 3653 corrigendo
1604 3583 2134 3655 consumpserunt,
2201 3594 2336 3636 cum
2398 3579 2761 3652 peroriqam
2826 3574 2905 3634 vel

609 3685 949 3757 proriqam‚
990 3685 1338 3758 pruriqam,
1378 3686 1781 3758 praeoriqam
1827 3684 2069 3761 proprio
2117 3684 2355 3743 nomine
2415 3681 2701 3761 appellari
2748 3693 2903 3762 puta·

616 3797 752 3848 rent
798 3807 932 3849 eum
982 3790 1084 3867 qui
1133 3807 1319 3868 equos
1366 3788 1640 3851 admittit.
1726 3807 1844 3849 non
1910 3791 2097 3849 maior
2154 3789 2298 3849 fides
2338 3788 2604 3849 eiusdem
2649 3786 2904 3848 vocabuli

618 3903 709 3956 est
755 3896 911 3975 apud
950 3895 1382 3957 Tertullianum
1423 3896 1495 3957 de
1537 3898 1902 3975 monogamia
1944 3915 1996 3955 c.
2040 3892 2095 3976 1,
2145 3900 2303 3957 inter
2346 3899 2576 3957 alienos
2611 3898 2903 3972 spadones

619 4011 678 4065 et
715 4007 972 4079 auriqas
1012 4011 1145 4065 tuos
1183 4007 1536 4064 tantundem
1575 4007 1856 4078 quereris
1895 4006 1970 4064 de
2006 4006 2330 4064 domestico
2375 4005 2677 4077 obsequio,
2726 4020 2901 4077 quan-

617 4119 741 4172 tum
798 4113 873 4171 de
911 4110 1168 4187 fastidio
1225 4119 1548 4186 extraneo,
1606 4108 1710 4170 uhi
1764 4128 1874 4189 pro
1928 4112 2186 4185 auriqas
2243 4109 2533 4188 Rigaltius
2582 4112 2902 4185 peroriqas

618 4219 874 4295 scripsit.
918 4249 994 4259 —
1039 4219 1130 4277 bis
1177 4221 1240 4278 in
1288 4220 1388 4279 die
1433 4220 1495 4278 in
1552 4217 1812 4278 editione
1863 4216 2325 4277 Commeliniana
2383 4217 2729 4276 coniectura
2790 4213 2900 4293 Syl·

621 4324 832 4405 burgii,
880 4331 946 4384 ut
993 4322 1245 4399 videtur,
1294 4325 1536 4399 editum,
1585 4324 1798 4384 deinde
1847 4342 1877 4382 a
1927 4323 2177 4403 reliquis
2226 4322 2559 4383 editoribus
2602 4330 2900 4401 receptum

618 4440 771 4511 erat,
835 4433 926 4491 bis
982 4433 1082 4491 die
1138 4411 1272 4491 lib'ri
1334 4449 1509 4491 manu
1566 4433 1775 4509 scripti
1833 4438 1893 4489 et
1949 4429 2243 4491 editiones
2300 4431 2699 4509 antiquioroS,
2756 4425 2899 4507 quod

625 4539 880 4598 restitui.
975 4546 1282 4624 praeterea
1329 4541 1437 4613 qui
1481 4540 1746 4598 admittit
1791 4538 2033 4618 scripsi,
2093 4538 2415 4597 admittere
2461 4543 2721 4612 oportet,
2777 4550 2899 4596 eum
