3178 5185
561 425 691 488 306
1546 419 1922 476 VARRONIS

559 592 908 671 ligurriunt,
965 608 1081 668 quo
1140 608 1313 648 nemo
1360 590 1467 648 has
1514 589 1701 668 videt,
1758 596 1825 647 ut
1871 587 2027 666 illas,
2083 589 2145 646 in
2194 605 2370 646 carne
2418 595 2520 647 aut
2570 587 2869 664 sanguine

562 707 665 758 aut
739 696 927 776 adipe.
1038 696 1172 755 ideo
1246 695 1420 756 modo
1488 695 1832 776 considunt,
1909 693 2024 771 [in]
2092 712 2345 772 quorum
2410 711 2585 772 sapor
2654 691 2872 752 dulcis,

513 813 547 868 7
578 806 816 865 minime
866 804 1145 885 malefica,
1192 804 1347 882 quod
1388 803 1610 863 nullius
1648 820 1798 882 opus
1836 801 2113 862 vellicans
2152 804 2290 862 facit
2328 802 2619 882 deterius;
2670 817 2871 878 neque

559 917 793 992 ignava,
860 920 928 972 ut
993 930 1139 992 non,
1205 913 1309 990 qui
1385 913 1513 971 eins
1579 917 1830 970 conetur
1890 909 2255 990 disturbare,
2321 911 2587 989 resistat3
2666 927 2870 987 neque

560 1029 756 1080 tamen
819 1022 1017 1079 nescia
1067 1037 1206 1079 suae
1255 1017 1676 1079 inbecillitatis,
1769 1036 1918 1096 quae
1967 1036 2101 1077 cum
2151 1036 2326 1077 causa
2372 1034 2682 1105 musarum
2734 1033 2869 1075 esse
2924 1027 2948 1066 5

561 1127 844 1188 dicuntur
891 1125 1189 1206 volucreS,
1248 1126 1402 1204 quod
1454 1134 1539 1206 et,
1587 1127 1639 1185 si
1686 1116 1920 1203 quando
1969 1124 2313 1203 displicatae
2362 1132 2529 1204 sunt,
2578 1122 2872 1203 cymbalis

528 1234 620 1296 *et
666 1234 973 1314 plausibus
1021 1252 1270 1294 numero
1319 1232 1658 1293 redducunt
1704 1235 1766 1291 in
1812 1231 2007 1292 locum
2057 1251 2269 1313 unum3
2318 1240 2379 1291 et
2423 1212 2518 1291 his
2566 1231 2659 1290 dis
2710 1229 2871 1290 Heli-

565 1360 711 1403 cona
761 1349 938 1419 atque
979 1339 1266 1419 Olympon
1316 1337 1737 1399 adtribuerunt
1781 1339 2070 1420 homines,
2119 1341 2205 1398 sic
2252 1337 2347 1398 his
2394 1337 2637 1397 floridos
2679 1345 2742 1397 et
2782 1340 2870 1396 in-

510 1450 763 1512 8cultos
810 1456 1020 1508 natura
1067 1446 1356 1506 adtribuit
1400 1454 1650 1506 montes.
1746 1464 1945 1524 regem
1995 1464 2169 1506 sunm
2217 1453 2529 1526 secuntur,
2578 1463 2869 1523 quocum·

563 1574 677 1634 que
725 1557 789 1636 it,
837 1562 896 1614 et
934 1554 1157 1614 fessum
1198 1551 1532 1632 sublevant,
1582 1560 1642 1611 et
1688 1553 1741 1611 si
1778 1554 1987 1631 nequit
2034 1551 2257 1633 volare,
2305 1550 2650 1630 succollant,
2703 1552 2864 1630 quod
2894 1556 2946 1594 ¹0

563 1680 699 1722 eum
738 1680 973 1722 servare
1014 1659 1235 1719 volunt.
1312 1677 1505 1738 neque
1543 1661 1706 1738 ipsae
1747 1666 1887 1718 sunt
1923 1659 2255 1719 inficientes
2296 1676 2406 1718 nec
2448 1677 2565 1718 non
2604 1659 2868 1719 oderunt

563 1770 803 1828 inertes
898 1769 1096 1847 itaque
1155 1769 1515 1826 insectantes
1572 1766 1645 1826 ab
1707 1785 1770 1826 se
1802 1768 2053 1840 ⁴eiciunt
2099 1767 2293 1846 fucos,
2351 1765 2508 1845 quod
2555 1765 2619 1825 hi
2668 1784 2866 1845 neque

563 1875 841 1936 adiuvant
888 1883 948 1934 et
993 1873 1109 1934 mel
1157 1880 1543 1954 consumunt,
1593 1891 1742 1952 quos
1793 1874 2166 1933 vocificantes
2212 1872 2416 1951 plures
2462 1882 2868 1951 persecuntur

564 2069 989 2077 ——ffl

710 2216 736 2262 1
805 2207 1146 2278 ling-urriunt
1209 2206 1387 2261 PAB
1451 2204 1727 2275 liguriunt
1791 2223 1837 2261 v.
1930 2205 2077 2260 ‘Non
2129 2207 2192 2259 ut
2254 2221 2478 2259 muscae
2544 2205 2863 2274 ligurriunt.

564 2300 695 2353 Duo
741 2316 802 2352 rr
847 2299 946 2351 hoc
991 2296 1218 2350 uerbum
1261 2296 1454 2349 habere
1499 2296 1562 2348 in
1607 2296 1827 2363 optimis
1872 2295 2295 2363 exemplaribu8‚
2351 2300 2400 2349 et
2444 2296 2558 2362 hic,
2616 2301 2665 2349 et
2710 2297 2866 2364 apud

565 2388 878 2442 Terentiam
923 2385 1238 2440 obseruaui’
1289 2384 1562 2440 Victorius
1708 2385 1859 2452 quod
1903 2400 2068 2439 nemo
2119 2384 2295 2438 VAB
2437 2391 2469 2438 2
2516 2383 2645 2439 ideo
2694 2384 2863 2439 modo

565 2476 860 2531 considunt
894 2475 1013 2528 AB
1058 2471 1186 2528 ideo
1235 2474 1401 2528 modo
1449 2491 1514 2528 eo
1563 2473 1862 2528 considunt
1910 2473 1961 2525 V
1986 2517 1998 2530 .
2028 2475 2258 2540 fortasse
2302 2474 2361 2527 iu
2408 2475 2488 2527 eis
2523 2474 2691 2527 modo
2732 2491 2863 2528 con-

565 2564 758 2620 sidunt
936 2562 997 2617 in
1043 2579 1275 2633 quorum
1314 2579 1479 2632 sapor
1516 2563 1695 2618 PAB
1732 2563 1790 2617 in
1828 2580 1936 2631 quo
1978 2567 2061 2618 est
2096 2580 2261 2632 sapor
2297 2580 2327 2617 v
2499 2563 2701 2635 dulcis]
2742 2563 2862 2617 dul-

566 2656 813 2724 cissime,
868 2657 961 2709 sed
1016 2653 1154 2708 sime
1209 2656 1438 2709 deletum
1484 2655 1540 2707 A
1685 2660 1716 2707 3
1774 2653 2049 2708 maleficia
2095 2654 2151 2708 A
2205 2670 2342 2709 corr.
2401 2684 2467 2693 —-
2526 2670 2592 2707 ca
2637 2653 2719 2707 A'

563 2745 797 2815 nullius]
856 2745 954 2798 nul
985 2746 993 2813 Ι
1027 2761 1130 2797 nus
1186 2747 1239 2797 A
1400 2742 1543 2797 facit
1596 2744 2021 2812 superscriptum
2075 2744 2138 2797 in
2184 2743 2239 2795 A
2392 2748 2426 2795 4
2482 2744 2547 2796 ut
2598 2762 2709 2799 non
2766 2746 2861 2813 qui

565 2888 686 2943 eius
731 2889 962 2942 conetur
989 2888 1045 2943 B
1082 2888 1148 2940 ut
1183 2903 1296 2940 non
1333 2887 1430 2954 qui
1468 2889 1700 2941 conetur
1733 2886 1788 2938 P
1822 2887 1885 2938 ut
1920 2903 2033 2938 nun
2066 2887 2221 2954 (corr.
2251 2888 2384 2957 non)
2405 2862 2520 2957 ⁰c¹1ui
2550 2847 2857 2943 eiugpclgne-

564 2980 658 3032 tur
702 2978 786 3043 A,
850 2979 948 3032 ubi
1013 2976 1066 3030 ei
1129 2981 1180 3031 et
1245 2993 1382 3046 opus
1437 2980 1631 3045 postea
1694 2976 1901 3029 minore
1955 2977 2234 3044 scriptura
2288 2980 2659 3047 superscripta
2713 2983 2860 3044 sunt,

563 3069 628 3123 ut
683 3084 793 3121 non
851 3065 1035 3134 siqui
1093 3065 1210 3117 eius
1268 3080 1406 3134 opus
1465 3066 1696 3118 conetur
1741 3082 1794 3117 m
1851 3065 1913 3117 ut
1967 3080 2075 3117 non
2134 3066 2184 3118 ei
2231 3065 2327 3135 qui
2374 3068 2606 3122 conetur
2651 3084 2683 3120 v
2828 3073 2857 3120 5

564 3153 953 3211 inbecillitatis
989 3155 1047 3209 A
1082 3153 1492 3209 imbecillitatis
1541 3154 1654 3207 VB
1835 3160 1866 3206 6
1906 3153 2102 3208 dicunt
2142 3155 2323 3209 PAB
2360 3155 2618 3223 dicantur
2652 3174 2685 3211 v

566 3246 821 3301 uolucres
863 3276 925 3284 --
966 3245 1239 3299 reducunt
1283 3244 1346 3298 in
1391 3243 1639 3311 margine
1685 3244 1895 3312 scripta
1940 3248 2071 3298 sunt
2117 3244 2180 3297 in
2227 3244 2282 3298 A
2428 3246 2699 3314 cymbalis
2751 3245 2858 3299 VB

1580 3344 1609 3371 a

567 3386 899 3442 cimbalisA
991 3393 1020 3440 7
1052 3386 1344 3456 plausibus
1373 3384 1486 3440 VB
1516 3384 1769 3454 plusibus
1788 3385 1843 3439 A
1871 3384 2127 3455 pulsibus
2155 3403 2208 3440 m
2296 3387 2527 3453 fortasse
2552 3388 2858 3445 numerosis

710 3476 1022 3531 redducunt
1068 3475 1123 3528 P
1172 3475 1450 3528 reducunt
1495 3474 1676 3529 ABv.
1764 3473 2030 3530 ‘Numero
2077 3475 2406 3532 redducunt.
2492 3480 2573 3532 I‘n
2618 3481 2859 3549 antiquis

567 3568 676 3621 duo
723 3565 827 3631 dd,
870 3566 968 3619 hoc
1016 3567 1241 3619 uerbum
1280 3564 1459 3620 habet’
1510 3563 1785 3618 Victorias
1929 3567 1987 3617 et
2023 3564 2111 3619 his
2150 3565 2329 3620 PAB
2365 3569 2423 3621 et
2459 3569 2524 3621 ut
2558 3569 2647 3623 his
2684 3587 2716 3623 v

569 3654 656 3708 dis
692 3654 748 3708 A
787 3653 894 3707 diis
943 3653 1054 3706 VB
1198 3653 1421 3708 helicon
1459 3653 1579 3706 AB
1618 3652 1798 3706 elicon
1838 3652 1893 3704 P
1922 3651 2142 3707 elicona
2186 3672 2218 3707 v
2354 3645 2386 3710 8
2424 3658 2593 3724 atque
2631 3660 2727 3712 Bv
2764 3658 2858 3713 ad-

568 3760 675 3813 que
735 3742 854 3797 PA
1027 3742 1293 3811 olympon
1362 3742 1472 3794 VB
1537 3739 1789 3809 olimpon
1844 3740 1899 3793 A
2071 3740 2463 3797 adtribuerunt
2521 3746 2638 3798 PA
2706 3747 2858 3801 attri-

567 3834 810 3888 buerunt
836 3834 935 3887 Bv
1045 3837 1075 3885 9
1115 3833 1316 3886 natura
1353 3828 1615 3884 attribuit
1650 3847 1743 3883 mv
1780 3831 1982 3883 natura
2019 3830 2348 3886 adtribuunt
2373 3835 2428 3887 A
2464 3835 2669 3889 natura
2706 3835 2859 3890 attri-

568 3922 747 3976 buunt
777 3921 897 3975 PB
1042 3922 1302 3974 secuntur
1335 3919 1515 3973 PAB
1555 3921 1862 3987 sequuntur
1889 3935 1920 3972 v
2066 3937 2393 3990 quocunque
2434 3924 2486 3982 V
2630 3931 2695 3980 10
2732 3926 2780 3979 it
2804 3929 2860 3980 et

567 4011 775 4065 fessum
835 4010 944 4063 Vm
997 4012 1062 4063 ut
1115 4009 1323 4064 fessum
1371 4026 1506 4065 corr.
1556 4009 1603 4063 it
1649 4010 1706 4062 et
1749 4008 1959 4062 fessum
2005 4010 2060 4064 A
2105 4014 2169 4064 ut
2216 4012 2274 4064 et
2317 4012 2525 4067 fessum
2572 4015 2628 4067 B
2769 4032 2858 4069 ne-

571 4099 693 4167 quit
752 4098 863 4152 VB
910 4096 1120 4166 nequid
1164 4100 1219 4151 A
1374 4098 1683 4154 succollant
1727 4114 1759 4150 v
1808 4098 2099 4153 succolant
2147 4100 2329 4155 PAB
2377 4104 2677 4159 subuolant
2722 4105 2860 4159 A‘m

662 4193 727 4240 11
756 4186 913 4257 ipsae
942 4189 1006 4241 in
1033 4189 1280 4257 maryine
1305 4190 1570 4256 scriptum
1587 4188 1652 4241 in
1670 4187 1726 4239 B
1819 4194 1881 4239 12
1912 4174 2263 4257 inpectantes
2283 4189 2339 4243 A
2358 4190 2729 4260 impectantes
2750 4194 2860 4247 PB

570 4277 908 4347 impetentes
945 4294 993 4330 v.
1073 4276 1290 4345 ‘Itaque
1328 4276 1668 4330 insectantes
1715 4291 1749 4327 a
1787 4292 1844 4329 se
1883 4275 2095 4330 eiciunt
2131 4276 2301 4333 fucos.
2379 4280 2479 4334 Ita
2515 4298 2587 4336 exv
2620 4284 2861 4352 antiquis

573 4366 848 4420 codicibus
884 4366 1172 4419 emendaai
1200 4408 1212 4421 .
1242 4370 1399 4419 aetus
1436 4365 1591 4417 lectio
1620 4380 1864 4431 paruam
1893 4366 2165 4419 maculam
2192 4368 2439 4434 habebat,
2477 4387 2642 4438 quam
2672 4373 2859 4427 delevi.

570 4454 766 4523 Itaque
814 4454 1187 4523 impectantes
1227 4457 1332 4509 etc.
1418 4452 1597 4506 Vnius
1644 4453 1819 4522 igitur
1867 4454 2055 4508 literae
2091 4458 2348 4511 correctio
2386 4462 2552 4513 tota-m
2591 4478 2702 4515 rem
2739 4477 2858 4515 con·

570 4543 721 4611 fecit'
774 4542 1051 4599 Victorius
1198 4549 1264 4597 13
1301 4543 1669 4612 persecuntur
1709 4541 1894 4594 PAB
1930 4546 2341 4612 persequuntur
2376 4563 2409 4600 v
