3178 5185
571 403 700 468 238
1554 403 1927 459 VARRONIS

573 571 811 650 quidam
869 571 941 631 de
999 571 1239 652 italicis,
1295 589 1446 650 quos
1503 579 1749 651 propter
1797 570 2243 649 amplitudinem
2290 577 2596 649 praestare
2646 570 2893 650 dicunt,

572 679 642 738 ad
719 680 985 738 victimas
1059 679 1284 739 faciunt
1358 687 1533 759 atque
1610 679 1681 738 ad
1746 680 1994 739 deorum
2060 687 2298 739 servant
2353 678 2663 757 supplicia.
2771 679 2896 757 qui

574 787 700 846 sine
759 785 937 845 dubio
985 786 1057 846 ad
1105 805 1202 846 res
1249 786 1475 846 divinas
1521 795 1768 865 propter
1815 788 2162 865 dignitatem
2190 785 2617 865 'amplitudinis
2666 795 2725 845 et
2777 802 2893 843 co-

573 892 715 952 loris
772 892 1191 971 praeponendi.
1289 894 1444 971 quod
1503 912 1572 953 eo
1631 895 1816 972 magis
1871 894 1963 975 fit,
2022 893 2177 973 quod
2238 891 2355 952 albi
2409 894 2470 952 in
2528 890 2693 953 Italia
2749 910 2893 952 non

573 1007 690 1059 tam
758 999 1103 1079 frequentes
1169 995 1344 1080 quam
1412 999 1644 1079 [quam]
1715 1003 1776 1060 in
1833 1002 2083 1061 Thracia
2148 1001 2221 1061 ad
2286 994 2537 1081 μέλανα
2592 993 2891 1079 κόλπον,
2952 1021 2978 1060 5

573 1106 677 1167 ubi
723 1106 837 1167 alio
886 1108 1083 1168 colore
1129 1111 1321 1187 pauci.
1415 1126 1517 1168 eos
1565 1127 1702 1169 cum
1750 1110 2006 1169 emimus
2053 1108 2323 1190 domitoS,
2372 1109 2729 1187 stipulamur
2767 1110 2894 1189 sic,

479 1217 554 1272 11
583 1209 814 1274 ‘illosce
862 1214 1041 1275 boves
1089 1234 1264 1277 sanos
1311 1234 1442 1276 esse
1488 1218 1778 1295 noxisque
1825 1211 2174 1296 praestari'3
2221 1234 2355 1276 cum
2404 1219 2658 1276 emimus
2705 1215 2893 1275 indo-

574 1323 776 1402 mitOS,
833 1324 946 1404 sic,
994 1318 1228 1383 ‘illosce
1276 1326 1557 1384 iuvencos
1607 1342 1783 1383 sanos
1828 1331 1992 1383 recte
2042 1322 2231 1402 deque
2279 1340 2494 1408 pecore
2545 1341 2689 1383 sano
2744 1341 2886 1383 esse

574 1430 862 1506 noxisque
901 1432 1192 1508 praestari
1232 1426 1641 1509 Spondesne‘P'
1736 1431 1909 1509 paulo
1951 1430 2259 1490 verbosius
2296 1430 2460 1509 haec,
2509 1432 2614 1509 qui
2652 1429 2890 1490 Mamili

575 1537 838 1596 actiones
895 1545 1182 1600 secuntur
1237 1537 1403 1619 lanii,
1471 1540 1573 1618 qui
1631 1539 1699 1598 ad
1759 1537 2018 1599 cultrum
2073 1538 2283 1598 bovem
2340 1545 2569 1597 emunt:
2637 1538 2747 1615 qui
2806 1536 2884 1596 ad
2917 1559 2969 1597 10

577 1641 806 1723 altaria,
854 1644 1081 1704 hostiae
1131 1646 1439 1724 sanitatem
1489 1665 1608 1706 non
1656 1646 1849 1706 solent
1896 1645 2183 1726 stipulari.

751 1749 1085 1811 Pascuntur
1132 1761 1395 1813 armenta
1443 1753 1919 1813 commodissime
1967 1755 2025 1813 in
2068 1752 2430 1833 nemoribus»,
2477 1752 2582 1813 ubi
2617 1752 2886 1831 virgulta

575 1863 634 1915 et
680 1855 845 1918 frons
891 1859 1101 1919 multa:
1151 1859 1341 1919 bieme
1389 1880 1526 1921 cum
1572 1858 1890 1921 hibernant
1938 1860 2264 1922 secundum
2313 1879 2494 1941 mare,
2542 1868 2712 1920 aestu
2756 1860 2885 1919 abi-

483 1966 560 2021 12
584 1972 799 2042 gantur
845 1968 906 2025 in
956 1974 1184 2027 montes
1232 1968 1558 2029 frondosos.
1651 1976 1896 2047 propter
1944 1969 2192 2029 feturam
2232 1968 2377 2028 baec
2416 1975 2653 2028 servare
2695 1966 2884 2027 soleo.

576 2080 710 2132 ante
767 2053 1155 2134 admissuram
1214 2093 1478 2136 mensem
1538 2094 1722 2136 unum
1780 2094 1853 2135 ne
1902 2076 2035 2136 cibo
2083 2084 2142 2136 et
2188 2078 2427 2154 potione
2477 2094 2540 2135 se
2588 2074 2880 2155 inpleant,
2913 2092 2963 2132 15

579 2180 734 2258 quod
782 2182 1197 2241 existimantur
1243 2181 1475 2242 facilius
1523 2161 1754 2244 macrae
1802 2185 2136 2261 concipere.
2230 2191 2435 2244 contra
2483 2191 2690 2243 tauros
2728 2182 2880 2242 duo-

576 2286 689 2347 bus
754 2287 1060 2348 mensibus
1125 2297 1259 2348 ante
1326 2289 1719 2350 admissuram
1781 2291 1966 2351 herba
2030 2299 2092 2351 et
2147 2291 2311 2369 palea
2369 2310 2436 2350 ac
2492 2290 2664 2350 faeno
2722 2290 2881 2350 facio

575 2394 873 2472 pleniores
921 2404 981 2455 et
1027 2414 1056 2454 a
1108 2395 1342 2455 feminis
1390 2415 1656 2459 secerno,
1747 2397 1935 2457 habeo
1984 2405 2188 2459 tauros
2228 2398 2491 2479 totidem,
2538 2405 2689 2476 quot
2726 2398 2878 2458 Atti-

722 2698 788 2746 15
827 2692 956 2746 ante
984 2661 1361 2746 ‘admissuram
1396 2709 1619 2764 yeopon.
1662 2693 1865 2750 XVII
1896 2701 1928 2749 1

688 2967 716 3015 1
744 2960 1055 3032 praestare]
1092 2965 1257 3029 'p‘fare
1277 2961 1333 3014 A
1406 2967 1438 3015 5
1469 2978 1810 3030 quamquam
1837 2963 1896 3016 in
1913 2964 2133 3021 thracia
2154 2967 2225 3020 ad
2242 2963 2456 3034 μέλανα
2476 2962 2690 3021 κόλπον
2708 2968 2807 3022 ubi
2826 2968 2883 3021 Ρ

579 3067 919 3120 quamquam
966 3051 1022 3103 in
1068 3050 1289 3104 trachia
1335 3050 1407 3104 ad
1447 3042 1763 3105 ΜΕΔΔΝΔ
1810 3054 2161 3108 ΚΟΛΤΤΟΝ
2210 3054 2306 3108 ubi
2342 3055 2398 3108 A
2437 3073 2775 3124 quamquam
2816 3056 2876 3110 in

578 3140 837 3195 thrachia
874 3140 946 3193 ad
983 3139 1080 3194 ubi
1119 3141 1324 3194 lacuna
1353 3146 1478 3209 post
1516 3142 1586 3195 ad
1627 3144 1817 3197 relicta
1854 3149 1903 3198 et
1939 3146 2217 3214 adscripto
2246 3146 2307 3199 in
2334 3147 2581 3214 marqine
2610 3162 2876 3214 graecum

576 3231 633 3283 B
678 3247 847 3298 quam
897 3228 995 3297 qui
1031 3227 1090 3282 in
1129 3229 1347 3283 thracia
1383 3229 1480 3283 ubi
1515 3247 1565 3285 v.
1643 3231 1729 3284 ‘In
1766 3233 2007 3288 Thracia
2044 3232 2119 3288 ad
2156 3232 2371 3304 μέλανα
2418 3230 2645 3288 κόλπον.
2733 3236 2877 3290 Vera

577 3321 708 3374 haec
760 3321 940 3385 lectio,
993 3320 1227 3386 fideliter
1275 3321 1340 3374 in
1387 3321 1767 3390 antiquissimo
1814 3323 1993 3377 codice
2044 3329 2368 3378 conseruata
2405 3344 2422 3376 .·
2458 3341 2590 3389 nam
2635 3326 2699 3378 in
2745 3326 2877 3379 aliis

577 3410 769 3462 inanis
821 3410 967 3463 sedes
1018 3408 1357 3462 Graecarum
1411 3426 1606 3464 uocum
1660 3412 1865 3465 relicta.
1943 3412 1986 3463 I
1983 3429 2023 3465 n
2076 3413 2206 3466 aliis
2259 3430 2327 3467 ne
2380 3414 2573 3468 relicta
2627 3414 2869 3482 quidem'

589 3498 864 3553 Victorius
1079 3503 1109 3551 7
1165 3494 1435 3565 noxisque
1489 3499 1660 3569 'psai-i.
1736 3498 1873 3552 Cum
1921 3500 2157 3556 emimus
2201 3502 2504 3558 indomitos
2550 3500 2631 3555 sic
2676 3501 2875 3557 illosce

576 3589 796 3628 iuuencos
867 3583 874 3591 '
1011 3590 1133 3627 reete
1162 3589 1273 3637 deq3
2327 3588 2328 3591 ’

577 3643 751 3696 boues
804 3657 972 3694 sanos
1027 3646 1098 3696 ee
1143 3641 1275 3696 noxi
1296 3643 1314 3711 ¹l
1349 3658 1408 3708 q3
1456 3641 1627 3710 fffari.
1704 3643 1842 3697 Cum
1899 3642 2133 3699 emimus
2186 3645 2486 3700 indomitos
2542 3646 2621 3700 sic
2676 3647 2875 3703 illosce

578 3731 844 3786 iuuencos
894 3720 1056 3786 sanos
1103 3733 1252 3784 recte
1301 3729 1481 3799 deque
1514 3733 1523 3800 Ι
1553 3747 1782 3800 pecore,
1829 3733 1921 3787 sed
1968 3750 2092 3787 cum
2143 3733 2376 3789 emimus
2418 3767 2479 3774 —
2522 3734 2655 3790 noxi
2683 3739 2876 3805 priore

579 3821 692 3875 loeo
721 3821 894 3875 deleta
923 3820 976 3873 A
1122 3828 1153 3875 9
1194 3820 1291 3890 qui
1319 3837 1418 3876 om.
1449 3822 1503 3873 A
1650 3821 1864 3875 mamili
1894 3822 2074 3877 PAB
2103 3821 2322 3878 Manilii
2349 3841 2382 3878 v
2530 3831 2594 3880 10
2632 3825 2873 3881 actionis

579 3911 840 3964 secuntur
872 3908 990 3962 PB
1027 3910 1269 3964 accionis
1307 3913 1568 3965 secuntur
1595 3911 1650 3963 A
1688 3909 1937 3966 actiones
1976 3915 2280 3979 sequuntur
2315 3930 2347 3967 v
2461 3921 2520 3967 11
2563 3915 2745 3970 solent
2779 3932 2873 3970 mv

579 3999 802 4053 soluent
845 3999 1026 4053 PAB

725 4095 790 4142 13
837 4089 987 4142 frons
1042 4087 1155 4142 VB
1201 4089 1314 4143 fros
1349 4090 1406 4142 A
1452 4106 1589 4144 corr.
1640 4089 1754 4144 fros
1791 4089 1875 4144 A²
2018 4106 2143 4144 cum
2190 4090 2491 4146 hibernant
2534 4094 2876 4148 incluserunt

580 4177 828 4247 Scaliqer
871 4184 922 4232 et
962 4178 1199 4233 Ursinus
1341 4179 1641 4249 abigantur
1669 4179 1850 4233 PAB
1889 4178 2193 4249 abiguntur
2228 4199 2261 4235 v
2408 4188 2474 4235 14
2511 4179 2787 4236 foeturam
2829 4181 2879 4235 V

727 4274 792 4321 15
831 4267 1158 4322 dimit-zuram
1184 4267 1241 4321 A
1276 4284 1413 4323 corr.
1445 4266 1783 4322 admisuram
1813 4267 1896 4321 ΑΣὲ
2040 4286 2108 4324 ne
2148 4269 2271 4324 cibo
2313 4271 2427 4326 VB
2462 4288 2564 4326 nec
2603 4271 2729 4326 cibo
2756 4272 2873 4324 Am

722 4356 979 4425 inpleant
1006 4357 1059 4409 A
1089 4357 1362 4426 impleant
1402 4356 1517 4411 VB
1629 4363 1691 4412 16
1732 4356 2123 4413 existimantur
2152 4360 2208 4412 B
2242 4359 2594 4415 existimatur
2632 4361 2684 4415 V
2708 4359 2872 4416 exsti-

579 4448 803 4500 mantur
831 4446 887 4501 A
915 4447 1254 4500 extimantur
1280 4464 1333 4499 m
1427 4452 1490 4500 17
1521 4445 1686 4500 foeno
1718 4440 1829 4501 VB
1925 4453 1988 4502 18
2017 4448 2277 4504 foeminis
2299 4450 2352 4503 V
2438 4452 2578 4519 quot
2604 4450 2823 4505 Atticus
2843 4465 2872 4502 v

580 4536 730 4604 quod
766 4535 970 4590 atticus
1012 4536 1193 4590 PAB
