3178 5185
833 421 1095 475 RERVM
1130 421 1610 478 RVSTICARVM
1646 424 1780 480 LIB.
1819 426 1871 480 Π
1911 423 2079 482 8-9
2478 420 2604 484 199

500 583 729 644 Canes
775 579 958 637 enim
1005 579 1104 637 ita
1155 588 1405 638 custos
1451 581 1736 658 pecoris
1774 582 2032 640 eteius
2073 585 2189 660 qui
2228 600 2306 642 eo
2344 586 2603 644 comite

320 689 608 769 indiget
655 689 734 750 ad
776 707 846 749 se
889 684 1446 762 defendendum]
1495 688 1704 747 Custos
1735 690 1978 763 pecoris
2016 691 2209 748 omnia
2253 689 2604 772 apographa,

319 804 520 857 custos
578 805 667 858 est
713 797 960 873 pecoris
1015 794 1074 853 in
1131 793 1400 872 principe
1460 791 1719 853 editione
1774 792 2096 856 Politianus
2152 814 2271 856 non
2328 799 2603 873 correxit.

319 906 495 964 canis
543 906 702 963 em'm
750 906 837 964 ita
886 908 1085 963 custos
1132 910 1221 959 est
1253 902 1517 976 pecoris.
1593 903 1744 974 ovis,
1791 902 1955 975 quod
1998 919 2066 962 eo
2113 906 2457 979 comitetur,
2515 907 2604 964 in-

320 1012 490 1084 diyet
527 1012 614 1070 ad
645 1028 712 1071 se
750 1009 1194 1087 defendendum
1223 1006 1464 1087 Merula,
1501 1010 1675 1068 canis
1703 1010 1860 1067 enim
1890 1010 1976 1068 ita
2006 1015 2204 1070 custos
2233 1018 2319 1070 est
2340 1015 2603 1092 pecoriS,

316 1124 382 1176 ut
413 1119 563 1192 eius,
611 1120 775 1191 quod
800 1135 868 1178 eo
899 1118 1113 1177 comite
1150 1117 1383 1189 indicet
1425 1116 1511 1174 ad
1543 1131 1609 1174 se
1648 1112 2089 1188 defendendum
2136 1115 2452 1196 IucunduS,
2501 1116 2602 1178 ubi

317 1226 378 1283 in
427 1222 662 1283 Iuntina
711 1223 970 1284 editione
1018 1229 1108 1283 est
1151 1220 1410 1281 deletum
1450 1230 1509 1279 et
1556 1225 1666 1296 qui
1698 1237 1767 1281 eo
1805 1239 1873 1280 ex
1915 1221 2221 1282 codicibus
2259 1225 2598 1284 restitutum

319 1338 428 1391 est.
507 1335 681 1392 canis
709 1334 865 1392 enim
894 1334 980 1391 ita
1010 1337 1210 1391 custos
1230 1331 1492 1404 pecori-9,
1531 1335 1600 1388 ut
1636 1330 1780 1401 eius,
1820 1329 1983 1402 quod
2016 1346 2086 1389 eo
2124 1347 2251 1408 sqq.
2291 1329 2600 1393 Victorius,

316 1437 645 1517 probabilis
692 1438 1023 1498 emendatio
1063 1441 1380 1514 corruptae
1420 1435 1752 1513 scripturae
1808 1437 2044 1495 inventa
2093 1454 2210 1496 non
2267 1445 2374 1497 est.
2466 1456 2600 1497 nam

316 1545 569 1606 latinum
616 1563 734 1606 uon
785 1554 876 1605 est
923 1543 1077 1624 quod
1130 1542 1389 1620 Scaliger
1447 1543 1777 1622 temptavit,
1835 1546 2009 1603 canis
2064 1546 2220 1604 enim
2267 1547 2354 1604 ita
2402 1552 2602 1607 custos

308 1656 574 1729 pecori-9,
621 1660 690 1713 ut
734 1656 907 1726 enim,
955 1653 1120 1727 quod
1163 1668 1230 1711 eo
1278 1652 1492 1710 comite
1539 1652 1797 1724 indiqet,
1845 1649 2000 1728 quod
2048 1668 2257 1729 graece
2304 1653 2598 1730 interpre-

316 1759 496 1819 tatus‘
528 1767 620 1819 est
664 1751 779 1819 ἅτε
818 1749 900 1838 δὴ
949 1750 1107 1818 δέον
1145 1745 1321 1839 αὐτῷ
1368 1751 1485 1834 τῆς
1521 1743 1733 1815 αὐτοῦ
1769 1753 2107 1835 βοηθείας.
2183 1774 2255 1816 ex
2292 1758 2363 1817 iis
2402 1767 2597 1820 autem

317 1884 469 1944 quae
518 1864 729 1925 deinde
779 1866 849 1925 de
899 1861 1243 1943 pecudibuS,
1292 1880 1442 1941 quae
1490 1860 1562 1921 ab
1600 1863 1823 1941 impetu
1873 1862 2133 1923 ferarum
2180 1881 2244 1923 se
2292 1866 2453 1943 ipsae
2500 1865 2596 1926 de-

318 1973 598 2054 fendunt,
653 1974 874 2051 scripta
930 1978 1068 2030 sunt
1125 1976 1368 2048 apparet
1413 1967 1557 2029 haec
1614 1969 1686 2029 de
1739 1987 1808 2029 eo
1863 1988 2083 2048 genere
2129 1973 2391 2054 pecoris,
2438 1973 2597 2051 quod

317 2079 389 2140 ad
436 2098 501 2140 se
552 2077 988 2140 defendendum
1037 2075 1304 2138 custodia
1342 2077 1506 2135 canis
1543 2074 1787 2156 indiget,
1825 2075 1958 2137 dici.
2032 2075 2103 2136 ad
2144 2095 2317 2156 quam
2362 2088 2595 2139 senten-

318 2190 458 2248 tiam
498 2189 559 2247 in
600 2186 758 2247 hunc
796 2183 1035 2244 modum
1073 2182 1250 2243 verba
1289 2182 1668 2262 conformavi,
1715 2186 1888 2243 canis
1926 2187 2083 2243 em'm
2121 2193 2320 2245 custos
2347 2191 2595 2263 pecoris

316 2298 445 2356 eius
499 2296 664 2369 quod
716 2310 786 2354 eo
851 2294 1065 2353 comite
1112 2293 1343 2366 indicet
1407 2293 1494 2350 ad
1542 2308 1610 2350 se
1667 2289 2126 2365 defendendum.
2201 2310 2333 2352 nam
2392 2311 2593 2368 canes,

319 2400 476 2480 quod
506 2401 618 2462 fuit
646 2403 704 2460 in
736 2398 1075 2478 archetypo,
1112 2405 1355 2476 propter
1389 2405 1733 2475 corruptam
1763 2397 1983 2458 codicis
2013 2400 2370 2477 scripturam
2408 2404 2592 2461 nomi-

317 2509 510 2569 nativo
549 2506 832 2585 siugulari
870 2504 1119 2565 Varroni
1156 2503 1423 2564 tribuere
1462 2503 1643 2586 nolui,
1682 2522 2036 2583 quamquam
2072 2504 2268 2582 faeles
2304 2509 2591 2586 scriptum

316 2624 404 2675 est
450 2614 530 2674 111
573 2613 673 2690 11,
701 2612 745 2677 3
800 2622 861 2674 et
909 2612 1092 2688 faelis
1152 2621 1260 2673 aut
1313 2615 1522 2673 maelis
1567 2611 1646 2672 ΙΙΙ
1692 2609 1802 2692 12,
1839 2609 1907 2695 3,
1972 2622 2032 2674 et
2087 2612 2357 2674 similiter
2407 2615 2593 2691 famis

313 2721 364 2781 11
401 2719 470 2802 5,
511 2718 595 2784 15
641 2732 701 2782 et
746 2724 944 2782 verris
990 2717 1244 2799 114‚·4;
1293 2716 1352 2781 8.

489 2827 564 2888 In
613 2827 830 2888 suillo
877 2844 1137 2907 pecore
1187 2835 1416 2887 tamen
1466 2837 1632 2887 sunt
1672 2845 1849 2906 quae
1889 2845 1959 2887 se
2000 2827 2378 2888 uindicent
2425 2848 2591 2891 sues

316 2952 566 2995 uerres
612 2933 902 2994 maiales
950 2932 1268 3009 scrofae]
1330 2934 1508 3008 SueS,
1568 2932 1725 3012 quod
1782 2932 2110 2994 Pontedera
2165 2953 2221 3013 p.
2259 2933 2389 2998 438
2448 2947 2589 2997 tam-

313 3060 487 3121 quam
526 3042 849 3101 insiticium
881 3042 1119 3121 notavit,
1157 3039 1388 3100 inclusi.
1464 3058 1658 3119 neque
1690 3042 1846 3100 enim
1887 3059 2022 3100 cum
2064 3041 2335 3103 verribus
2373 3044 2590 3104 maiali-

314 3146 422 3208 bus
455 3149 664 3208 scrofis
702 3156 999 3228 tamquam
1037 3147 1109 3208 ab
1146 3146 1240 3207 his
1278 3146 1497 3207 diversi
1535 3146 1816 3227 appellari
1855 3157 2127 3226 poterant
2157 3168 2311 3210 sues,
2377 3149 2588 3211 deinde

313 3273 459 3334 quae
508 3264 840 3335 sequuntur
878 3274 1075 3333 prope
1120 3258 1277 3317 enim
1322 3256 1474 3315 haec
1522 3258 1694 3332 apris
1731 3253 2113 3315 condonanda
2151 3259 2412 3316 sermoni
2450 3256 2586 3317 Var-

312 3364 471 3423 ronis
519 3365 735 3445 putavi,
794 3379 1149 3442 quamquam
1195 3360 1522 3421 insolenter
1575 3362 1839 3438 positum
1886 3370 1977 3422 est
2022 3361 2363 3423 adverbium
2394 3382 2588 3443 prope

311 3488 440 3530 cum
472 3469 664 3530 dativo
704 3488 842 3531 casu
882 3472 1082 3546 apris:
1120 3467 1268 3528 haec
1307 3485 1455 3545 quae
1488 3467 1659 3527 modo
1699 3466 1854 3528 dicta
1892 3479 2032 3529 sunt
2068 3470 2127 3528 in
2167 3468 2338 3530 suillo
2369 3490 2584 3550 pecore

312 3576 694 3637 similitudine
744 3585 988 3637 naturae
1037 3576 1368 3655 propinqua
1416 3585 1555 3635 sunt
1603 3576 1776 3654 apriS.

485 3679 526 3743 2
591 3681 756 3744 Cum
803 3684 1017 3742 sciam
1077 3680 1424 3742 mulorum
1484 3700 1770 3760 gregem
1827 3700 1979 3742 cum
2036 3694 2457 3760 pasceretur
2505 3704 2584 3745 eo

311 3793 635 3851 uenisset
697 3789 909 3869 lupus
977 3788 1165 3849 ultro
1232 3786 1463 3848 mulos
1524 3787 2111 3848 circumfluxisse
2168 3800 2235 3850 et
2295 3790 2584 3869 ungulis

309 3896 681 3957 caedendo
739 3914 896 3956 eum
951 3894 1310 3955 occidisse
1368 3902 1436 3954 et
1491 3904 1738 3955 tauros
1794 3894 2029 3955 solere
2085 3894 2416 3956 diuersos
2470 3897 2583 3957 ad·

307 4006 570 4065 sistere
619 4002 958 4063 clunibus
1006 4003 1470 4062 continuatos
1517 4011 1586 4061 et
1633 4000 1976 4061 cornibus
2024 4001 2236 4061 facile
2284 4003 2581 4081 propul-

307 4128 460 4171 sare
525 4108 771 4188 lupos]
845 4110 1055 4183 quue
1125 4111 1383 4169 venisset
1446 4107 1600 4168 edita
1672 4106 1809 4167 inde
1875 4126 1906 4167 a
1980 4108 2248 4186 principe
2323 4107 2582 4169 editione

306 4216 675 4296 exemplaria.
750 4235 858 4296 pro
905 4215 1018 4275 hoc
1064 4223 1122 4276 et
1159 4233 1227 4276 eo
1275 4218 1530 4276 venisset
1568 4215 1800 4293 scripsi.
1874 4213 1946 4273 de
1990 4215 2415 4293 compositione
2456 4234 2581 4275 ver·

307 4322 515 4384 borum
556 4321 676 4382 dixi
713 4321 738 4381 Ι
775 4320 836 4405 2,
866 4321 924 4384 8.
997 4340 1130 4382 nam
1178 4321 1357 4381 verbo
1394 4325 1584 4383 sciam
1633 4319 1897 4381 additum
1935 4330 2026 4380 est
2064 4323 2396 4380 accusativo
2439 4340 2577 4382 casu

307 4449 518 4491 nomen
563 4446 839 4505 qreqem,
900 4428 1056 4509 quod
1114 4427 1184 4488 ad
1243 4427 1569 4489 subiectam
1624 4431 1823 4507 potius
1879 4428 2299 4488 enuntiationis
2354 4437 2581 4506 partem

305 4536 663 4618 pertinebat,
729 4554 864 4597 cum
926 4554 1070 4616 grex
1134 4535 1432 4597 mulorum
1491 4545 1855 4614 pasceretur.
1938 4533 2166 4595 facilius
2227 4536 2580 4613 procederet
