3178 5185
578 388 707 453 278
1255 380 1651 453 OOMMENTJ
1675 396 1757 450 m
1793 395 2170 451 VARRONIS

580 550 923 629 Varronem,
970 559 1037 612 ut
1084 550 1486 612 Schneiderus
1533 550 1857 632 adnotavit,
1914 550 2071 630 quod
2120 552 2358 611 nomine
2404 556 2525 611 000
2580 551 2868 631 appellato

580 657 844 736 intellegi
907 676 1025 718 non
1083 665 1333 737 poterat.
1435 661 1684 734 inquam
1756 676 1877 718 non
1944 665 2167 718 mutata
2238 675 2498 736 persona
2571 657 2869 738 loquentis

582 767 871 843 scriptum
919 773 1013 827 est
1048 764 1075 825 Ι
1113 763 1171 844 8,
1206 761 1258 827 1.
1307 761 1368 846 9,
1410 763 1466 826 1.
1541 765 1616 825 110
1664 764 1849 825 fundo
1897 762 2233 825 Tusculano
2285 783 2319 824 a
2364 763 2627 826 Varrone
2675 773 2871 845 empto

583 872 808 933 dictum
855 881 987 933 erat
1030 890 1211 950 supra
1257 870 1339 931 111
1377 868 1437 953 3,
1476 870 1534 933 8.

760 982 1189 1055 Effuderetur,
1246 978 1404 1059 quod
1461 997 1532 1038 ex
1591 977 1793 1039 codice
1848 977 2179 1039 Politianus
2233 977 2560 1059 adnotavit,
2617 980 2682 1038 in
2737 997 2875 1058 apo-

585 1086 826 1166 graphis
872 1106 992 1148 non
1039 1089 1253 1148 inveni.

759 1191 802 1255 2
849 1192 1399 1272 Magistragicos
1429 1193 1598 1253 fieri
1630 1188 1814 1268 uidi]
1846 1191 2051 1266 Maqis
2079 1195 2352 1267 tragicos
2381 1190 2561 1253 editio
2596 1194 2876 1271 princeps

586 1321 615 1362 a
663 1300 955 1362 Politiano
1007 1317 1126 1360 non
1183 1306 1453 1360 correcta
1512 1307 1571 1359 et
1627 1317 1699 1359 ex
1746 1316 1927 1358 manu
1982 1300 2223 1378 scriptis
2278 1297 2448 1359 libris
2495 1297 2876 1359 Florentinus

587 1418 646 1469 et
677 1407 986 1488 CaesenaS‚
1032 1408 1497 1482 magistracicos
1530 1405 1596 1487 Β,
1645 1408 2074 1481 maqistraicos
2110 1405 2245 1467 Am.
2319 1409 2515 1481 magis
2551 1409 2880 1486 τραγικῶς

587 1514 907 1576 Iucuudus,
981 1532 1090 1594 pro
1137 1512 1250 1573 hoc
1297 1515 1491 1587 maqis
1536 1508 1879 1595 θρᾳκικῶς
1923 1513 2157 1591 scripsi.
2231 1530 2367 1573 nam
2397 1510 2620 1592 Orphei
2669 1521 2877 1573 cantus

588 1622 972 1702 significatur,
1018 1637 1137 1680 non
1185 1637 1281 1679 ars
1328 1617 1769 1698 tragoedorum.

764 1724 1374 1806 Therotropbium
1420 1721 1921 1805 appellabant]
1975 1726 2335 1802 Appellabat
2380 1743 2454 1785 ex
2500 1725 2712 1786 Aldina
2759 1726 2877 1786 edi-

585 1837 746 1896 tione
802 1842 1112 1913 receptum
1168 1840 1274 1894 est.
1367 1851 1502 1893 nam
1562 1851 1682 1893 000
1739 1834 2071 1893 communis
2128 1835 2421 1914 omnium,
2482 1833 2587 1893 sed
2642 1835 2879 1912 propria

586 1941 894 2003 Hortensii
938 1941 1175 2002 videtur
1223 1958 1290 2001 ea
1338 1939 1650 2019 appellatio
1698 1941 1905 2001 fuisse.

765 2048 896 2110 Ubi
940 2047 1302 2109 tricilinio
1350 2049 1589 2126 posito
1631 2045 2063 2108 cenabamus
2103 2047 2288 2126 quod
2328 2045 2597 2126 orphea
2636 2049 2879 2108 uocari

588 2151 847 2235 iussit]
908 2157 1099 2228 Quasi
1141 2157 1372 2231 orphea
1420 2172 1494 2214 m.
1579 2156 1838 2227 Quintus
1894 2155 2138 2231 Orphea
2189 2157 2407 2216 vocari
2449 2157 2625 2215 iussit
2670 2153 2879 2214 Iucun-

590 2262 721 2323 duS.
786 2280 903 2338 quo
951 2262 1193 2338 Orphea
1231 2265 1449 2322 vocari
1484 2265 1659 2322 iussit
1696 2262 1928 2343 scripsi,
1958 2259 2014 2322 b.
2045 2279 2094 2321 e.
2134 2262 2194 2322 in
2234 2278 2372 2321 01101
2407 2260 2625 2337 1001101,
2662 2262 2725 2320 10
2765 2278 2878 2338 quo

590 2369 917 2430 triclinium
962 2370 1223 2448 positum
1271 2376 1415 2429 erat.

768 2474 808 2538 3
868 2475 1001 2546 Qui
1048 2493 1200 2536 cum
1249 2493 1326 2535 eo
1367 2476 1697 2536 uenisset
1743 2494 1900 2536 cum
1939 2474 2124 2536 stola
2162 2481 2231 2534 et
2268 2472 2549 2535 cithara
2588 2481 2879 2534 cantare

592 2589 787 2644 esset
841 2583 1091 2642 iussus
1151 2580 1412 2644 bucina
1470 2581 1768 2658 inflauit
1820 2592 1898 2645 ut
1954 2589 2225 2645 tantum
2291 2579 2880 2642 circumfluxerit

471 2732 479 2741 ·
590 2708 717 2750 nos
757 2679 1142 2750 ceruorum
1180 2706 1527 2768 aprorum
1574 2699 1643 2750 et
1689 2698 2093 2750 ceterarum
2144 2687 2668 2767 quadripedum
2706 2687 2877 2749 mul-

593 2793 867 2873 titudo]
916 2796 1157 2856 Bucina
1223 2794 1362 2855 libri
1410 2815 1584 2856 manu
1643 2798 1876 2877 scripti,
1944 2798 2227 2873 bucinam
2280 2793 2608 2854 Politianus
2672 2812 2878 2874 parum

592 2910 867 2963 accurate
915 2907 1188 2962 correcta
1233 2901 1487 2963 lectione
1536 2903 1824 2981 principis
1873 2900 2150 2961 editionis
2188 2902 2527 2961 buccinam.
2603 2905 2715 2976 qui
2747 2918 2879 2962 cum

591 3028 661 3071 eo
707 3012 965 3070 venisset
1009 3026 1147 3069 cum
1191 3012 1345 3070 stola
1393 3015 1453 3069 et
1497 3010 1746 3069 cithara
1792 3015 1852 3068 et
1896 3014 2158 3068 cantare
2204 3014 2359 3068 esset
2405 3010 2620 3082 iussu&
2680 3010 2877 3070 bucci-

592 3135 734 3178 nam
781 3118 1031 3190 inflavit,
1079 3117 1187 3175 ubi
1232 3122 1406 3176 tanta
1453 3118 1873 3190 circumfluxit
1914 3147 1990 3157 —
2032 3116 2349 3175 multitudo
2406 3112 2564 3174 edita
2620 3114 2760 3174 inde
2810 3113 2878 3174 ab

591 3223 803 3284 Aldina
850 3222 1107 3283 editione
1155 3222 1526 3300 exemplaria.
1620 3223 1978 3301 scripturam
2034 3218 2340 3299 archetypi
2395 3238 2427 3279 a
2488 3218 2750 3282 Victorio
2798 3224 2877 3281 in-

595 3329 847 3390 dicatam
912 3337 980 3390 ut
1033 3335 1266 3389 tantum
1331 3332 1824 3404 circumfluxerit
1885 3327 2146 3407 Scaliger
2208 3324 2480 3405 probavit
2545 3336 2606 3388 et
2672 3328 2879 3388 deinde

595 3439 912 3498 multitudo
937 3457 942 3462 ·
968 3433 1198 3496 delevit.
1293 3442 1466 3497 tanta
1523 3437 1763 3516 scripsi,
1819 3437 1881 3494 in
1938 3434 2183 3514 reliquis
2250 3443 2512 3494 veterem
2568 3433 2880 3496 lectionem

595 3544 849 3623 restitui,
896 3547 1005 3617 qui
1048 3560 1185 3604 cum
1232 3562 1300 3605 eo
1348 3548 1606 3605 venisset
1651 3562 1789 3604 cum
1834 3548 1989 3605 stola
2036 3551 2096 3604 et
2140 3545 2387 3604 cithara
2434 3550 2699 3605 cantare
2734 3553 2883 3606 esset

598 3654 812 3724 iussuS,
852 3652 1080 3710 bucina
1118 3652 1369 3731 inflavit,
1397 3658 1466 3710 ut
1493 3657 1668 3711 tanta
1708 3653 2199 3725 circumfinxerit
2220 3681 2303 3691 --
2326 3653 2664 3713 multitudo.
2728 3660 2882 3732 post-

597 3775 774 3837 quam
831 3764 1038 3817 cantor
1095 3756 1241 3817 stola
1305 3756 1551 3818 indutus
1619 3759 1779 3818 venit
1834 3766 1895 3818 et
1950 3757 2173 3817 cithara
2233 3775 2446 3817 canere
2513 3759 2718 3820 iussus
2781 3768 2884 3839 est,

597 3862 954 3923 Hortensius
1001 3862 1091 3923 vel
1139 3864 1265 3942 ipse
1313 3870 1519 3923 cantor
1558 3866 1815 3943 signum.
1833 3863 1932 3924 dat
1968 3862 2203 3945 bucina,
2240 3863 2310 3923 ad
2350 3864 2509 3944 quod
2549 3864 2711 3926 ferae
2751 3884 2882 3926 con·

597 3972 869 4050 veniunt,
928 3976 995 4029 ut
1050 3979 1288 4030 cantum
1344 3968 1601 4031 audiant.
1693 3979 1762 4032 ut
1813 3974 2305 4046 circumfinxerit
2366 3979 2563 4032 autem
2627 3971 2883 4033 breviter

597 4076 822 4138 dictum
870 4084 962 4136 est
1007 4094 1116 4154 pro
1165 4095 1235 4136 eo
1293 4076 1449 4155 quod
1508 4079 1847 4138 accuratius
1902 4075 2220 4138 dicendum
2276 4085 2402 4137 erat
2459 4074 2612 4157 ‘quo
2669 4080 2879 4142 factum

597 4191 689 4244 est
735 4193 803 4243 ut
849 4178 1368 4244 circumfinxerit'.

773 4295 903 4348 XIV
945 4285 978 4348 1
1048 4288 1266 4348 Axius
1322 4296 1481 4349 tuas
1526 4291 1772 4367 partes
1828 4291 2067 4368 inquit
2123 4288 2543 4351 subleuauit
2589 4291 2874 4371 appius]

600 4397 831 4473 Appius
878 4394 1013 4455 libri
1065 4413 1240 4455 manu
1289 4398 1514 4475 scripti,
1561 4397 1752 4474 Apius
1797 4398 1859 4457 in
1919 4398 2188 4477 principe
2252 4396 2511 4457 editione
2561 4398 2876 4460 Politianus

599 4520 718 4562 non
775 4503 1052 4562 correxit.
1125 4501 1530 4580 neglegentiae
1588 4504 1879 4564 sermonis
1938 4502 2321 4566 tribuendum
2375 4511 2493 4588 est,
2548 4505 2708 4584 quod
2762 4524 2872 4584 non
