3178 5185
931 420 1191 476 RERVM
1227 420 1707 476 RVSTICARVM
1743 422 1882 479 LIB.
1917 424 1998 478 III
2038 422 2073 479 9
2478 415 2622 480 ’263

516 575 551 639 7
621 578 816 638 Inter
883 577 1058 638 duas
1124 578 1385 638 ostium
1452 579 1545 638 sit
1620 596 1752 657 qua
1825 578 2254 659 gallinarius
2329 588 2622 641 curator

334 704 573 746 earum
638 688 747 746 ire
813 683 1069 765 possit]
1120 686 1292 749 Inter
1346 704 1451 747 eas
1506 672 1735 747 ostium*
1777 689 1882 767 sit,
1928 705 2050 763 qua
2106 694 2363 749 curator
2409 706 2622 749 earum

331 797 422 855 ire
461 796 653 870 possit
696 791 966 854 Ursinus,
1058 799 1315 854 curator
1362 811 1576 854 earum
1623 792 1808 854 deleri
1856 793 2041 856 voluit
2088 793 2365 874 Scaliger.
2436 798 2613 871 qalli-

328 903 560 981 nariuS,
609 902 676 961 id
717 907 805 960 est
849 907 1107 981 curator
1154 918 1368 962 earum
1415 903 1649 981 scripsi,
1698 901 1770 962 de
1821 920 1937 981 quo
1987 901 2212 963 dictum
2261 910 2354 963 est
2397 903 2423 962 Ι
2462 900 2521 985 9,
2559 902 2618 965 2.

507 1006 581 1067 In
626 1008 904 1086 pariete
952 1006 1241 1070 exclusa
1290 1010 1436 1069 sint
1483 1007 1757 1070 cubilia
1804 1008 2070 1087 earum]
2112 1009 2422 1088 Exeulpta
2459 1009 2617 1071 edita

326 1115 465 1176 inde
533 1133 564 1175 a
629 1115 899 1194 principe
963 1114 1220 1177 editione
1284 1114 1655 1196 exemplaria.
1748 1116 1983 1178 exclusa
2042 1117 2325 1178 dicuntur
2385 1116 2618 1190 cubilia,

327 1241 475 1302 quae
524 1230 728 1301 postea
774 1222 1111 1283 accuratius
1158 1221 1524 1284 definiuntur
1571 1229 1683 1284 aut
1726 1227 2013 1301 exculpta
2069 1231 2176 1285 aut
2236 1228 2466 1299 adficta
2506 1230 2618 1299 fir·

323 1332 519 1392 miter.
610 1326 928 1389 Columella
979 1328 1105 1389 VIII
1144 1328 1201 1410 3,
1240 1326 1282 1390 4
1329 1329 1402 1391 de
1450 1330 1654 1391 eadem
1702 1348 1767 1390 re
1816 1329 2025 1392 scribit
2082 1334 2170 1392 ita
2219 1350 2462 1394 crassos
2501 1352 2614 1411 pa-

324 1440 508 1498 rietes
569 1439 905 1509 aedificare
969 1440 1271 1518 convenit,
1319 1445 1390 1499 ut
1451 1441 1667 1499 excisa
1720 1457 1839 1515 per
1899 1441 2174 1500 ordinem
2235 1442 2615 1517 qallinarum

324 1546 555 1606 cubilia
599 1546 921 1621 recipiant.

502 1651 604 1712 Ita
666 1660 738 1713 ut
798 1652 868 1711 in
927 1650 1340 1731 parietibus
1401 1655 1674 1714 circum
1736 1655 1969 1714 omnia
2029 1652 2243 1732 plena
2299 1657 2444 1715 sint
2501 1674 2617 1716 cu-

322 1756 498 1818 bilia
545 1756 970 1837 gallinarum
1019 1768 1140 1820 aut
1175 1759 1510 1839 exculpta
1549 1769 1670 1821 aut
1718 1760 1985 1821 adficta
2025 1760 2367 1839 firmiter]
2411 1763 2616 1824 Posita

318 1869 440 1927 sint
478 1865 779 1927 Iucundus
828 1874 887 1927 et
933 1885 1005 1927 ex
1043 1866 1252 1928 Aldina
1300 1867 1556 1929 editione
1608 1867 2025 1929 Schneiderus
2091 1872 2280 1946 plena
2325 1872 2449 1930 sint
2486 1869 2615 1929 Vic-

324 1975 514 2034 torius
561 1975 927 2034 restituerat.
993 1976 1181 2051 plena
1226 1977 1350 2035 sint
1394 1975 1695 2037 eubilibus
1735 1978 2112 2051 qallinarum
2159 1982 2269 2036 aut
2313 1980 2615 2053 exculptis

325 2088 433 2143 aut
479 2080 707 2158 affictis
755 2079 1056 2141 Gesnerus
1102 2083 1373 2143 coniecit.
1466 2081 1538 2143 de
1585 2084 1732 2161 ipsis
1781 2082 2077 2143 cubilibus
2132 2084 2331 2162 potius
2376 2082 2613 2162 gallina-

321 2205 454 2248 rum
518 2187 632 2248 hoc
695 2190 1089 2270 praecipitur,
1146 2190 1474 2251 curandum
1537 2207 1670 2249 esse
1735 2197 1800 2251 ut
1855 2190 2048 2249 omnia
2106 2187 2281 2268 plena
2334 2189 2482 2270 sint,
2538 2208 2614 2251 ne

321 2296 541 2356 nimius
587 2302 783 2356 motus
829 2295 1253 2357 incubantibus
1300 2296 1530 2376 gallinis
1578 2303 1805 2357 noceat.

498 2399 538 2463 9
624 2401 981 2482 Optimum
1067 2422 1222 2465 esse
1306 2411 1591 2484 partum
1674 2404 2140 2485 aequinoctio
2225 2421 2448 2464 uerno
2532 2404 2613 2465 ab

322 2508 747 2588 autumnali]
796 2513 1190 2586 Aequinoctio
1238 2530 1423 2574 verno
1486 2518 1596 2574 aut
1641 2515 1985 2574 autumnali
2027 2510 2361 2594 IucunduS,
2407 2515 2613 2588 aequi·

320 2622 519 2681 noctio
565 2636 753 2680 verno
800 2622 887 2680 ad
946 2625 1296 2682 autumnale
1341 2619 1623 2701 Angelius
1680 2631 1739 2682 et
1795 2621 2007 2681 deinde
2063 2619 2281 2699 reliqui
2336 2620 2614 2702 editoreS,

323 2730 399 2789 ab
447 2730 835 2804 aequinoctio
880 2746 1066 2789 verno
1114 2730 1201 2789 ad
1243 2733 1597 2790 autumnale
1643 2727 1926 2808 UrsinuS,
1973 2735 2034 2788 et
2078 2727 2191 2788 hoc
2237 2730 2613 2809 praecepisse

325 2835 560 2897 videtur
598 2834 801 2917 Varro,
839 2854 975 2897 cum
1016 2854 1120 2897 ova
1159 2843 1292 2896 ante
1341 2844 1443 2896 aut
1488 2844 1624 2915 post
1669 2835 1813 2896 illud
1860 2842 2096 2913 tempus
2144 2844 2279 2896 nata
2319 2855 2437 2897 non
2476 2855 2612 2917 sup-

319 2942 592 3022 ponenda
639 2961 772 3004 esse
820 2942 1058 3004 scribat.
1151 2951 1417 3004 ceterum
1467 2943 1539 3004 de
1588 2943 1783 3004 fetura
1843 2941 2192 3023 gallinarum
2241 2952 2300 3004 et
2346 2944 2419 3004 de
2468 2951 2612 3004 tem-

320 3069 463 3129 pore
512 3049 832 3112 incubandi
879 3049 1049 3129 plura
1097 3068 1288 3130 neque
1337 3050 1508 3130 plane
1566 3052 1726 3112 inter
1774 3069 1837 3111 se
1884 3051 2318 3111 consentientia
2365 3049 2437 3111 ab
2485 3051 2614 3112 aliis

320 3158 532 3219 tradita
580 3165 736 3239 sunt,
783 3176 815 3217 a
863 3156 1182 3218 Columella
1231 3157 1359 3218 VIII
1397 3154 1457 3238 5,
1498 3156 1557 3240 8,
1607 3176 1639 3217 a
1684 3157 1875 3219 Plinio
1914 3157 1965 3217 X
2009 3153 2135 3218 150
2182 3163 2242 3217 et
2286 3159 2349 3217 in
2397 3176 2613 3237 geopo-

209 3275 212 3286 ’
320 3268 470 3327 uicis
518 3263 646 3325 XIV
686 3263 743 3347 7,
783 3261 884 3326 14.
959 3283 1142 3344 quare
1185 3265 1338 3345 apud
1377 3264 1702 3327 Varronem
1752 3265 2035 3344 quaedam
2076 3267 2291 3326 omissa
2338 3265 2429 3325 vel
2480 3283 2612 3344 per-

319 3373 554 3434 turbata
600 3390 732 3433 esse
781 3371 1032 3434 Ursinus
1081 3381 1141 3434 et
1189 3371 1592 3434 Schneiderus
1640 3372 2040 3434 crediderunt.

494 3480 581 3542 Et
645 3499 721 3541 ea
782 3498 957 3560 quae
1021 3478 1345 3541 subicias
1407 3483 1652 3561 potius
1708 3479 1982 3541 uetulis
2031 3499 2233 3560 quam
2279 3479 2611 3560 pullitris

321 3598 387 3651 et
433 3607 613 3670 quae
660 3596 901 3649 rostra
948 3597 1068 3649 aut
1114 3605 1392 3667 ungues
1453 3606 1591 3649 non
1647 3587 1955 3649 habeant
2010 3588 2286 3667 acutos]
2338 3590 2613 3651 Pullitris

320 3696 646 3758 Politianus
694 3714 765 3756 ex
812 3695 1131 3775 archetypo
1179 3695 1496 3778 adnotavit,
1544 3715 1664 3757 non
1696 3700 2017 3775 pullistriS,
2054 3706 2123 3758 ut
2167 3699 2248 3758 ait
2287 3696 2607 3758 Gesnerus,

311 3807 630 3882 pullastris
676 3801 919 3864 Merula.
1004 3810 1063 3864 et
1107 3821 1182 3864 ea
1228 3821 1387 3879 quae
1430 3806 1724 3865 subiicias
1762 3807 1967 3881 potius
2013 3822 2046 3864 e
2093 3808 2306 3865 vetulis
2351 3822 2532 3880 quam
2579 3825 2612 3866 e

311 3914 657 3989 pullastri3‚
722 3916 782 3972 et
844 3912 1060 3986 quibus
1125 3912 1418 3971 subiicias
1481 3919 1689 3973 rostra
1750 3929 1877 3991 sqq.
1936 3910 2257 3972 Iucundus.
2349 3921 2610 3973 veterem

316 4017 631 4079 lectionem
671 4018 968 4079 Victorius
1015 4019 1295 4100 restituit,
1323 4017 1439 4078 'sed
1479 4022 1801 4095 pullastris
1848 4036 1919 4078 ex
1960 4017 2133 4078 editis
2173 4017 2610 4099 exemplaribus

316 4129 582 4189 retinuit.
648 4128 900 4203 pullinis
936 4124 1254 4186 Turnebus
1294 4127 1521 4187 advers,
1567 4123 1667 4209 19,
1706 4122 1810 4206 28,
1849 4129 2120 4203 pullitris
2167 4125 2431 4186 defendit
2473 4124 2609 4185 Sca-

317 4235 464 4315 liger
511 4233 723 4296 collato
771 4253 823 4293 v.
860 4238 1179 4314 poreetra,
1226 4233 1384 4313 quod
1433 4242 1525 4294 est
1570 4233 1727 4313 apud
1776 4231 2027 4294 Gellium
2077 4231 2260 4292 XVIII
2299 4230 2357 4312 6,
2394 4229 2454 4294 4.
2534 4232 2607 4293 de

318 4344 525 4403 eadem
579 4360 646 4402 re
705 4339 1024 4401 Columella
1083 4339 1292 4402 scribit
1346 4340 1475 4401 VIII
1513 4337 1573 4424 5,
1612 4336 1653 4402 5
1709 4344 1991 4416 quoniam
2046 4342 2287 4415 quidem
2343 4344 2611 4402 novellae

317 4454 511 4527 maqis
557 4450 809 4512 edendis
853 4466 1034 4525 quam
1080 4451 1456 4509 excudendis
1504 4452 1631 4511 ovis
1677 4452 1948 4510 utiliores
1993 4455 2150 4509 sunt.
2182 4480 2251 4489 —
2288 4454 2610 4509 veteranas

318 4561 511 4633 iqitur
558 4575 700 4618 aves
747 4559 833 4616 ad
887 4558 1051 4617 hane
1107 4573 1234 4618 rem
1291 4558 1438 4633 eliqi
1490 4559 1812 4635 oportebit,
1860 4575 2018 4631 quae
2073 4559 2194 4617 iam
2247 4559 2490 4632 saepius
2548 4558 2614 4616 id
