3178 5185
913 416 1175 471 RERVM
1212 415 1693 471 RVSTICARVM
1729 415 1863 470 LIB.
1903 417 1981 471 III
2022 416 2056 472 7
2506 409 2636 474 253

341 574 401 633 in
457 575 661 652 priore
718 572 977 634 editione
1034 571 1329 633 Victorius
1388 590 1458 632 ex
1523 570 1843 650 archetypo
1900 570 2147 631 dederat
2204 574 2635 634 columbarum.

338 688 614 759 pastores
664 688 861 740 autem
910 678 1322 740 columbarum
1361 686 1501 739 sunt
1539 680 1643 757 qui
1689 686 1895 758 postea
1942 677 2291 739 columbarii
2337 679 2637 759 dicuntur,

338 789 497 847 sicut
562 786 636 847 de
699 785 1027 866 pavonibus
1092 782 1150 866 6,
1189 782 1231 846 5
1287 787 1580 864 scriptum
1640 792 1732 845 est
1781 791 2061 861 pastores
2117 803 2348 846 earum.
2439 803 2633 864 neque

336 900 609 972 pastores
658 911 764 972 per
812 911 877 953 se
925 910 1044 952 non
1092 891 1291 952 addito
1338 894 1612 971 genetivo
1661 891 1944 952 dicuntur
1984 899 2290 952 curatores
2338 893 2533 952 avium
2570 893 2634 952 in

335 999 710 1080 pastionibus
759 999 1044 1060 villaticis,
1133 1017 1420 1060 everrere
1466 1007 1663 1059 autem
1711 1017 1831 1059 non
1877 998 2075 1059 addito
2123 1000 2360 1058 nomine
2409 997 2633 1059 dictum

337 1113 448 1189 est,
495 1109 650 1167 sicut
695 1104 968 1185 plurima,
1015 1104 1232 1184 quihus
1279 1123 1457 1184 opera
1503 1108 1730 1166 rustica
1777 1105 2202 1184 significantur.

518 1212 622 1274 Ita
680 1219 754 1273 ut
809 1212 939 1272 hoc
995 1214 1340 1291 optimum
1396 1230 1557 1273 esse
1617 1213 2078 1292 scripserunt
2131 1212 2419 1292 aliquod
2478 1214 2633 1273 siue
2737 1197 2741 1201 ’

335 1335 518 1398 quae
567 1317 892 1378 columba
956 1316 1124 1397 quid
1181 1317 1580 1379 offenderit
1636 1326 1714 1378 ut
1772 1318 2141 1379 medeatur
2201 1320 2263 1379 si
2325 1337 2459 1398 qua
2518 1338 2636 1398 pe·

335 1427 555 1486 rierit
600 1433 676 1486 ut
721 1421 1109 1500 efferatur]
1156 1425 1538 1501 Scripserint
1584 1427 1793 1505 aliqui,
1830 1428 1959 1485 sive
2001 1427 2059 1485 si
2102 1427 2439 1486 columbam
2484 1429 2637 1501 quid

332 1533 667 1606 offenderit
711 1529 960 1613 Merula,
1020 1534 1384 1608 scripserint
1441 1534 1673 1605 aliquot
1717 1549 1845 1610 sqq.
1892 1530 2224 1611 IucunduS,
2269 1535 2633 1608 scripserint

331 1642 582 1719 aliquot,
629 1641 686 1699 si
728 1640 882 1713 quid
920 1639 1251 1712 offenderit
1292 1636 1562 1718 UrsinuS,
1610 1641 1974 1715 scripserint
2019 1640 2266 1714 aliquot,
2304 1641 2431 1700 sive
2476 1655 2636 1713 quae

332 1747 614 1806 columba
660 1747 811 1820 quid
852 1745 1196 1818 offenderit,
1226 1742 1543 1807 Victorius.
1631 1748 1689 1805 si
1728 1763 1838 1824 pro
1885 1748 2011 1807 sive
2071 1744 2453 1807 scribendum
2502 1763 2634 1805 esse

330 1853 570 1913 monuit
613 1851 891 1912 Reiterus
939 1857 1164 1929 quaest.
1212 1868 1455 1929 gramm.
1498 1849 1741 1911 Varron.
1790 1869 1848 1930 p.
1886 1849 1971 1913 96
2023 1850 2096 1912 de
2144 1870 2255 1913 usu
2306 1852 2633 1931 particulae

329 1960 461 2019 sive
496 1957 827 2037 disputans.
892 1976 1028 2018 nam
1068 1975 1202 2017 cum
1244 1958 1317 2017 iis
1358 1976 1507 2037 quae
1547 1957 1621 2018 de
1660 1957 2042 2019 columbariis
2081 1958 2424 2019 everrendis
2463 1968 2524 2020 et
2561 1959 2634 2019 de

330 2072 602 2125 stercore
651 2063 990 2124 columbino
1036 2063 1531 2144 praescribuntur
1591 2082 1689 2123 res
1755 2063 2156 2125 diversissima
2213 2065 2286 2125 de
2345 2065 2633 2126 medicina

330 2171 743 2232 columbarum
799 2169 1088 2250 particula
1144 2174 1294 2245 sive,
1351 2169 1407 2231 h.
1448 2189 1496 2231 e.
1554 2169 1646 2230 vel
1703 2172 1780 2251 si,
1846 2172 2129 2249 coniungi
2194 2189 2313 2231 non
2379 2179 2632 2250 poterat.

327 2286 643 2359 praeterea
706 2296 852 2340 usus
918 2280 1210 2339 sermonis
1267 2276 1619 2338 Varroniani
1684 2277 2024 2357 postulabat
2081 2285 2147 2338 ut
2210 2281 2405 2353 aliqui
2465 2286 2526 2339 et
2580 2283 2638 2340 si

329 2404 493 2461 quae
530 2389 798 2463 perierit
842 2384 1230 2465 scriberetur,
1268 2384 1341 2446 de
1383 2403 1499 2464 quo
1538 2382 1564 2442 I
1608 2381 1708 2466 12,
1747 2381 1788 2445 3
1836 2393 1898 2445 et
1942 2383 1996 2443 11
2032 2381 2094 2466 4,
2132 2381 2219 2445 22
2257 2384 2484 2446 dictum
2523 2395 2633 2468 est,

328 2495 419 2553 ita
465 2499 536 2553 ut
572 2495 688 2554 hoc
734 2495 1018 2569 optimum
1056 2510 1185 2554 esse
1232 2494 1598 2568 scripserint
1634 2494 1843 2567 aliqui.
1915 2495 2129 2567 siquae
2168 2494 2445 2554 columba
2484 2495 2636 2569 quid

331 2601 679 2676 offenderit,
727 2607 796 2661 ut
839 2603 1157 2662 medeatur
1166 2621 1192 2671 ;
1235 2603 1448 2675 siquae
1488 2603 1768 2677 perierit,
1816 2605 1884 2660 ut
1928 2601 2246 2674 efferatur.

512 2704 554 2768 6
619 2706 794 2768 Item
832 2726 1008 2786 quae
1056 2707 1243 2768 fetae
1291 2715 1458 2768 sunt
1502 2709 1577 2768 in
1636 2714 1915 2767 certum
1959 2707 2192 2767 locum
2242 2714 2318 2768 ut
2356 2706 2631 2769 disclu-

331 2833 486 2875 sum
525 2813 607 2874 ah
647 2812 811 2874 aliis
848 2822 1004 2874 rete
1042 2812 1298 2874 haheat
1338 2832 1471 2893 quo
1518 2814 2011 2874 transferatur
2051 2832 2082 2874 e
2122 2832 2257 2893 quo
2305 2814 2500 2875 foras
2548 2834 2631 2875 ex

330 2922 710 3000 peristone
760 2938 1064 2982 euocare
1110 2922 1395 3000 possint
1440 2927 1851 2999 matresque
1900 2919 2086 2998 quod
2145 2919 2426 2982 faciunt
2471 2921 2627 3002 sqq.]

330 3029 432 3089 Ex
481 3032 796 3105 peristone
860 3026 1225 3107 apographa,
1291 3045 1371 3087 ex
1420 3030 1803 3104 peristerone
1859 3025 2187 3088 Politianus
2242 3030 2304 3087 in
2360 3030 2629 3107 principe

330 3135 591 3196 editione
640 3153 759 3195 non
807 3135 1083 3195 correxit.
1176 3136 1315 3193 item
1365 3166 1440 3176 —
1493 3140 1663 3195 recte
1708 3135 1947 3209 habeat,
1993 3151 2111 3209 quo
2157 3134 2622 3210 transferantur

331 3249 391 3303 et
436 3259 555 3317 quo
595 3240 776 3317 foras
833 3261 913 3302 ex
947 3244 1335 3317 peristerone
1380 3257 1639 3302 evocare
1679 3243 1914 3317 possint
1971 3249 2226 3301 matres.-
2281 3245 2446 3315 quod
2500 3245 2629 3317 qui-

332 3351 465 3410 dem
516 3347 765 3424 faciunt
809 3347 1062 3428 Merula,
1129 3351 1267 3408 item
1333 3366 1493 3422 quae
1548 3345 1758 3422 foetae
1810 3354 1978 3428 sunt,
2024 3355 2093 3408 ut
2146 3355 2379 3409 certum
2434 3351 2629 3409 locum

333 3459 664 3518 disclusum
711 3457 788 3515 ab
836 3458 975 3516 aliis
1020 3460 1190 3516 recte
1230 3456 1513 3529 habeant,
1553 3471 1670 3528 quo
1708 3453 2191 3530 transferantur,
2230 3472 2263 3515 e
2299 3472 2416 3530 quo
2448 3452 2628 3529 foras
2687 3495 2693 3500 -

332 3580 593 3624 evocare
621 3565 855 3639 possint
888 3569 1143 3623 matres:
1181 3563 1346 3636 quod
1378 3563 1620 3635 quidem
1650 3559 1896 3636 faciunt
1932 3559 2253 3641 IucunduS,
2293 3564 2431 3623 item
2467 3579 2629 3637 quae

326 3669 496 3744 fetae
523 3676 686 3750 sunt,
715 3675 784 3729 ut
817 3672 1012 3730 locum
1052 3671 1380 3729 disclusum
1410 3669 1487 3728 ab
1519 3670 1659 3728 aliis
1697 3676 1829 3729 rete
1865 3671 2089 3730 habent
2117 3661 2327 3750 (immo
2355 3662 2627 3751 habeat),

279 3777 287 3803 ¹
331 3794 448 3851 quo
497 3774 979 3855 transferantur,
1017 3793 1051 3835 e
1096 3790 1213 3849 quo
1253 3772 1432 3849 foras
1470 3777 1715 3835 evolare
1752 3777 1988 3850 possint
2023 3781 2136 3834 etc.
2176 3771 2448 3852 UrsinuS,
2489 3778 2629 3836 item

331 3900 491 3958 quae
531 3881 741 3958 foetae
783 3887 950 3955 sunt,
1008 3884 1069 3942 in
1128 3886 1360 3941 certum
1416 3884 1613 3942 locum
1668 3887 1736 3942 ut
1791 3884 2119 3976 disclusum
2176 3881 2254 3941 ab
2301 3883 2441 3941 aliis
2497 3887 2630 3942 rete

330 3991 616 4065 habeant,
654 4007 770 4063 quo
817 3987 1298 4062 transferantur,
1338 4006 1372 4048 e
1417 4005 1533 4062 quo
1573 3987 1756 4063 foras
1802 4006 2061 4049 evocare
2100 3990 2336 4063 possint
2371 3995 2622 4048 matres-

331 4115 481 4171 que:
537 4098 703 4172 quod
740 4095 986 4170 faciunt
1032 4093 1356 4174 VictoriuS,
1404 4092 1505 4153 ubi
1552 4096 1617 4155 in
1678 4093 1995 4154 delendum
2042 4102 2103 4154 et
2148 4092 2359 4153 deinde
2406 4101 2467 4154 et
2510 4112 2627 4170 quo

327 4202 530 4277 foetas
578 4219 837 4262 evocare
873 4203 1110 4277 possint
1155 4199 1537 4260 scribendum
1586 4199 1847 4278 Scaliger
1895 4202 2167 4261 coniecit.
2257 4200 2330 4260 de
2387 4200 2517 4261 loco
2564 4203 2625 4262 in

332 4328 452 4388 quo
502 4306 812 4368 columbae
864 4306 1161 4367 habentur
1217 4306 1371 4385 apud
1420 4305 1801 4366 Columellam
1849 4304 1976 4365 VIII
2015 4304 2075 4388 8,
2111 4303 2156 4366 4
2213 4308 2432 4385 scripta
2487 4317 2629 4367 sunt

303 4409 515 4494 'haec,
581 4415 757 4475 circa
816 4412 1152 4490 fenestram
1205 4445 1280 4455 —
1330 4414 1673 4488 habeatque
1734 4414 2072 4488 adpositam
2143 4416 2294 4474 satis
2364 4417 2627 4490 amplam

334 4538 584 4584 caveam
631 4521 863 4582 retibus
909 4501 1260 4594 emunitam,
1311 4538 1468 4596 quae
1528 4521 1821 4580 excludat
1865 4522 2194 4598 accipitres
2251 4526 2309 4580 et
2366 4523 2629 4599 recipiat
