3178 5185
909 337 1170 392 RERVM
1207 338 1687 394 RVS'I'ICARVM
1723 341 1859 395 LIB.
1899 341 1977 395 III
2021 340 2099 396 17
2528 334 2657 399 303

371 499 461 551 est
509 490 811 571 nobilium,
861 489 1173 570 Neptunus
1222 511 1337 554 non
1389 493 1580 555 solum
1629 512 1837 574 aquam
1878 495 1983 557 sed
2030 497 2204 556 etiam
2253 497 2414 575 ipsos
2460 499 2659 576 pisces

370 600 679 659 maritimis
725 599 970 677 piscinis
1017 599 1280 678 praebet.

543 700 583 764 3
650 702 934 765 Memini
989 705 1173 767 hunc
1230 710 1507 768 caesari
1565 707 1699 769 duo
1758 710 1948 770 milia
2016 728 2464 771 murenarum
2512 729 2656 771 mu-

367 817 484 871 tua
531 809 819 872 dedisse
866 814 935 872 in
983 812 1290 891 pondus]
1331 815 1456 875 Sex
1494 819 1662 876 milia
1709 815 1866 876 edita
1913 824 2047 877 ante
2087 816 2412 878 Victorium
2461 836 2656 878 exem·

361 916 574 999 plaria3
605 920 724 978 duo
755 922 923 980 milia
953 938 1026 979 ex
1065 919 1386 1000 archetypo
1418 921 1715 982 Victorius
1753 925 2033 984 restituit.
2108 925 2652 1003 antiquissimarum

364 1024 691 1086 editionum
753 1024 1067 1087 lectionem
1127 1027 1530 1089 Schneiderus
1596 1032 1850 1111 recepit,
1916 1031 2072 1109 quod
2141 1049 2277 1091 eum
2340 1049 2653 1092 numerum

361 1131 537 1192 habet
582 1132 808 1194 Plinius
849 1133 926 1194 lX
970 1131 1113 1214 171,
1160 1153 1556 1196 murenarum
1603 1140 1902 1198 vivarium
1940 1141 2233 1215 privatim
2281 1142 2656 1214 excoqitavit

361 1247 503 1327 ante
549 1244 700 1301 alios
745 1242 805 1301 0.
834 1243 1079 1316 Hirrus,
1117 1245 1227 1317 qui
1269 1246 1436 1303 cenis
1483 1246 1955 1320 triumphalibus
2001 1246 2286 1306 Caesaris
2333 1248 2654 1307 dictatoris

357 1365 469 1409 sex
527 1351 695 1408 milia
749 1366 1002 1409 numero
1056 1367 1453 1410 murenarum
1510 1358 1721 1412 mutua
1776 1354 2068 1428 adpendit
2124 1360 2183 1413 et
2239 1352 2350 1412 hoc
2407 1360 2648 1412 auctore

357 1454 692 1516 Macrobius
740 1455 976 1516 Saturn.
1023 1454 1102 1514 111
1146 1451 1243 1538 15,
1285 1453 1385 1517 10.

536 1561 723 1632 Quae
771 1570 1015 1623 nostra
1068 1564 1348 1641 piscina
1406 1581 1481 1623 ac
1538 1564 2072 1624 mediterranea
2120 1562 2401 1642 plebeia
2450 1573 2648 1626 recte

358 1668 627 1730 dicitur
672 1668 907 1729 dulcis
956 1675 1024 1728 et
1070 1667 1192 1728 illa
1241 1676 1308 1729 et
1353 1668 1477 1729 illa
1526 1668 1793 1748 amara]
1837 1672 1915 1730 Et
1959 1673 2064 1731 illa
2111 1672 2172 1730 in
2220 1674 2460 1750 optimis
2507 1691 2643 1751 apo-

357 1775 595 1854 graphis
642 1774 733 1836 bis
780 1777 1069 1854 scriptum
1117 1783 1225 1857 est,
1274 1774 1454 1836 semel
1505 1778 1796 1855 scriptum
1844 1775 2066 1837 habent
2124 1777 2309 1838 codex
2360 1778 2650 1840 Caesenas

357 1890 418 1943 et
463 1881 642 1943 editio
688 1884 968 1962 princeps
1006 1900 1037 1941 a
1076 1881 1365 1942 Politiano
1415 1900 1533 1943 non
1582 1889 1869 1943 correcta.
1950 1901 2148 1958 quare
2184 1891 2397 1946 nostra
2436 1885 2649 1946 Iucun-

357 1987 468 2048 dus
517 1997 576 2049 et
623 1987 835 2049 deinde
885 1987 1102 2068 reliqui
1162 1988 1437 2049 editores,
1530 1989 1841 2050 relativum
1897 2007 2252 2072 pronomen,
2301 2010 2417 2069 quo
2476 2010 2650 2073 saepe

354 2094 537 2155 Varro
584 2097 761 2156 etiam
799 2097 862 2155 in
901 2093 1239 2155 nominibus
1278 2093 1509 2174 longius
1550 2098 1796 2157 remotis
1836 2114 1982 2156 usus
2020 2104 2129 2177 est,
2167 2098 2421 2157 restitui.
2483 2116 2649 2177 prae·

359 2210 518 2263 terea
557 2220 797 2281 pravam
836 2201 1154 2263 verborum
1192 2202 1639 2262 collocationem
1680 2204 1932 2285 correxi,
1961 2221 2121 2278 quae
2157 2210 2369 2264 nostra
2399 2207 2645 2280 piscina

344 2312 591 2387 plebeia
657 2329 734 2371 ac
798 2312 1251 2370 mediterranea
1316 2315 1484 2370 recte
1548 2311 1780 2369 dicitur
1844 2312 2042 2370 dulcis
2098 2316 2159 2370 et
2223 2313 2328 2370 illa
2403 2327 2645 2372 amara.

358 2434 493 2475 nam
539 2423 600 2475 et
647 2415 875 2493 plebeia
922 2435 989 2476 ac
1037 2415 1465 2476 mediterranea
1512 2416 1766 2497 piscina,
1815 2423 2130 2494 propterea
2179 2416 2335 2493 quod
2387 2416 2648 2477 fructum

360 2521 555 2604 habet,
592 2531 755 2583 recte
805 2521 995 2582 dulcis
1044 2522 1264 2582 dicitur
1303 2529 1362 2582 et
1406 2520 1522 2604 illa,
1560 2521 1619 2584 h.
1658 2540 1707 2582 e.
1748 2523 2040 2582 maritima
2077 2523 2304 2603 piscina
2344 2521 2647 2605 nobilium,

356 2639 602 2709 propter
649 2639 952 2710 sumptum
999 2648 1209 2691 amara.

530 2735 700 2807 Quis
774 2744 1023 2798 contra
1101 2739 1514 2799 maritumas
1591 2755 1727 2797 non
1803 2755 1885 2797 ex
1961 2739 2269 2817 piscinis
2335 2738 2647 2817 singulis

353 2844 601 2923 plures
648 2846 1073 2905 coniunctas
1121 2842 1336 2904 habet
1382 2842 1646 2922 pluris]
1698 2845 1903 2904 Pluris
1949 2843 2252 2904 Iucundus
2301 2846 2524 2923 omisit,
2573 2864 2644 2904 ex

355 2951 674 3031 archetypo
722 2952 990 3011 restituit
1028 2949 1343 3029 Victorius,
1390 2949 1546 3028 quod
1597 2966 1807 3027 parum
1856 2949 2180 3028 prudenter
2219 2948 2521 3011 Gesnerus
2567 2954 2649 3011 ita

354 3057 635 3140 defendit,
699 3065 766 3118 ut
824 3057 896 3117 ad
953 3058 1066 3117 vim
1126 3056 1452 3136 augendam
1510 3041 1862 3116 vocabulum
1922 3058 2244 3134 repetitum
2301 3064 2475 3117 esset.
2542 3057 2643 3118 sed

355 3168 552 3244 priore
599 3164 729 3225 loco
780 3168 1022 3241 plures,
1081 3162 1238 3242 quod
1296 3161 1468 3224 solito
1524 3163 1583 3222 in
1650 3162 1745 3222 his
1811 3160 1978 3223 libris
2042 3164 2184 3223 vitio
2241 3162 2333 3224 bis
2387 3165 2646 3242 positum

353 3280 497 3353 erat,
545 3271 750 3331 delevi.

540 3375 584 3438 4
622 3378 786 3437 Nam
827 3385 900 3437 ut
939 3378 1228 3455 pausias
1267 3383 1333 3437 et
1372 3378 1599 3437 ceteri
1638 3378 1962 3455 pictores
2003 3377 2321 3437 eiusdem
2357 3379 2645 3456 generis

353 3484 713 3546 loculatas
777 3501 1061 3562 magnas
1134 3481 1400 3543 habent
1472 3482 1756 3543 arculas
1831 3482 1952 3543 ubi
2025 3482 2426 3544 discolores
2501 3486 2647 3543 sint

354 3600 595 3653 cetera
671 3593 774 3651 sic
848 3589 962 3649 bic
1036 3588 1392 3650 loculatas
1457 3588 1674 3649 habet
1738 3591 2060 3669 piscinas
2126 3589 2246 3650 ubi
2314 3590 2644 3668 dispares

351 3699 711 3760 disclusos
749 3695 1058 3757 habeant
1096 3694 1362 3775 pisces]
1386 3696 1714 3756 Loculatas
1750 3698 1934 3757 habet
1962 3699 2238 3772 piscinas
2275 3699 2470 3757 omnia
2508 3715 2644 3775 apo-

347 3806 566 3886 grapha
590 3813 650 3866 et
679 3802 835 3864 haud
857 3802 1034 3863 dubie
1057 3805 1252 3882 ipsum
1272 3801 1679 3883 archetypum,
1699 3820 2054 3881 quamquam
2076 3801 2402 3863 Politianus
2422 3806 2647 3864 habent

350 3914 411 3971 in
459 3914 729 3991 principe
777 3909 1035 3972 editione
1083 3927 1201 3969 non
1249 3908 1485 3969 videtur
1532 3911 1884 3969 correxisse.
1970 3912 2261 3970 disclusas
2305 3911 2532 3970 habent
2577 3911 2645 3984 B,

351 4017 455 4079 ubi
500 4020 685 4079 habet
729 4018 914 4079 codex
964 4016 1283 4096 CaesenaS,
1329 4015 1434 4076 sed
1494 4018 1765 4078 habeant
1809 4015 1855 4076 Α
1902 4024 1963 4076 et
2010 4013 2416 4095 FlorentinuS,
2464 4014 2644 4094 idque

353 4123 465 4184 hoc
529 4124 659 4185 loco
726 4127 788 4184 in
854 4124 1106 4185 lectione
1174 4124 1462 4202 principis
1527 4121 1805 4183 editionis
1870 4124 2097 4182 habent
2157 4119 2482 4181 Politianus
2546 4120 2643 4181 ad·

352 4237 591 4291 notasse
639 4231 889 4292 videtur.
965 4234 1225 4305 areolaS,
1273 4232 1380 4290 ubi
1424 4232 1756 4291 discolores
1800 4233 1925 4290 sint
1967 4236 2187 4302 certas,
2233 4230 2324 4289 sic
2370 4231 2438 4288 hi
2481 4231 2643 4288 locu-

351 4340 509 4399 latas
572 4339 799 4398 habent
852 4337 1104 4416 Merula,
1149 4339 1445 4412 arculas,
1510 4338 1620 4397 ubi
1673 4339 1902 4398 diversi
1954 4339 2186 4397 colores
2239 4337 2386 4415 sint,
2440 4340 2645 4394 certas

351 4443 683 4525 Iucundus,
749 4448 1026 4519 arculas,
1095 4445 1204 4505 ubi
1266 4446 1497 4505 diversi
1558 4447 1793 4514 colores
1851 4446 1973 4503 sint
2037 4443 2290 4503 disereti
2351 4438 2649 4521 Angelius,
