3178 5185
543 369 670 432 166
1526 364 1897 420 VARRONIS

539 537 714 595 siccis
780 533 1231 613 tempestatibus
1297 532 1657 614 vindemias,
1726 551 1793 592 ac
1859 531 2035 592 silvas
2102 531 2295 592 excoli
2358 533 2834 594 commodissime

537 650 700 723 tunc,
746 622 1011 720 praecidi
1056 639 1300 701 arbores
1347 645 1626 717 oportere
1676 639 2007 699 secundum
2055 648 2300 700 terram:
2358 639 2590 699 radices
2637 647 2834 701 autem

538 747 841 828 prioribus
904 746 1197 806 imbribus
1261 753 1330 805 ut
1394 745 1775 826 effodiantur,
1838 745 2058 824 nequid
2125 764 2197 806 ex
2261 748 2335 806 iis
2401 749 2565 807 nasci
2627 749 2834 825 possit.

537 855 732 915 hieme
782 856 981 933 putari
1028 853 1272 913 arbores
1304 853 1626 914 'dumtaxat
1661 852 1755 912 his
1796 852 2181 934 temporibus,
2230 871 2365 913 cum
2406 853 2540 931 gelu
2579 856 2835 915 cortices

542 980 613 1022 ex
660 960 955 1021 imbribus
1003 967 1244 1020 careant
1291 959 1553 1038 [glacie]
2891 971 2924 1012 5

265 1068 499 1129 XXVIII
715 1067 854 1128 Dies
899 1069 1131 1146 primus
1178 1074 1268 1127 est
1316 1068 1574 1139 verisin
1623 1069 1882 1147 aquario,
1930 1068 2172 1127 aestatis
2221 1068 2282 1127 in
2330 1074 2517 1148 tauro,
2565 1070 2839 1128 autumni

539 1177 600 1235 in
658 1174 854 1254 leone,
911 1173 1124 1234 hiemis
1182 1176 1245 1234 in
1293 1175 1623 1253 scorpione.
1716 1192 1853 1234 cum
1900 1176 2080 1234 unius
2127 1176 2417 1253 cuiusque
2464 1173 2680 1234 horum
2726 1190 2838 1236 1111

541 1284 848 1360 signorum
904 1281 1031 1341 dies
1087 1283 1302 1341 tertius
1358 1289 1418 1341 et
1474 1282 1793 1340 vicesimus
1838 1294 1944 1341 1111
1992 1288 2325 1359 temporum
2375 1283 2453 1341 sit
2498 1283 2729 1359 primus
2777 1289 2838 1341 et

541 1389 760 1449 efficiat
825 1396 891 1448 ut
957 1406 1058 1448 ver
1124 1389 1252 1448 dies
1317 1387 1531 1449 habeat
1594 1402 1739 1468 XCI,
1805 1394 1998 1448 aestas
2061 1401 2257 1468 XCIV,
2322 1395 2643 1448 autumnus
2699 1401 2838 1469 XCI,
2893 1374 2899 1379 ⁴

541 1496 731 1556 hiems
769 1508 1005 1575 XXGIX,
1053 1513 1202 1572 quae
1241 1494 1478 1554 redacta
1525 1493 1596 1554 ad
1637 1494 1764 1555 dies
1803 1493 2005 1555 civiles
2044 1502 2299 1574 nostroS‚
2339 1497 2443 1573 qui
2479 1512 2638 1555 nunc
2680 1503 2836 1575 sunt,
2868 1504 2921 1542 10

540 1604 721 1681 primi
765 1603 934 1661 verni
982 1603 1267 1680 temporis
1314 1620 1384 1661 ex
1434 1620 1479 1663 a.
1530 1602 1585 1662 d.
1632 1617 1730 1662 V11
1777 1602 1856 1662 id.
1904 1601 1949 1660 F
1955 1601 2106 1682 ebr.,
2162 1603 2372 1663 aestivi
2417 1620 2489 1661 ex
2535 1621 2585 1661 a.
2634 1601 2688 1662 d.
2736 1617 2838 1662 vn

491 1709 628 1769 2id.
674 1707 833 1787 Mai„
891 1708 1247 1770 autumnalis
1304 1727 1374 1768 ex
1431 1728 1480 1769 a.
1529 1708 1583 1769 d.
1633 1723 1710 1768 111
1755 1707 1833 1769 id.
1882 1707 2112 1790 Sextil.‚
2158 1708 2398 1769 hiberni
2443 1726 2514 1768 ex
2561 1726 2610 1768 a.
2661 1708 2716 1768 d.
2763 1722 2837 1768 lv

687 2011 718 2058 6
756 2005 890 2059 Dies
926 2005 1139 2074 primus
1179 2009 1262 2060 est
1297 2004 1444 2060 veris
1479 2021 1700 2076 yeopon.
1741 2005 1786 2059 I
1820 2011 1852 2058 1

687 2279 718 2326 2
759 2273 975 2327 radices
1015 2275 1205 2327 autem
1242 2274 1455 2341 (autem
1490 2273 1915 2342 superscriptum
1952 2274 2015 2327 in
2042 2273 2099 2327 A
2134 2279 2206 2327 asi
2239 2274 2315 2342 P)
2342 2272 2620 2341 prioribus
2650 2272 2840 2327 imbri-

543 2363 646 2417 bus
693 2364 759 2416 nt
795 2362 980 2417 PAB
1026 2362 1242 2416 radices
1290 2362 1355 2415 ut
1389 2361 1671 2431 prioribus
1707 2361 1981 2416 imbribus
2018 2379 2049 2416 v
2196 2368 2227 2414 3
2265 2361 2444 2432 nasci]
2482 2361 2607 2416 nasi
2642 2362 2699 2416 A

542 2456 576 2504 4
615 2450 890 2504 duntaxat
934 2450 987 2503 V
1121 2450 1494 2520 temporibus]
1532 2450 1823 2520 teporibus
1863 2449 1918 2505 A

688 2545 719 2595 6
773 2537 1028 2595 autumni
1065 2539 1122 2595 A
1168 2538 1405 2595 autunni
1442 2539 1498 2592 Β
1546 2540 1814 2594 auctunni
1858 2539 1913 2595 V
2049 2547 2080 2595 8
2118 2538 2317 2595 tertius
2357 2540 2415 2594 et
2450 2539 2751 2596 uicesimus
2797 2541 2849 2596 V

541 2682 749 2738 'cercius
799 2684 856 2737 et
900 2680 1200 2736 uicesimus
1238 2680 1294 2735 A
1336 2630 1551 2736 tzelrizlfiiss
1585 2685 1644 2735 et
1687 2682 2027 2737 uicensimus
2063 2683 2119 2737 Β
2264 2683 2323 2737 et
2367 2683 2577 2739 efficiat
2616 2685 2740 2739 AB
2786 2689 2844 2741 et

545 2772 784 2828 efficitur
835 2770 892 2824 P
935 2770 1174 2826 efficitur
1224 2788 1256 2825 v
1402 2777 1432 2825 9
1482 2773 1667 2826 aestas
1706 2769 1879 2825 XCIV
1919 2771 2126 2840 PAB,
2175 2772 2274 2826 ubi
2310 2773 2388 2827 IV
2435 2775 2707 2842 expunxit
2742 2774 2841 2842 A2,

545 2864 728 2916 aestas
766 2859 944 2915 XCIII
980 2878 1045 2914 m«
1080 2862 1266 2914 aestas
1306 2860 1861 2930 nonagintaquinque
1899 2878 1930 2915 v
2075 2862 2409 2915 auctumnus
2431 2903 2443 2915 .
2465 2861 2587 2916 XCI
2621 2904 2632 2915 .
2662 2862 2842 2917 hiems

542 2949 771 3005 XXCIX
826 2967 966 3021 quae
1022 2938 1270 3004 redacta
1308 2949 1380 3002 ad
1437 2949 1554 3004 dies
1615 2950 1809 3005 ciuiles
1863 2950 1917 3002 P
1960 2952 2239 3004 autunnus
2275 2949 2447 3005 XXCI
2496 2952 2654 3020 (corr.
2695 2952 2835 3020 XCI)

543 3040 721 3094 hiems
758 3038 984 3110 XXCIX
1031 3055 1172 3107 quae
1209 3038 1442 3092 redacta
1478 3038 1552 3091 ad.
1589 3038 1709 3093 dies
1747 3038 1941 3092 ciuiles
1979 3040 2035 3094 Β
2072 3039 2401 3092 autumnum
2444 3042 2602 3109 (corr.
2643 3072 2711 3080 —-
2752 3044 2838 3111 us)

542 3164 825 3220 xxoim
863 3165 946 3233 (ut
980 3165 1216 3232 videtur)
1237 3129 1380 3231 ¹¹31?ss
1408 3163 1640 3217 redacta
1675 3163 1748 3217 aa
1785 3163 1905 3217 dies
1946 3163 2139 3217 ciuiles
2176 3162 2260 3230 A,
2295 3164 2393 3217 ubi
2427 3165 2573 3218 notis
2608 3164 2713 3217 xx
2750 3183 2839 3219 eae-

535 3254 765 3321 punctis
811 3261 860 3307 et
907 3253 1054 3307 ‘notis
1094 3251 1201 3306 IXI
1236 3254 1422 3307 deletis
1461 3250 1530 3305 CI
1566 3253 1803 3307 correxit
1839 3258 1890 3306 et
1916 3258 2045 3321 post
2080 3252 2262 3306 hiems
2299 3259 2469 3307 ‘notas'
2494 3251 2641 3307 XCII
2679 3255 2840 3308 addi-

544 3343 628 3396 dit
673 3340 775 3409 ΑΞ,
831 3342 1170 3410 autumpnus
1215 3340 1365 3396 XCII
1421 3358 1563 3409 quae
1620 3342 1851 3396 redacta
1900 3342 1971 3395 ad
2018 3341 2139 3395 dies
2187 3339 2383 3396 ciuiles
2428 3359 2483 3396 m
2527 3343 2838 3399 auctuunus

543 3431 1028 3499 nonaginizaunum
1059 3452 1071 3483 ε
1100 3432 1296 3499 hyems
1336 3430 1830 3500 octogintanouem
1860 3474 1873 3487 .
1905 3445 2046 3498 quae
2086 3430 2290 3485 diuisio
2320 3430 2394 3484 ad.
2421 3428 2541 3485 dies
2570 3431 2841 3488 reddacta
2865 3444 2876 3455 ·

546 3519 730 3573 ciuilis
766 3536 798 3573 ν
950 3525 1011 3573 11
1059 3536 1128 3572 ex
1163 3520 1235 3574 ad
1271 3519 1392 3573 VII.
1421 3519 1497 3575 id..
1532 3518 1672 3574 febr.
1713 3517 1919 3574 aestiui
1959 3536 2026 3573 ex
2063 3518 2137 3571 ad.
2174 3518 2276 3572 VII
2311 3519 2387 3574 id.
2427 3520 2540 3573 mai
2577 3520 2733 3588 (maii
2761 3521 2840 3590 Β)

546 3608 920 3663 auctumnalis
960 3608 1321 3675 (autumnalis
1359 3607 1415 3662 A
1454 3607 1777 3663 autunnalis
1806 3609 1883 3676 B)
1925 3624 1993 3663 ex
2029 3607 2102 3661 ad.
2138 3606 2245 3660 VII
2282 3607 2356 3662 id.
2399 3608 2581 3663 sextil.
2618 3609 2842 3663 hiberni

547 3715 616 3751 ex
660 3697 733 3751 ad.
769 3697 842 3750 IV
885 3697 1009 3765 (VII
1044 3699 1107 3751 in
1143 3714 1346 3752 rasura
1381 3700 1649 3767 scriptum
1683 3696 1767 3752 Α,ΕΙ
1802 3702 1864 3751 ut
1900 3698 2137 3765 videtur)
2175 3697 2250 3750 id.
2289 3714 2417 3751 nou.
2460 3697 2648 3751 PAB
2684 3699 2840 3753 extat

547 3786 621 3841 ad
663 3786 880 3854 septem
917 3785 1042 3839 idus
1080 3784 1354 3841 fabruarii
1383 3809 1397 3841 ε
1429 3784 1633 3841 aestiui
1670 3785 1741 3838 ad
1781 3787 1997 3855 septem
2033 3783 2160 3839 idus
2196 3784 2365 3839 maii:
2386 3786 2739 3841 auctunnalis
2768 3787 2840 3841 ad

547 3876 762 3945 septem
797 3874 923 3928 idus
963 3874 1456 3930 sextilis'2hiberni
1494 3876 1568 3929 ad.
1605 3875 1868 3944 quartum
1905 3874 2030 3928 idus
2068 3874 2387 3929 nouembris
2414 3892 2446 3929 v
2476 3891 2545 3929 ex
2573 3892 2623 3931 a.
2653 3876 2705 3929 d.
2737 3876 2841 3930 VII

546 3963 626 4020 Id.
665 3963 825 4018 Febr.
864 3962 1084 4019 Aestiui
1121 3981 1189 4017 ex
1227 3965 1276 4019 a.
1316 3964 1369 4019 d.
1404 3963 1508 4017 VII
1534 3963 1675 4019 Idib.
1715 3962 1850 4017 Maii
1877 3961 2248 4018 Autumnales
2286 3981 2354 4018 ex
2390 3980 2440 4018 a.
2482 3964 2535 4019 d.
2566 3963 2672 4018 VII
2697 3963 2836 4019 Idib.

549 4054 697 4107 Sext.
737 4052 972 4106 Hiberni
1011 4068 1078 4106 ex
1114 4071 1163 4108 a.
1195 4053 1246 4107 d.
1276 4053 1353 4108 IV
1389 4053 1473 4108 Id.
1506 4052 1779 4108 Nouemb.
1822 4052 2099 4107 Victorius
2242 4050 2416 4120 θέρος
2454 4050 2518 4107 δὲ
2557 4048 2841 4121 ἄρχεσθαι

548 4138 661 4195 ἀπὸ
699 4143 797 4211 τῆς
833 4138 940 4211 πρὸ
982 4137 1128 4196 ὀκτὼ
1168 4141 1337 4196 εἰδῶν
1366 4143 1574 4196 Μαίων
1612 4142 1713 4195 τοῦ
1750 4137 1910 4209 ἡλίου
1952 4136 2014 4195 ἐν
2044 4137 2233 4214 ταύρῳ
2264 4137 2441 4208 ὄντος,
2479 4142 2840 4210 πληροῦσθαι

548 4228 612 4284 δὲ
672 4228 750 4291 εἰς
797 4226 900 4298 τὴν
949 4226 1060 4299 πρὸ
1108 4224 1249 4284 ἔπτὰ
1298 4227 1467 4283 εἰδῶν
1506 4224 1859 4298 Αὖγούστων.
1937 4225 2018 4282 ἔτι
2067 4227 2131 4284 δὲ
2181 4225 2511 4300 μετόπωρον
2554 4225 2839 4299 ἄρχεσθαι

549 4314 664 4371 ἀπὸ
692 4318 791 4387 τῆς
817 4313 926 4385 πρὸ
962 4314 1027 4383 ἓξ
1059 4315 1229 4371 εἰδῶν
1257 4314 1599 4385 Αὖγούστων
1627 4312 1787 4385 ἡλίου
1818 4311 1980 4379 ὄντος
2010 4311 2071 4370 ἕν
2100 4314 2286 4372 λέοντι
2312 4320 2610 4388 qeopom'ca
2637 4320 2693 4386 I,
2726 4325 2778 4386 1,
2804 4323 2839 4374 3

696 4413 759 4459 12
801 4406 1141 4461 autumnalis
1180 4408 1376 4461 extant
1413 4406 1486 4460 ad
1522 4404 1754 4461 tertium
1790 4405 1921 4461 Idus
1951 4406 2177 4461 Sextilis
2207 4408 2503 4463 Iucunda-s·
2620 4407 2840 4462 hiberni

551 4515 617 4550 ex
655 4496 724 4550 ad
764 4495 868 4550 VII
904 4496 1047 4564 ydus
1084 4494 1342 4550 nouemb.
1381 4512 1435 4551 m
