3178 5185
567 465 697 528 216
1550 464 1926 520 VARRONIS

567 650 715 712 quae
773 630 903 692 lana
961 631 1142 691 multa
1201 632 1277 692 sit
1334 638 1393 691 et
1439 629 1629 711 molli,
1687 630 1839 690 villis
1887 630 2020 691 altis
2067 640 2126 692 et
2173 632 2374 692 densis
2421 641 2545 693 toto
2593 647 2895 710 corpore,

565 740 817 798 maxime
874 740 1098 799 circum
1158 739 1452 797 cervicem
1509 744 1569 796 et
1627 736 1872 818 collum,
1930 744 2195 799 ventrem
2252 757 2489 818 quoque
2536 747 2604 799 ut
2655 737 2895 798 habeat

564 845 837 924 pilosum.
939 847 1139 923 itaque
1215 863 1364 923 quae
1440 844 1497 904 id
1573 862 1693 905 non
1768 844 2015 926 habent,
2088 848 2342 906 maiores
2406 848 2597 907 nostri
2643 827 2891 925 'apicas

564 951 935 1032 appellabant
972 970 1038 1012 ac
1078 950 1421 1012 reiciebant.
1504 968 1637 1010 esse
1675 957 1911 1029 oportet
1948 952 2226 1013 cruribus
2265 951 2617 1013 humilibus:
2658 949 2888 1011 caudis

512 1058 881 1120 4observate
931 1067 996 1119 ut
1043 1060 1162 1118 sint
1207 1060 1269 1117 in
1316 1057 1478 1117 ltalia
1524 1057 1790 1138 prolixiS‚
1837 1060 1897 1117 in
1938 1057 2104 1138 Syria
2152 1058 2449 1120 brevibus.
2540 1061 2602 1118 in
2650 1058 2887 1136 primis
2944 1079 2971 1119 5

563 1166 881 1226 videndum
950 1174 1016 1226 ut
1081 1164 1221 1225 boni
1289 1166 1534 1225 seminis
1600 1183 1784 1244 pecus
1848 1164 2083 1225 habeas,
2182 1166 2241 1226 id
2307 1167 2437 1226 fieri
2502 1183 2571 1224 ex
2628 1163 2884 1225 duabus

564 1272 745 1333 rebus
811 1280 1008 1352 potest
1066 1272 1479 1352 animadverti,
1543 1290 1615 1331 ex
1672 1272 1858 1332 forma
1916 1280 1976 1332 et
2031 1275 2344 1351 progenie:
2399 1291 2470 1333 ex
2528 1273 2749 1351 forma,
2825 1271 2881 1330 si

563 1383 779 1440 arietes
847 1382 965 1440 sint
1023 1380 1215 1439 fronte
1271 1378 1401 1439 lana
1459 1380 1659 1440 vestiti
1713 1378 1890 1460 bene,
1956 1382 2129 1440 tortis
2185 1380 2468 1441 cornibus
2524 1381 2733 1458 pronis
2796 1377 2876 1437 ad

564 1493 854 1566 rostrum,
919 1488 1074 1546 ravis
1140 1486 1356 1566 oculis»,
1419 1485 1548 1545 lana
1616 1487 1844 1564 opertis
1909 1486 2182 1568 auribuS‚
2247 1486 2423 1565 ampli
2491 1492 2734 1564 pectore
2808 1491 2877 1544 et

564 1592 822 1671 scapulis
869 1601 929 1653 et
975 1591 1252 1653 clunibus
1299 1592 1450 1672 latis,
1498 1592 1685 1653 cauda
1731 1591 1846 1653 lata
1894 1601 1953 1653 et
1998 1592 2186 1672 longa.
2271 1593 2873 1654 animadvertendum
2906 1612 2959 1651 ιο

563 1717 800 1778 quoque
847 1699 1047 1778 lingua
1097 1718 1169 1759 ne
1217 1701 1384 1778 nigra
1433 1706 1534 1759 aut
1581 1701 1740 1760 varia
1789 1702 1884 1781 sit,
1931 1700 2088 1779 quod
2137 1701 2260 1760 fere
2311 1702 2414 1779 qui
2461 1718 2588 1759 eam
2634 1698 2870 1759 habent

562 1809 765 1885 nigros
824 1815 925 1867 aut
981 1808 1175 1866 varios
1231 1816 1549 1884 procreant
1605 1824 1804 1884 agnos.
1897 1824 1965 1865 ex
2023 1810 2306 1885 progenie
2355 1814 2549 1867 autem
2599 1807 2866 1867 animad-

510 1915 849 1993 5vertitur,
906 1916 956 1973 si
1012 1932 1193 1992 agnos
1249 1920 1565 1992 procreant
1614 1914 1920 1974 formosos,
2011 1916 2072 1973 in
2120 1914 2519 1993 emptionibus
2564 1916 2695 1974 iure
2744 1916 2863 1975 uti-

562 2040 698 2081 mur
746 2040 833 2102 eo,
882 2040 1000 2100 quo
1037 2021 1130 2081 lex
1169 2023 1573 2100 praescripsit.
1665 2023 1728 2080 in
1768 2040 1834 2081 ea
1874 2023 2029 2081 enim
2069 2020 2164 2082 alii
2204 2021 2390 2103 plura,
2439 2021 2537 2082 alii
2573 2024 2860 2100 pauciora

561 2130 892 2206 excipiunt:
954 2128 1193 2206 quidam
1249 2130 1408 2187 enim
1463 2129 1657 2206 pretio
1717 2127 1869 2187 facto
1927 2130 1988 2187 in
2047 2128 2309 2213 singulas
2366 2147 2531 2209 oveS‚
2596 2136 2662 2188 ut
2718 2130 2856 2207 agni
2891 2144 2941 2185 ιε»

559 2236 726 2297 cordi
775 2236 891 2296 duo
939 2254 1048 2314 pro
1096 2253 1212 2294 una
1260 2253 1366 2295 ove
1414 2234 1901 2313 adnumerentur,
1950 2241 2007 2294 et
2046 2236 2097 2294 si
2137 2237 2277 2313 quoi
2315 2244 2605 2296 vetustate
2644 2236 2854 2296 dentes

559 2342 791 2422 absunt,
839 2345 981 2402 item
1028 2341 1200 2401 binae
1248 2359 1356 2419 pro
1404 2340 1654 2419 singulis
1693 2348 1760 2400 ut
1797 2341 2138 2421 procedant·
2231 2342 2303 2402 de
2342 2341 2571 2421 reliquo
2611 2333 2851 2421 antiqua

560 2451 684 2510 fere
733 2448 984 2509 formula
1031 2436 1338 2509 utuntur.'
1384 2466 1517 2508 cum
1566 2455 1799 2526 emptor
1846 2447 1994 2508 dixit
2039 2443 2212 2508 ‘tanti
2258 2455 2397 2509 sunt
2434 2451 2516 2509 mi
2554 2444 2849 2528 emptaeP'

560 2563 619 2614 et
665 2552 762 2614 ille
811 2554 1119 2632 respondit
1167 2549 1355 2616 ‘sunt'
1404 2561 1461 2615 et
1511 2556 1858 2634 expromisit
1905 2572 2204 2636 nummOS‚
2254 2563 2484 2636 emptor
2532 2555 2850 2636 stipulatur

508 2663 762 2741 ssprisca
819 2660 1067 2721 formula
1125 2664 1237 2741 sic,
1272 2658 1515 2723 ‘illasce
1571 2680 1736 2742 oveS,
1794 2680 1906 2740 qua
1963 2662 2036 2722 de
2083 2681 2147 2722 re
2195 2666 2414 2744 agitur,
2470 2683 2642 2725 sanas
2688 2672 2847 2724 recte
2875 2683 2927 2721 20

557 2785 707 2848 esse,
755 2769 845 2827 uti
892 2785 1074 2847 pecus
1123 2768 1381 2850 ovillum,
1431 2769 1587 2848 quod
1637 2777 1800 2829 recte
1849 2787 2058 2829 sanum
2107 2777 2199 2829 est
2246 2777 2413 2830 extra
2458 2770 2683 2831 luscam
2721 2788 2846 2830 sur·

556 2875 689 2935 dam
738 2876 976 2956 minam,
1023 2875 1082 2936 id
1130 2884 1221 2936 est
1267 2884 1472 2936 ventre
1522 2874 1745 2956 glabro,
1793 2893 1987 2955 neque
2035 2874 2107 2935 de
2145 2895 2362 2954 pecore
2399 2875 2677 2937 morboso
2716 2895 2844 2937 esse

698 3115 730 3164 3
768 3109 963 3178 itaque
1002 3127 1153 3179 quae
1183 3110 1241 3164 id
1280 3125 1390 3163 non
1427 3109 1642 3164 habent
1681 3109 1835 3164 Plin.
1873 3114 1930 3178 8,
1970 3114 2079 3164 198

699 3338 725 3385 1
770 3340 882 3400 qua
917 3330 1049 3386 lana
1086 3331 1162 3385 sit
1196 3332 1376 3385 multa
1411 3331 1502 3400 sit,
1536 3333 1630 3387 sed
1668 3332 1744 3387 sit
1770 3334 1961 3401 priore
1998 3333 2112 3387 loco
2165 3332 2393 3386 deletum
2418 3331 2474 3387 A
2572 3331 2748 3403 villis]
2787 3334 2847 3401 et

555 3424 707 3479 uillis
743 3424 800 3478 Β
908 3430 940 3477 3
979 3440 1125 3491 quae
1164 3422 1222 3476 id
1260 3439 1354 3477 mv
1392 3440 1500 3490 quo
1537 3422 1598 3476 id
1636 3439 1774 3478 corr.
1814 3439 1921 3490 que
1958 3421 2019 3474 id
2057 3426 2120 3475 ut
2154 3422 2371 3476 videtum·
2406 3422 2461 3475 A
2499 3438 2608 3489 quo
2645 3420 2705 3474 id
2735 3421 2844 3474 ΡΒ

731 3513 945 3567 habent
984 3513 1040 3565 P
1072 3512 1276 3566 harent
1312 3528 1449 3566 corr.
1489 3512 1701 3566 habent
1737 3511 1792 3564 A
1828 3510 2101 3566 haberent
2126 3509 2224 3563 Bv
2403 3515 2438 3563 4
2476 3509 2670 3564 candis
2708 3527 2842 3566 corr.

553 3602 745 3658 caudis
772 3602 827 3655 A
972 3606 1004 3655 5
1044 3600 1334 3655 obseruate
1364 3601 1545 3654 PAB
1583 3601 1883 3655 obseruare
1918 3617 1950 3654 v
1972 3642 1984 3654 .
2005 3600 2236 3666 fortasse
2272 3598 2574 3654 observant
2717 3606 2748 3653 6
2785 3598 2844 3653 id

549 3691 671 3745 fieri
708 3708 775 3745 ex
812 3691 932 3744 AB
970 3689 1030 3743 id
1066 3706 1135 3743 ex
1175 3689 1232 3742 P
1263 3688 1323 3743 id
1361 3689 1478 3743 fere
1515 3706 1582 3743 ex
1619 3707 1653 3743 v
1797 3695 1831 3744 8
1868 3687 1981 3742 sint
2027 3686 2140 3740 VB
2177 3692 2307 3741 sunt
2342 3686 2399 3742 A
2522 3686 2714 3757 pronis
2750 3703 2843 3741 mv

552 3779 758 3848 promis
779 3779 960 3833 PAB
1068 3784 1099 3832 9
1138 3776 1314 3846 ampli
1339 3777 1519 3831 PAB
1549 3776 1751 3846 amplis
1770 3793 1865 3831 mv
1894 3776 2081 3845 amplo
2112 3775 2349 3830 Ursinus
2372 3773 2615 3830 testibus
2645 3776 2844 3847 amplis

553 3867 849 3923 Columella
884 3866 1016 3920 VII
1042 3872 1094 3934 3,
1123 3871 1158 3921 3
1289 3873 1354 3920 10
1384 3867 1540 3937 latis]
1562 3867 1711 3922 latas
1740 3883 1878 3922 corr.
1900 3897 1965 3906 -
1989 3863 2035 3919 is
2063 3866 2118 3919 A
2229 3870 2292 3919 11
2325 3882 2449 3919 eam
2477 3865 2693 3920 habent
2717 3883 2751 3921 v
2779 3883 2846 3921 ea

550 3957 762 4012 habent
789 3956 968 4011 PAB
1080 3963 1144 4010 13
1181 3956 1454 4011 formosos
1494 3957 1607 4011 VB
1644 3958 1954 4024 formonsos
1983 3956 2036 4009 A
2064 3973 2101 4008 n
2130 3960 2397 4022 expuncto
2433 3959 2498 4008 ut
2521 3955 2739 4010 videtur
2765 3954 2844 4010 A²

660 4052 726 4099 14
757 4063 866 4113 quo
896 4046 985 4098 lex
1005 4046 1124 4099 AB
1153 4046 1302 4113 quod
1331 4046 1423 4099 lex
1449 4046 1652 4100 VA2m
1763 4051 1829 4100 15
1857 4043 2045 4115 precio
2077 4046 2130 4099 V
2160 4042 2289 4116 poio
2318 4046 2373 4100 A
2401 4043 2592 4117 precio
2613 4045 2667 4097 Β
2779 4050 2843 4098 16

550 4133 705 4189 cordi
735 4136 856 4189 AB
895 4134 1090 4188 chordi
1130 4134 1182 4188 V
1284 4135 1721 4190 adnumerentur
1747 4136 1866 4189 AB
1896 4136 2331 4189 annumerentur
2371 4133 2423 4187 V
2525 4132 2570 4187 si
2602 4151 2710 4206 que
2731 4134 2843 4188 PB

550 4223 706 4291 sique
736 4225 844 4278 Am
882 4225 927 4277 si
966 4224 1062 4292 qui
1088 4241 1121 4278 v
1160 4223 1206 4277 si
1246 4223 1335 4278 cui
1364 4225 1654 4279 Iucundus
1766 4230 1831 4279 18
1860 4223 1939 4277 mi
1977 4226 2199 4293 emptae
2228 4223 2407 4277 PAB
2434 4222 2535 4277 mii
2563 4225 2785 4292 emptae
2810 4239 2842 4276 v

698 4318 762 4365 19
802 4313 1090 4380 respondit
1124 4313 1241 4366 ΡΒ
1276 4312 1626 4382 respondixit
1653 4313 1708 4366 A
1745 4313 2089 4382 respondens
2126 4313 2268 4367 dixit
2295 4313 2438 4367 A'm
2472 4312 2778 4380 respondet
2810 4329 2843 4366 v

693 4401 994 4469 stipulatur
1043 4402 1153 4455 VB
1191 4400 1491 4471 stipulator
1527 4417 1664 4456 corr.
1708 4433 1769 4441 —
1811 4420 1877 4456 ur
1912 4402 1967 4455 A
2006 4402 2308 4472 stipulator
2341 4420 2395 4457 m
2535 4407 2605 4456 20
2650 4399 2843 4454 illasce

548 4488 838 4545 Iucunda-s
875 4489 1110 4558 illasque
1149 4488 1327 4544 VAB
1432 4497 1499 4544 21
1541 4489 1626 4544 uti
1660 4507 1831 4560 pecus
1871 4490 1984 4546 VB
2019 4493 2084 4546 ut
2119 4508 2289 4562 pecus
2317 4491 2436 4545 Am
2542 4491 2757 4546 luscam
2796 4489 2848 4543 V

550 4578 723 4633 dusca
759 4595 897 4634 corr.
936 4580 1094 4633 lusca
1129 4579 1186 4634 A
1221 4578 1378 4633 lusca
1410 4579 1468 4632 Β

270 4796 661 5073 N
