3178 5185
800 422 1060 504 RERVM
1097 421 1580 476 RVSTICARVM
1619 422 1755 476 LIB.
1796 424 1819 475 Ι
1865 421 2106 477 19-20
2509 413 2594 477 65
2682 434 2687 438 ’

346 595 400 636 ea
443 594 581 656 quae
640 576 713 637 de
760 594 978 656 pecore
1034 576 1337 638 adicienda
1396 596 1527 639 esse
1586 578 1809 638 dictum
1868 588 1995 639 erat
2050 580 2162 638 iam
2221 577 2293 637 de
2351 577 2597 639 canibus

343 683 435 743 hoc
498 683 714 744 dicitur
781 683 1155 745 adiciendum
1222 703 1381 765 esse,
1447 684 1558 745 hos
1625 686 1752 745 sine
1819 683 1998 745 dubio
2071 683 2375 746 habendos
2448 703 2599 767 esse,

340 799 624 869 propterea
673 790 829 869 quod
880 792 1008 850 sine
1055 792 1129 851 iis
1178 790 1309 851 villa
1356 810 1565 870 parum
1617 799 1742 851 tuta
1789 793 1881 851 sit.

493 903 591 956 XX
633 895 666 957 1
739 896 1003 976 Amplis
1052 897 1397 958 cornibus
1446 907 1513 958 et
1561 899 1815 975 nigris
1853 899 2098 976 potius
2143 916 2344 977 quam
2384 898 2599 959 aliter

338 1013 404 1063 ut
451 1006 588 1065 sint
643 1004 783 1064 lata
832 1003 1108 1081 fronte]
1160 1006 1343 1079 Niyri
1370 1052 1382 1063 .
1414 1006 1474 1065 S.
1517 1007 1722 1080 potius
1772 1013 2009 1083 praeter
2053 1003 2100 1063 B
2147 1003 2365 1065 babent
2412 1005 2597 1066 codex

338 1110 603 1170 Caesenas
651 1120 710 1172 et
758 1112 946 1190 prima
1001 1128 1177 1171 manu
1237 1110 1645 1192 FlorentinuS,
1703 1120 1763 1173 et
1818 1114 1903 1172 sic
1959 1113 2018 1171 in
2081 1112 2210 1190 ipso
2277 1111 2596 1192 archetypo

334 1220 596 1296 scriptum
645 1219 830 1278 fuisse
869 1217 1122 1298 videtur,
1161 1221 1358 1293 niyris
1397 1222 1603 1294 potius
1639 1217 1873 1297 reliqui.
1946 1221 2143 1294 niqris
2177 1222 2381 1294 potius
2418 1237 2599 1294 quam

333 1328 511 1398 aliter,
555 1333 623 1385 ut
666 1328 790 1385 sint
835 1329 962 1386 lata
1003 1324 1211 1399 fronte
1267 1325 1420 1384 edita
1479 1325 1617 1385 inde
1676 1344 1704 1384 a
1761 1327 2031 1405 principe
2088 1324 2599 1406 editioneexem-

329 1430 510 1508 plaria.
581 1434 752 1506 niari
779 1435 984 1507 potius
1020 1449 1203 1505 quam
1240 1435 1422 1492 aliter
1468 1439 1537 1492 ut
1571 1435 1710 1506 sint,
1750 1434 1878 1492 lata
1910 1432 2120 1507 fronte
2157 1433 2388 1512 scripsi.
2459 1452 2595 1493 nam

329 1537 396 1596 de
453 1540 590 1616 ipsis
657 1537 853 1599 bubus
919 1537 1064 1598 haec
1129 1539 1598 1621 praecipiuntur,
1665 1556 1783 1598 non
1845 1538 1917 1598 de
1985 1537 2286 1599 cornibus·
2361 1542 2596 1619 nigrum

325 1644 567 1705 colorem
613 1647 674 1705 in
725 1644 920 1705 bubus
967 1646 1226 1732 maxime·
1267 1645 1665 1723 expetendum
1723 1663 1856 1705 esse
1904 1644 2114 1706 scribit
2150 1644 2334 1707 Varro
2372 1645 2425 1706 11
2462 1643 2522 1726 5,
2553 1645 2592 1708 8

327 1755 516 1812 colore
553 1756 927 1829 potissimum
965 1755 1160 1826 myro,
1236 1750 1307 1811 ab
1356 1751 1466 1811 hoc
1510 1751 1811 1812 diversum
1859 1759 1952 1811 est
1998 1752 2155 1831 quod
2203 1753 2276 1814 de
2316 1754 2597 1816 cornibus

323 1861 669 1937 praecipitur
727 1857 803 1920 ib.
845 1856 881 1918 7
947 1866 1007 1918 et
1061 1858 1215 1936 apud
1276 1858 1658 1919 Columellam
1706 1858 1778 1917 VI
1821 1857 1886 1941 1,
1924 1857 1965 1921 3
2021 1863 2410 1935 niqrantibus
2465 1880 2598 1923 cor·

322 1967 502 2026 nibus,

491 2070 531 2133 2
594 2072 735 2132 Hos
785 2079 1172 2134 ueteranos
1220 2091 1300 2133 ex
1349 2071 1885 2151 campestribus
1931 2072 2113 2134 locis
2168 2092 2306 2134 non
2362 2093 2594 2136 emen·

323 2177 470 2238 dum
534 2181 601 2239 in
665 2179 843 2239 dura
910 2197 985 2239 ac
1057 2187 1381 2239 montana
1440 2198 1566 2239 nec
1624 2188 1882 2240 nontra
1938 2182 2000 2241 si
2054 2180 2313 2241 incidit
2370 2189 2446 2241 ut
2501 2184 2596 2242 sit

322 2284 709 2363 uitandum]
759 2287 883 2346 Hos
928 2293 1247 2347 veteranos
1297 2305 1377 2346 ex
1416 2289 1864 2363 campestribus
1901 2290 2050 2348 locis
2097 2289 2427 2362 emendum,
2474 2307 2594 2350 non

323 2394 377 2452 in
422 2395 578 2453 dura
635 2412 713 2453 ac
759 2401 1073 2467 montana,
1139 2411 1253 2454 nec
1299 2411 1418 2453 non
1473 2397 1530 2453 si
1574 2396 1792 2454 incidit
1844 2397 2157 2455 vitandum
2203 2394 2445 2475 Merula,
2492 2394 2595 2456 ubi

319 2515 420 2557 nec
470 2516 589 2559 non
645 2501 703 2558 si
755 2502 841 2559 ita
899 2502 1117 2560 incidit
1171 2498 1331 2559 dedit
1367 2499 1717 2581 ·lucunduS‚
1780 2502 1888 2561 hos
1943 2507 2262 2562 veteranos
2308 2521 2388 2563 ex
2434 2521 2595 2563 cam-

314 2608 604 2678 pestribus
652 2610 801 2668 locis
846 2625 964 2667 non
1013 2610 1326 2668 emendam
1374 2611 1435 2668 in
1483 2611 1646 2669 dura
1694 2627 1771 2669 ac
1817 2616 2122 2683 montana,
2147 2586 2156 2596 ’
2181 2628 2294 2671 nec
2341 2628 2460 2671 non
2508 2614 2595 2672 ita

317 2714 367 2770 si
406 2716 622 2773 incidit
664 2721 734 2773 ut
776 2718 855 2774 sit
899 2717 1210 2775 vitandum
1248 2713 1551 2794 Angelum,
1598 2718 1706 2776 hos
1751 2724 2070 2777 veteranos
2116 2735 2197 2776 ex
2242 2721 2594 2793 campestri-

323 2818 418 2879 bus
462 2823 611 2880 locis
659 2824 974 2881 emendum
1029 2839 1147 2882 non
1198 2825 1259 2882 in
1317 2825 1479 2882 dura
1537 2841 1615 2883 ac
1669 2830 1983 2897 montana,
2046 2842 2158 2883 nec
2204 2841 2349 2897 non,
2406 2826 2494 2883 ita
2540 2827 2598 2883 si

320 2927 537 3001 incidit,
585 2934 655 2987 ut
699 2931 779 2988 sit
824 2931 1135 2989 vitandum
1175 2926 1472 2988 Victorius
1511 2927 1705 2989 addita
1755 2931 2096 2989 coniectura
2133 2948 2248 2990 nec
2284 2935 2505 2990 contra
2540 2933 2598 2990 si

319 3034 536 3094 incidit.
612 3034 765 3095 hanc
796 3036 899 3114 qui
929 3034 1347 3117 probaverunt,
1377 3053 1497 3095 non
1525 3035 2070 3096 animadverterunt
2107 3036 2338 3096 diversa
2377 3035 2592 3097 docere

319 3136 686 3202 Columellam
743 3140 816 3200 VI
862 3140 930 3224 2,
977 3139 1056 3202 12
1122 3146 1417 3218 lanaeque
1471 3146 1662 3203 omnis
1727 3144 1831 3203 bos
1897 3145 2185 3217 indiaena
2239 3147 2451 3204 melior
2506 3152 2595 3205 est

318 3261 484 3317 quam
531 3251 918 3323 pereqrimw.
1003 3266 1144 3309 nam
1198 3267 1393 3324 neque
1448 3266 1651 3324 aquae
1704 3268 1818 3311 nec
1857 3251 2077 3325 pabuli
2118 3268 2231 3310 nec
2270 3254 2433 3319 caeli
2466 3269 2590 3311 mu·

319 3357 529 3415 tatione
576 3362 905 3432 temptatur
949 3373 1144 3430 neque
1191 3355 1520 3430 infestatur
1567 3359 1926 3417 condicione
1963 3359 2249 3431 reqionis,
2294 3360 2456 3417 sicut
2493 3360 2592 3418 ille

318 3463 412 3531 qui
422 3456 430 3464 '
452 3479 531 3521 ex
570 3465 777 3537 planis
822 3470 881 3523 et
925 3463 1370 3539 campestribus
1416 3465 1564 3522 locis
1623 3466 1684 3523 in
1731 3470 2019 3524 montana
2075 3470 2134 3523 et
2184 3482 2408 3539 aspera
2449 3480 2590 3540 per·

321 3565 524 3626 ductus
561 3574 653 3628 est
689 3571 786 3629 vel
820 3588 901 3629 ex
936 3572 1236 3629 montanis
1275 3572 1337 3629 in
1376 3573 1761 3645 campestria.
1839 3587 2022 3648 quare
2061 3588 2174 3630 nec
2207 3588 2332 3631 non
2371 3579 2589 3631 contra

316 3673 366 3728 si
396 3676 610 3734 incidit
646 3677 888 3757 scripsi3
945 3679 1006 3736 in
1045 3674 1293 3753 reliquis
1342 3677 1700 3754 scripturam
1739 3676 2043 3754 archetypi
2092 3677 2343 3736 restitui.
2407 3676 2588 3739 boves

319 3793 379 3836 ex
423 3780 856 3860 campestribus
902 3782 1050 3843 locis
1096 3784 1157 3842 in
1205 3791 1480 3842 montana
1529 3782 1765 3842 emendi
1813 3800 1929 3841 nou
1980 3791 2137 3862 sunt,
2186 3790 2247 3841 et
2293 3784 2345 3841 si
2383 3790 2587 3843 contra

322 3883 531 3967 incidit,
577 3887 691 3948 hoc
739 3898 830 3949 est
877 3909 948 3949 ex
995 3890 1290 3949 montanis
1337 3891 1397 3948 in
1437 3891 1808 3969 campestria,
1857 3897 1920 3948 ut
1959 3888 2258 3948 vitandum
2308 3889 2402 3948 sit.
2476 3907 2590 3949 nec

318 4006 422 4051 non
458 4001 676 4054 contra
716 3996 889 4055 etiam
931 3992 1314 4055 Zahlfeldtius
1351 3994 1582 4056 observ.
1622 3998 1682 4055 in
1722 3993 1884 4054 Varr.
1928 4013 2040 4055 rer.
2080 4003 2227 4054 rust.
2256 3993 2388 4054 libr.
2418 4014 2471 4074 p.
2504 3991 2588 4055 29

318 4095 584 4182 defendit,
623 4101 726 4161 sed
770 4100 965 4161 verbis
1010 4104 1072 4161 in
1120 4101 1279 4163 bunc
1327 4103 1568 4163 modum
1618 4103 1970 4177 coniunctiS,
2017 4121 2130 4162 nec
2175 4119 2323 4181 non,
2370 4109 2588 4162 contra

317 4206 365 4261 si
400 4198 614 4269 incidit
658 4215 727 4267 ut
769 4211 865 4289 sit,
917 4211 1245 4270 vitandum.

479 4311 645 4373 Sine
695 4321 938 4372 aratro
988 4321 1130 4373 tum
1179 4332 1257 4374 eo
1304 4314 1454 4376 leui
1500 4317 1868 4395 principio
1916 4332 2039 4393 per
2088 4314 2421 4375 harenam
2467 4322 2587 4376 aut

321 4417 702 4479 molliorem
744 4418 1052 4496 terram]
1100 4421 1246 4481 Sine
1284 4428 1500 4482 aratro
1540 4429 1650 4482 aut
1687 4440 1756 4482 eo
1793 4424 1911 4481 levi
1943 4424 2125 4481 simul
2142 4425 2336 4495 aradi
2363 4422 2588 4497 facias,

319 4529 369 4580 et
400 4529 706 4603 principio
747 4545 865 4601 per
911 4544 1167 4587 arenam
1214 4534 1322 4587 aut
1358 4531 1687 4589 molliorem
1727 4534 1958 4587 terram
1995 4530 2215 4588 leniter
2244 4531 2590 4604 procedant

410 4634 555 4678 VAun.
585 4646 694 4678 31:12.
723 4646 858 4678 nvs‘r.
915 4638 979 4678 ΙΙ.
2129 4634 2160 4681 5
