3178 5185
1192 380 1614 435 PRAEFATIO
2454 380 2560 434 VII

312 553 403 594 usu
443 535 658 595 dicendi
707 535 1155 595 observaveram
1205 538 1453 614 exposui
1502 544 1562 595 et
1609 544 1752 617 tum,
1792 553 1927 595 cum
1978 554 2127 613 opus
2177 544 2319 616 erat,
2359 553 2554 595 exem-

312 641 401 735 plis
441 642 735 721 adscriptis
783 642 1184 721 comprobavi.
1260 645 1317 702 in
1368 662 1484 721 quo
1534 642 1603 702 ad
1654 642 1794 703 illud
1838 644 1994 721 quod
2036 643 2337 722 agebatur,
2376 652 2444 702 ut
2482 642 2554 702 de

314 751 518 809 veritate
573 759 843 828 receptae
902 751 1173 810 lectionis
1230 758 1556 825 constaret,
1606 750 1957 829 plerumque
2016 769 2080 810 ea
2141 768 2289 827 quae
2347 752 2406 835 in
2465 749 2558 808 his

308 856 426 932 ipsis
467 855 621 917 libris
668 861 903 917 inventa
953 866 1123 917 erant
1169 858 1482 918 adnotasse
1531 858 1879 917 sufficiebat.

455 963 563 1023 Res
619 983 650 1024 a
699 963 963 1024 Varrone
1021 972 1299 1024 tractatas
1355 967 1515 1024 omni
1575 984 1646 1024 ex
1705 974 1870 1043 parte
1929 964 2222 1043 explicare
2282 972 2340 1023 et
2397 981 2555 1023 com.-

310 1072 495 1147 paratis
540 1073 607 1130 iis
652 1090 803 1149 quae
853 1070 926 1130 de
990 1070 1198 1130 iisdem
1259 1070 1437 1130 rebus
1493 1070 1565 1129 ab
1625 1070 1754 1129 aliis
1810 1070 2202 1148 scriptoribus
2260 1069 2556 1148 disputata

309 1183 425 1235 sunt
465 1176 748 1238 illustrare
798 1177 1039 1257 longum
1088 1187 1147 1237 et
1194 1177 1264 1236 ab
1312 1177 1489 1237 huius
1538 1177 1815 1237 editionis
1856 1180 2082 1237 ratione
2122 1177 2376 1236 alienum
2425 1178 2554 1236 fuit.

309 1283 392 1341 sed
434 1284 714 1364 nonnulla,
755 1303 908 1364 quae
958 1287 1209 1343 maxime
1260 1283 1658 1344 memorabilia
1700 1293 1885 1363 erant,
1924 1303 1993 1343 ex
2043 1283 2155 1343 hoc
2203 1301 2419 1362 genere
2460 1283 2556 1342 ad-

306 1392 471 1449 notavi
514 1401 567 1451 et
612 1410 763 1470 quae
817 1391 904 1451 vel
951 1401 1197 1470 propter
1245 1390 1599 1451 brevitatem
1641 1391 1932 1469 quandam
1981 1390 2215 1450 dicendi
2263 1400 2322 1450 et
2368 1407 2556 1467 genus

308 1495 617 1558 elocutionis
664 1498 920 1559 obscura
959 1507 1128 1558 erant
1168 1498 1260 1557 vel
1297 1507 1542 1577 propter
1581 1498 2023 1576 ambiguitatem
2062 1497 2335 1557 lectionis
2373 1498 2556 1557 inter-

306 1606 594 1679 pretatione
642 1605 896 1683 egebant
945 1606 1244 1682 explicavi.
1319 1591 1527 1665 eodem
1584 1608 1887 1684 pertinent
1934 1624 2001 1664 ea
2051 1622 2199 1683 quae
2263 1603 2561 1663 nonnullis

306 1707 426 1770 locis
453 1731 513 1770 ex
543 1715 612 1772 iis
643 1712 1057 1793 scriptoribus,
1087 1715 1190 1791 qui
1221 1722 1423 1791 postea
1443 1712 1725 1772 Varronis
1754 1712 1938 1771 libros
1975 1720 2437 1791 usurpaverunt,
2469 1710 2560 1770 vel

308 1833 365 1873 ex
405 1819 841 1899 antiquioribuS,
883 1838 1031 1898 quos
1079 1822 1204 1897 ipse
1255 1828 1530 1879 auctores
1578 1828 1822 1893 secutus
1872 1827 2017 1900 erat,
2065 1819 2360 1897 adscripta
2399 1827 2557 1879 sunt.

456 1923 693 1986 Maxima
756 1944 893 2004 pars
951 1927 1458 2004 emendationum,
1507 1925 1577 1985 de
1637 1925 1855 2004 quibus
1912 1926 2274 2004 disputatum
2334 1934 2452 2006 est,
2497 1928 2560 1984 in

310 2031 557 2091 minorem
606 2032 927 2093 editionem
975 2042 1212 2110 recepta
1262 2043 1404 2093 erat.
1481 2052 1551 2092 ex
1610 2033 1719 2092 hac
1778 2052 1852 2092 ne
1902 2033 2041 2110 quid
2104 2031 2560 2111 desideraretur,

310 2154 440 2197 nunc
482 2141 536 2198 in
582 2143 1007 2201 commentario
1057 2139 1485 2200 conscribendo
1535 2158 1775 2218 operam
1823 2139 1958 2199 dedi
2008 2148 2103 2219 ut,
2150 2157 2557 2217 quaecumque

309 2243 356 2301 in
396 2249 707 2320 posteriore
757 2246 1016 2306 editione
1055 2246 1225 2306 aliter
1272 2256 1448 2324 atque
1490 2246 1630 2305 olim
1678 2248 1739 2305 in
1787 2248 1986 2324 priore
2027 2264 2305 2323 expressa
2342 2256 2561 2327 essent,

309 2361 685 2428 repeterentur
734 2363 794 2413 et
841 2352 910 2412 ad
968 2363 1279 2432 utramque
1338 2353 1657 2413 editionem
1718 2355 2178 2413 commentarius
2232 2370 2560 2412 accommo-

309 2455 532 2520 daretur.

457 2602 672 2682 Scripsi
722 2603 884 2663 Halis
925 2603 1222 2663 Saxonum
1273 2623 1474 2664 mense
1513 2603 1787 2664 Ianuario
1836 2622 1883 2664 a.
1923 2601 2470 2663 MDCCCLXXXXI
