3178 5185
536 388 620 452 56
1220 395 1601 451 COMMENT.
1639 396 1719 450 IN
1756 393 2130 451 VARRONIS

536 559 628 612 tes
676 550 793 611 dici
839 569 941 612 eos
988 552 1093 629 qui
1140 569 1349 628 magna
1387 549 1695 612 latifundia
1731 549 1968 612 habent.
2023 568 2205 626 quam
2236 557 2478 628 partem
2515 549 2852 626 latifundii

539 660 739 720 divitis
786 660 1148 719 domesticae
1186 661 1400 736 copiae
1444 660 1838 736 suppeditare
1873 662 2066 719 solent
2112 659 2365 719 coniecit
2404 657 2845 718 SchneideruS.

539 766 642 827 sed
680 765 862 825 Varro
912 784 981 825 eo
1029 767 1267 826 nomine
1315 768 1553 826 omnino
1593 785 1740 827 usus
1780 785 1898 826 non
1938 772 2047 848 est,
2085 766 2191 826 sed
2236 769 2351 827 lati
2386 765 2575 842 fundi
2613 769 2844 827 divites

538 872 820 932 dicuntur
884 873 989 951 qui
1052 890 1232 951 supra
1296 871 1441 934 dicti
1496 881 1667 933 erant
1732 876 1980 934 divitum
2036 875 2268 949 copiosi
2330 876 2497 949 aori,
2553 880 2616 934 et
2675 859 2880 951 quod'

502 980 762 1049 ,domini
814 978 1070 1039 latorum
1124 979 1463 1040 fundorum·
1500 981 1816 1041 instituere
1884 987 2348 1061 consueverunt,
2403 987 2471 1040 ut
2538 980 2610 1040 ad
2671 986 2851 1040 certa

540 1105 718 1167 opera
767 1084 1130 1148 conficienda
1176 1085 1560 1147 domesticam
1607 1088 1904 1148 artificum
1952 1088 2184 1165 copiam
2227 1085 2499 1168 habeant,
2546 1087 2621 1147 ad
2671 1087 2851 1165 ipsos

541 1193 755 1254 fundos
802 1194 1178 1254 transfertur.
2001 1195 2006 1200 “

618 1343 621 1346 -
721 1298 761 1362 6
828 1298 1098 1372 Quibus
1163 1303 1497 1381 utrisque
1563 1301 1781 1363 rebus
1855 1300 2066 1362 euehi
2140 1307 2352 1379 atque
2425 1298 2685 1361 inuehi
2766 1299 2851 1360 ad

542 1406 760 1468 multa
806 1405 1094 1486 praedia
1146 1406 1435 1485 scimus]
1478 1410 1696 1469 Invehi
1737 1411 1924 1469 multa
1964 1411 2050 1468 dd
2082 1410 2352 1485 praedia
2397 1414 2530 1486 apte
2578 1408 2854 1468 coniecit

545 1513 962 1575 Schneiderus.
1056 1531 1190 1573 nam
1256 1533 1374 1574 non
1438 1514 1552 1575 hoc
1617 1514 1875 1575 voluisse
1940 1514 2175 1576 videtur
2238 1513 2450 1595 Varro,
2510 1513 2581 1573 ad
2655 1512 2854 1574 multa

541 1619 780 1699 praedia
845 1628 905 1679 et
970 1621 1077 1679 viis
1143 1626 1203 1681 et
1257 1619 1602 1681 fluminibus
1657 1621 1879 1682 aditum
1948 1628 2180 1704 patere,
2235 1620 2338 1682 sed
2404 1620 2497 1681 his
2562 1623 2856 1701 utrisque

543 1725 757 1787 multas
803 1745 902 1786 res
948 1727 1019 1787 ad
1066 1726 1305 1805 praedia
1351 1727 1550 1788 invehi
1598 1735 1657 1788 et
1704 1746 1775 1789 ex
1822 1729 1895 1787 iis
1944 1727 2134 1788 evehi.

724 1832 857 1895 Sed
925 1835 1135 1893 etiam
1192 1834 1469 1914 fugiant
1515 1842 1592 1895 ut
1647 1836 2048 1896 introrsum
2110 1836 2182 1894 in
2244 1834 2536 1896 fundum
2593 1853 2672 1895 se
2734 1855 2857 1897 re-

551 1940 852 2019 clinent]
900 1942 1027 2003 Sed
1069 1945 1251 2003 etiam
1291 1941 1545 2024 fuciant
1589 1949 1650 2003 et
1695 1945 2029 2002 introrsum
2074 1945 2375 2014 reclinent
2419 1940 2700 2005 Ursinus,
2768 1950 2856 2023 ut,

546 2048 603 2109 h.
642 2066 691 2109 e.
738 2065 930 2126 usque
978 2047 1123 2109 adeo
1173 2056 1256 2131 ut,
1304 2050 1446 2108 item
1494 2046 1588 2108 bis
1635 2050 1898 2127 positum
1945 2057 2036 2110 est
2081 2043 2252 2131 1115,
2286 2045 2365 2109 17
2415 2051 2502 2108 ita
2548 2055 2858 2131 movetur,

545 2162 613 2216 ut
657 2173 791 2216 eum
838 2162 1056 2231 tanyat
1100 2161 1339 2217 ventum
1383 2158 1492 2231 qui
1526 2158 1653 2231 stet,
1698 2161 1768 2216 ut
1813 2158 1974 2216 intus
2018 2157 2184 2217 scire
2222 2157 2434 2232 possis.

510 2250 512 2252 ’
723 2267 881 2321 XVII
923 2259 956 2322 1
1026 2261 1119 2321 De
1177 2261 1381 2322 fundi
1437 2269 1778 2341 quattuor
1831 2260 2162 2341 partibus
2229 2280 2408 2341 quae
2475 2279 2629 2322 cum
2694 2261 2856 2323 solo

546 2367 871 2445 haerent]
937 2368 1233 2439 Quattuor
1301 2377 1441 2428 sunt
1500 2368 1670 2429 fundi
1724 2365 1951 2449 parteS‚
2008 2369 2079 2428 de
2138 2366 2355 2447 quibus
2419 2367 2648 2428 dictum
2724 2379 2858 2430 erat

551 2494 602 2536 c.
639 2471 884 2555 6—15,
932 2473 1145 2554 forma,
1205 2481 1439 2556 natura,
1487 2474 1725 2551 modus,
1773 2493 1922 2554 quae
1972 2474 2139 2536 fundi
2193 2475 2402 2535 tuendi
2448 2493 2625 2536 causa
2677 2476 2857 2537 fiunt.

545 2581 653 2643 hae
710 2601 808 2642 res
856 2582 1133 2661 quoniam
1182 2583 1245 2641 in
1291 2581 1578 2642 divisione
1628 2583 1885 2661 partium
1925 2576 1986 2664 5,
2013 2578 2057 2642 4
2102 2581 2393 2643 discretae
2441 2589 2611 2642 erant
2660 2582 2742 2643 ab
2784 2584 2859 2644 iis

547 2708 707 2765 quae
744 2696 1056 2751 moventur
1084 2695 1267 2765 atque
1305 2692 1367 2750 in
1397 2688 1597 2765 fundo
1635 2691 1853 2751 debent
1880 2709 2009 2752 esse
2045 2695 2330 2752 culturae
2357 2708 2567 2770 causa,
2594 2689 2858 2751 haerere

552 2815 686 2857 cum
747 2795 929 2856 fundo
977 2795 1257 2858 dicuntur
1306 2816 1375 2857 eo
1423 2816 1539 2857 usu
1584 2796 1778 2877 verbi,
1826 2816 1942 2877 quo
1990 2797 2064 2858 de
2111 2806 2434 2859 stramento
2481 2797 2716 2858 dictum
2768 2806 2863 2859 est

548 2904 573 2964 I
611 2900 715 2984 50,
754 2901 795 2964 2
851 2907 1016 2979 quod
1059 2922 1197 2966 cum
1244 2912 1417 2966 terra
1465 2906 1684 2965 haeret
1729 2912 1788 2964 et
1833 2908 1998 2980 quod
2041 2924 2178 2966 cum
2220 2909 2393 2983 spica
2450 2911 2862 2965 stramentum

549 3014 778 3072 haeret.
869 3029 1029 3086 quae
1073 3029 1210 3072 eum
1255 3015 1380 3072 solo
1427 3013 1761 3072 cohaerent
1806 3012 2061 3072 coniecit
2106 3011 2168 3072 C.
2198 3011 2260 3072 F.
2289 3009 2380 3070 W.
2418 3008 2755 3072 Muellerus
2795 3013 2859 3071 in

551 3116 860 3179 annalibus
907 3119 1349 3197 gymnasiorum
1395 3116 1882 3178 Berolinensibus
1929 3135 1979 3180 a.
2032 3113 2201 3179 1866
2248 3134 2305 3195 p.
2343 3112 2494 3178 488.

731 3223 771 3286 2
836 3222 1302 3285 Mercenariis
1370 3241 1525 3284 cum
1594 3224 2079 3285 conducticiis
2145 3222 2542 3284 liberorum
2604 3226 2862 3303 operis

550 3350 667 3393 res
750 3333 1053 3391 maiores
1135 3339 1213 3391 ut
1295 3331 1697 3392 uindemias
1770 3349 1847 3392 ac
1920 3331 2263 3392 fenisicia
2339 3328 2862 3392 administrant

552 3441 754 3517 iique
803 3455 980 3517 quos
1027 3436 1447 3499 obaerarios
1502 3440 1738 3499 nostri
1794 3439 2215 3498 uocitarunt
2270 3443 2341 3498 et
2396 3437 2607 3497 etiam
2665 3455 2861 3499 nunc

555 3551 725 3605 sunt
782 3545 850 3603 in
909 3542 1083 3621 asia]
1131 3545 1211 3604 E't
1258 3546 1438 3605 etiam
1487 3545 1684 3604 omnia
1730 3542 2064 3623 apographa
2112 3551 2173 3605 et
2219 3561 2290 3604 ex
2344 3545 2475 3623 ipso
2528 3543 2860 3626 archetypo

554 3650 870 3733 VictoriuS,
908 3657 974 3711 ut
1020 3653 1201 3712 etiam
1248 3651 1538 3712 editiones
1596 3657 1730 3710 ante
1769 3648 2116 3731 victorium,
2164 3648 2320 3729 quod
2360 3648 2688 3711 Politianus
2738 3670 2860 3713 non

556 3758 834 3819 correxit.
935 3760 1336 3837 mercenariis
1409 3764 1469 3819 et
1540 3760 1945 3819 conducticiis
2017 3759 2348 3819 liberorum
2420 3759 2638 3834 operis.
2734 3760 2861 3820 Res

559 3866 840 3939 maioris,
887 3871 956 3924 ut
999 3866 1333 3925 vindemias
1389 3872 1447 3925 et
1495 3863 1824 3940 foenisicia
1880 3866 2312 3925 administrant
2356 3867 2427 3940 ii,
2474 3882 2624 3939 quos
2680 3868 2862 3927 obae-

559 3977 727 4031 ratos
795 3973 992 4031 nostri
1054 3974 1427 4047 vocitarunt,
1486 3979 1556 4032 ut
1619 3973 1804 4032 etiam
1870 3988 2035 4031 nunc
2090 3977 2232 4031 sunt
2291 3973 2352 4032 in
2407 3972 2556 4032 Asia
2610 3971 2860 4034 Merula.

558 4076 866 4156 archetypi
922 4076 1236 4136 lectionem
1292 4075 1591 4138 Victorius
1649 4078 1939 4157 restituit,
1999 4076 2104 4137 sed
2163 4078 2484 4138 obaeratos
2551 4095 2624 4138 ex
2682 4078 2859 4140 editis

561 4182 994 4263 exemplaribus
1042 4185 1307 4244 retinuit.
1398 4202 1507 4263 pro
1554 4183 1669 4243 hoc
1727 4186 2086 4245 obaerarios
2134 4202 2205 4244 ex
2253 4183 2500 4244 Victorii
2547 4182 2859 4246 codicibus

561 4289 963 4350 Schneiderus
1013 4292 1255 4370 recepit,
1292 4293 1613 4368 operarios
1661 4291 1999 4350 coniecerat
2036 4289 2341 4350 Mercerus
2386 4291 2449 4349 in
2486 4288 2623 4351 Tac.
2663 4290 2864 4352 annal.

558 4394 781 4457 11142.
874 4399 1195 4460 obaeratos
1260 4396 1602 4458 defenditur
1665 4396 2007 4458 definitione
2073 4395 2353 4457 Varronis
2419 4395 2492 4456 de
2558 4395 2700 4476 ling.
2759 4396 2855 4459 lat.

559 4502 661 4562 VII
703 4498 828 4565 105
890 4505 1045 4564 liber
1099 4507 1207 4578 qui
1257 4522 1402 4564 suas
1455 4521 1676 4580 operas
1732 4505 1794 4564 in
1852 4505 2203 4564 servitutem
2259 4504 2370 4563 dat
2413 4520 2533 4580 pro
2583 4507 2854 4582 pecunia
