3178 5185
728 425 982 479 RERVM
1020 426 1493 481 RVSTIOARVM
1532 426 1667 479 ΜΒ.
1706 427 1756 479 11
1799 419 1999 479 9-10
2325 439 2328 440 ⁷
2394 421 2526 485 255

279 594 476 670 parari:
529 592 635 652 fere
688 592 983 652 modicum
1031 612 1162 653 esse
1210 600 1448 672 putant,
1505 601 1572 653 ut
1621 592 1839 671 singuli
1887 598 2214 670 sequantur
2261 589 2528 667 singulos

278 698 552 776 opiliones
630 699 699 758 de
755 719 874 777 quo
935 718 1183 760 numero
1232 699 1381 759 alius
1431 699 1609 760 alium
1659 699 1897 759 modum
1948 698 2274 757 constituit.
2367 694 2525 773 quod

280 806 322 862 si
378 814 511 865 sunt
564 809 852 888 regioneS,
920 806 1022 866 uhi
1077 806 1301 866 hestiae
1360 808 1479 865 sint
1536 806 1780 886 multae,
1846 804 2064 865 dehent
2121 822 2250 864 esse
2307 802 2528 881 plureS,

279 911 413 988 quod
461 912 654 971 accidit
700 913 794 973 his
843 915 946 992 qui
993 932 1099 993 per
1147 912 1323 972 calles
1373 913 1674 973 silvestres
1721 912 2076 992 longinquos
2117 909 2310 970 solent
2348 909 2526 968 comi-

236 1019 376 1076 5tari
428 1020 482 1077 in
533 1022 735 1079 aestiva
797 1029 857 1080 et
910 1019 1174 1080 hiberna.
1270 1020 1522 1081 villatico
1576 1038 1716 1079 vero
1764 1021 1931 1098 gregi
1978 1020 2039 1077 in
2089 1018 2336 1078 fundum
2387 1017 2529 1076 satis

280 1142 392 1183 esse
444 1125 573 1206 duo,
625 1136 682 1186 et
737 1127 797 1186 id
856 1145 1076 1188 marem
1127 1136 1187 1187 et
1234 1128 1527 1188 feminam.
1621 1130 1699 1187 ita
1751 1128 1906 1186 enim
1957 1132 2096 1184 sunt
2143 1124 2530 1203 adsiduioreS,

280 1232 413 1309 quod
469 1252 587 1292 cum
642 1233 825 1294 altero
874 1234 1029 1294 idem
1077 1235 1144 1294 fit
1191 1237 1409 1316 acrior,
1467 1245 1525 1294 et
1573 1236 1624 1294 si
1672 1233 1820 1293 alter
1870 1230 2054 1308 [idem
2102 1233 2165 1291 fit
2212 1230 2304 1307 er]
2356 1249 2530 1308 aeger

281 1348 379 1416 est,
423 1358 494 1398 ne
535 1342 650 1400 sine
698 1359 844 1400 cane
893 1359 1035 1419 grex
1085 1344 1179 1403 sit.

434 1445 565 1506 Cum
635 1449 1150 1530 circumspiceret,
1224 1449 1443 1528 nequid
1518 1448 1933 1526 praeterisset,
2011 1444 2135 1504 Hoc
2212 1444 2530 1525 silentium,

222 1562 261 1600 10
282 1552 509 1633 inquam,
548 1561 712 1614 vocat
760 1554 939 1614 alium
988 1555 1057 1614 ad
1106 1565 1322 1633 partes
1416 1554 1663 1614 relicum
1714 1554 1869 1612 enim
1917 1554 1978 1611 in
2035 1550 2147 1612 hoc
2187 1559 2340 1633 actu,
2390 1559 2534 1630 quot
2571 1551 2621 1611 X

283 1666 331 1717 et
389 1660 531 1737 quod
589 1680 774 1740 genus
843 1663 961 1721 sint
1026 1661 1282 1722 habendi
1348 1669 1634 1741 pastores
1741 1659 2071 1738 CossiniuS,
2138 1658 2225 1718 Ad
2283 1660 2536 1718 maiores

284 1766 510 1840 pecudes
559 1776 743 1829 aetate
803 1770 1175 1849 superioreS,
1231 1768 1301 1828 ad
1359 1771 1620 1829 minores
1679 1769 1852 1826 etiam
1902 1784 2147 1845 puerOS,
2207 1764 2325 1842 [ut]
2376 1772 2536 1825 utro·

283 1888 380 1947 que
423 1872 614 1934 horum
664 1876 976 1956 firmioreS,
1025 1877 1127 1954 qui
1174 1877 1233 1934 in
1283 1874 1530 1934 callibus
1578 1882 1910 1952 versentur,
1960 1891 2134 1951 quam
2183 1891 2284 1932 eos
2335 1874 2538 1950 quiin

286 1976 442 2038 fundo
494 1982 695 2041 cotidie
752 1982 824 2042 ad
886 1982 1078 2042 villam
1135 1982 1395 2042 redeant.
1488 1982 1688 2060 itaque
1735 1982 1795 2039 in
1847 1979 2095 2039 saltibus
2146 1979 2287 2040 licet
2334 1979 2535 2039 videre

224 2084 628 2169 15iuventutem,
678 2097 737 2149 et
786 2108 913 2149 eam
962 2089 1086 2149 fere
1134 2096 1434 2167 armatam,
1484 2106 1620 2147 cum
1659 2089 1720 2147 in
1760 2086 1961 2146 fundis
1999 2104 2116 2145 non
2156 2086 2328 2146 modo
2368 2088 2540 2165 pueri

286 2192 369 2251 sed
422 2196 579 2254 etiam
634 2196 864 2274 puellae
922 2203 1183 2275 pascant.
1275 2197 1375 2273 qui
1432 2202 1711 2274 pascunt,
1770 2212 1871 2254 eos
1927 2212 2140 2271 cogere
2189 2200 2422 2272 oportet
2469 2194 2592 2253 in2

288 2302 521 2374 pastione
563 2303 715 2363 diem
765 2311 954 2364 totum
1006 2321 1154 2379 esse,
1201 2320 1446 2381 pascere
1485 2304 1897 2381 communiter,
1947 2308 2148 2361 contra
2188 2307 2540 2379 pernoctare

289 2406 346 2464 ad
380 2426 536 2468 suum
573 2429 866 2490 quemque
907 2428 1176 2488 gregem:
1223 2428 1354 2470 esse
1395 2428 1603 2470 omnes
1643 2409 1753 2470 sub
1793 2427 1911 2469 uno
1950 2410 2231 2486 magistro
2271 2408 2542 2484 pecoris:

291 2531 400 2573 eum
454 2535 572 2577 esse
627 2520 912 2577 maiorem
970 2526 1111 2577 natu
1168 2520 1368 2597 potius
1425 2536 1599 2596 quam
1661 2516 1804 2576 alios
1861 2523 1920 2575 et
1975 2516 2319 2594 peritiorem
2367 2532 2541 2594 quam

231 2622 530 2705 ²⁰reliquoS,
574 2626 733 2705 quod
781 2627 833 2685 is
882 2627 982 2704 qui
1031 2633 1222 2685 aetate
1270 2634 1329 2685 et
1377 2627 1625 2685 scientia
1670 2631 1974 2703 praestant
2020 2625 2215 2683 animo
2263 2624 2542 2700 aequiore

302 2896 311 2906 ⁹
376 2834 404 2881 3
470 2829 557 2884 ubi
622 2829 838 2886 bestiae
911 2831 1008 2884 Bv
1073 2831 1171 2885 ubi
1244 2832 1459 2886 uestiae
1536 2832 1593 2885 P
1662 2831 1894 2898 urestie,
1958 2837 2022 2885 ut
2092 2832 2334 2896 videtur,
2408 2846 2544 2885 corr.

291 2908 500 2990 &bestie
526 2939 577 2990 A
689 2945 722 2992 4
759 2936 970 2992 accidit
1006 2938 1095 2992 his
1124 2939 1244 2992 AB
1280 2936 1491 2993 accidit
1524 2937 1595 2992 iis
1638 2938 1688 2991 V
1796 2944 1827 2992 5
1864 2938 2117 3007 hyberna
2164 2934 2210 2989 V
2318 2937 2479 3006 gregi
2514 2955 2545 2991 v

289 3037 430 3091 grege
464 3026 634 3079 ΡΑΒ
767 3034 797 3081 6
837 3027 946 3081 duo
985 3028 1165 3081 ΡΑΒ
1204 3029 1341 3081 duos
1379 3045 1409 3081 v
1528 3025 1831 3082 foeminam
1880 3027 1933 3079 V
2045 3025 2391 3080 adsiduiores
2431 3027 2546 3080 PA

290 3112 584 3169 assiduiores
612 3116 709 3169 Bv
820 3121 849 3169 7
889 3117 1120 3182 fortasse
1159 3118 1306 3185 quod
1345 3133 1471 3170 eum
1510 3117 1690 3169 altero
1726 3117 1864 3169 item
1903 3116 1968 3168 fit
2005 3116 2147 3170 alter
2186 3114 2366 3169 acrior
2404 3118 2462 3169 et
2500 3116 2546 3169 si

292 3200 523 3260 alteruter
569 3222 739 3274 aeger
785 3207 874 3258 est
1017 3207 1074 3258 et
1121 3206 1167 3259 si
1214 3204 1354 3259 alter
1401 3205 1550 3259 uide'
1599 3205 1725 3259 fiter
1772 3222 1942 3275 aeger
1989 3207 2076 3260 est
2115 3205 2171 3258 P
2215 3206 2274 3258 et
2320 3205 2369 3258 si
2405 3206 2548 3260 alter

296 3286 402 3343 uide
436 3293 562 3347 siter
599 3309 770 3362 aeger
807 3296 894 3347 est
930 3293 1050 3348 AB
1089 3294 1193 3348 etsi
1230 3294 1375 3347 alter
1411 3311 1580 3363 aeger
1619 3296 1705 3347 est
1739 3311 1792 3348 m
1830 3297 1887 3348 et
1924 3294 1971 3348 si
1996 3295 2140 3347 alter
2166 3293 2550 3348 indesinenter

292 3390 430 3447 aeger
461 3385 544 3436 est
579 3400 628 3436 v.
709 3382 890 3436 ‘Haec
925 3388 1082 3437 uetus
1119 3389 1196 3437 est
1233 3385 1404 3450 lectio,
1441 3401 1580 3452 quae
1615 3401 1682 3437 ne
1719 3384 1953 3452 aliquem
1990 3384 2219 3450 falleret,
2257 3385 2321 3437 in
2348 3385 2549 3452 optimo

295 3473 553 3538 exemplari
588 3476 777 3527 notam
816 3472 1125 3540 adpositam
1161 3473 1391 3526 habebat
1422 3494 1438 3524 .·
1470 3471 1543 3525 Et
1579 3473 1626 3527 si
1664 3470 1809 3526 alter
1845 3472 2034 3526 uidem
2071 3472 2196 3525 fiter
2232 3488 2402 3540 aeger
2438 3473 2545 3526 est’

302 3553 570 3615 Victorius.
593 3563 654 3615 et
690 3560 737 3615 si
774 3562 1043 3615 alteruter
1080 3578 1250 3631 aeger
1286 3565 1373 3616 est
1411 3563 1637 3617 coniecit
1681 3560 1956 3615 Vahlenus
1993 3562 2145 3630 apud
2180 3560 2549 3627 Zahlfeldtum

293 3654 455 3711 quaest.
504 3652 624 3705 crit.
665 3651 729 3704 in
777 3649 938 3707 Varr.
975 3668 1079 3705 rer.
1120 3656 1253 3704 rust.
1297 3652 1417 3704 libr.
1448 3667 1510 3720 p.
1549 3656 1646 3706 28.
1791 3656 1824 3704 8
1861 3668 1930 3705 ne
1968 3651 2084 3705 sine
2130 3650 2239 3703 VB
2277 3650 2457 3704 uisine
2495 3651 2548 3703 A

408 3743 434 3791 9
477 3731 603 3794 cunci
653 3738 1107 3809 circumspiceret
1153 3738 1372 3793 Atticus
1421 3740 1731 3794 Iucunda&
1806 3740 1889 3792 De
1935 3737 2252 3808 pastoribus
2299 3741 2361 3793 in
2405 3756 2545 3793 mar-

294 3824 392 3889 yine
421 3831 641 3883 rubrica
678 3829 733 3882 A
898 3827 1330 3898 circumspiceret
1373 3827 1427 3881 V
1561 3828 1943 3898 praeterisset]
1981 3826 2247 3896 pterisset
2282 3829 2337 3882 A
2484 3835 2550 3882 10

294 3909 484 3981 inquam
513 3921 680 3973 uocat
707 3916 881 3972 alium
912 3919 1204 3972 Iracundus
1231 3917 1403 3984 inqua
1431 3916 1772 3971 uocabulum
1800 3917 1852 3970 V
1871 3917 2045 3985 inqua
2072 3916 2407 3970 uocabulum
2432 3917 2550 3970 AB

407 4006 633 4061 relicum
667 4007 852 4062 PAB
888 4005 1166 4074 reliquum
1204 4023 1236 4060 v
1383 4009 1520 4074 quot
1558 4007 1616 4060 et
1652 4006 1801 4074 quod
1838 4023 2014 4075 genus
2052 4023 2082 4059 v
2122 4007 2269 4074 quod
2308 4007 2367 4059 et
2404 4007 2551 4073 quod

298 4107 433 4158 genus
471 4097 654 4152 ΡΑΒ
802 4103 864 4150 11
908 4096 1194 4152 Cossinius
1231 4113 1262 4149 v
1292 4084 1547 4151 ‘cosinius
1588 4096 1776 4150 ΡΑΒ
1912 4096 1971 4149 et
2007 4096 2077 4150 ad
2114 4095 2352 4148 maiores
2388 4112 2552 4164 pecu-

299 4177 373 4236 des
395 4187 539 4241 etate
566 4188 622 4241 A
658 4187 728 4240 ad
757 4186 998 4240 maiores
1034 4186 1278 4254 pecudes
1308 4188 1365 4239 et
1395 4187 1579 4239 aetate
1609 4202 1663 4238 m
1775 4191 1837 4238 12
1878 4187 1935 4239 et
1961 4187 2197 4251 utroque
2225 4184 2549 4241 Iucwndus.

298 4269 492 4333 sortasse
526 4278 791 4343 utrosque
904 4282 972 4328 14
1012 4274 1219 4329 cotidie
1247 4273 1365 4327 AB
1404 4273 1654 4341 quotidie
1683 4273 1735 4327 V
1839 4279 1903 4326 19
1944 4274 2001 4326 et
2035 4271 2358 4342 peritiorem
2383 4289 2415 4326 v
2455 4273 2553 4327 sed

299 4363 582 4425 peritiorem
625 4365 741 4418 PB
779 4367 848 4436 s7
885 4364 1214 4433 peritiorem
1255 4364 1308 4416 A
1455 4369 1525 4416 20
1563 4363 1711 4430 quod
1748 4363 1797 4416 is
1845 4363 1959 4415 VB
2001 4362 2148 4430 quod
2185 4360 2272 4415 his
2310 4362 2363 4414 A
2402 4362 2553 4429 quod

301 4445 380 4502 hiis
419 4470 473 4507 m
518 4494 530 4506 .
575 4455 805 4520 fortasse
851 4454 1000 4522 quod
1057 4452 1110 4507 ei
1165 4451 1264 4522 qui
1314 4484 1375 4492 —-
1425 4454 1678 4522 praestat
1889 4451 2180 4521 praestant
2233 4451 2350 4504 Am
2394 4468 2553 4520 prae·

300 4538 386 4593 stat
429 4542 539 4595 VB

380 4640 505 4681 OA‘ro
532 4653 594 4681 nn
624 4652 744 4682 nam
772 4651 811 4683 o.
2064 4636 2125 4687 17
