3178 5185
743 412 998 466 RERVM
1035 412 1509 469 RVSTICARVM
1546 414 1681 468 LIB.
1722 413 1800 466 III
1844 409 2084 465 12—14
2445 411 2570 474 301

367 562 429 624 ihi
469 582 512 632 et
548 579 788 656 captivos
836 587 895 639 et
941 580 1187 660 cicuriS,
1246 582 1350 659 qui
1395 579 1480 640 ibi
1526 583 1650 641 nati
1698 582 1844 661 sint,
1900 582 2152 660 pingues
2202 578 2393 639 solere
2441 578 2574 638 fieri

362 673 448 732 scis
481 679 761 765 [inquam],
819 686 944 746 Axi.
1037 706 1173 747 nam
1230 707 1406 767 quem
1463 687 1714 748 fundum
1770 689 1830 748 in
1880 687 2216 748 Tusculano
2275 689 2418 747 emit
2473 685 2571 746 hic

359 772 489 843 Varro
527 808 554 849 a
592 791 658 854 M.
706 791 898 871 Pupio
945 792 1179 874 Pisone,
1227 794 1430 855 vidisti
1477 795 1547 855 ad
1598 794 1872 855 bucinam
1922 794 2181 855 inflatam
2221 803 2386 854 certo
2426 802 2570 854 tem-

350 898 456 957 P⁰¹⁸e
499 914 651 978 apros
706 908 766 959 et
814 918 1056 979 capreas
1106 905 1423 962 convenire
1471 902 1541 962 ad
1591 901 1902 984 pabulum,
1959 921 2094 962 cum
2144 920 2214 961 ex
2263 901 2571 978 superiore

303 986 439 1059 51000
484 1023 510 1065 e
558 1007 841 1086 palaestra
897 1010 1058 1087 apris
1115 1009 1525 1069 effunderetur
1580 1009 1732 1088 glaS,
1792 1011 2024 1087 capreis
2084 1009 2229 1067 vicia
2278 1015 2379 1067 aut
2428 1007 2569 1085 quid

335 1103 463 1170 aliut.
538 1112 651 1191 Ego
700 1133 868 1194 ver0,
925 1117 1120 1194 inquit
1176 1115 1299 1196 ille,
1349 1126 1490 1196 aput
1547 1115 1614 1186 Q.
1664 1115 2049 1177 Hortensium
2106 1133 2240 1175 cum
2300 1116 2358 1173 in
2420 1116 2623 1192 agro2

327 1215 560 1280 Laurenti
601 1239 820 1301 essem,
880 1221 967 1282 ibi
1011 1226 1168 1284 istuc
1216 1226 1402 1302 magis
1448 1220 1791 1306 θρᾳκικῶς
1837 1224 1968 1283 [ieri
2015 1222 2152 1283 vidi.
2246 1240 2377 1282 nam
2428 1221 2570 1280 silva

323 1333 448 1405 erat,
506 1335 564 1387 nt
614 1328 877 1409 dicebat,
952 1348 1130 1409 supra
1197 1332 1624 1410 quinquaginta
1691 1332 1963 1408 iugerum
2032 1331 2283 1389 maceria
2353 1336 2571 1407 saepta,

315 1433 446 1510 quod
497 1453 606 1494 non
662 1433 1052 1517 leporarium,
1113 1436 1215 1496 sed
1280 1437 1756 1515 therotrophium
1813 1436 2201 1515 appellabant.
2304 1435 2388 1495 ibi
2445 1443 2573 1495 erat

246 1552 287 1590 10
307 1538 451 1600 locus
517 1543 810 1624 excelsuS,
885 1543 986 1603 ubi
1061 1543 1342 1605 triciliuio
1407 1546 1601 1623 posito
1668 1544 2040 1606 cenabamuS.
2151 1563 2269 1623 quo
2326 1543 2558 1622 Orphea
2583 1543 2620 1600 3

303 1649 477 1707 vocari
523 1650 712 1709 iussit.
807 1653 911 1729 qui
958 1670 1095 1711 cum
1142 1670 1211 1712 eo
1259 1653 1520 1712 venisset
1568 1670 1704 1712 cum
1753 1652 1902 1712 stola
1950 1661 2008 1712 et
2057 1651 2568 1711 cithara·cantare

299 1762 439 1815 esset
489 1757 711 1836 iussus,
744 1755 986 1816 -buciua
1042 1756 1291 1837 inflavit,
1349 1766 1417 1817 ut
1471 1765 1702 1819 tantum
1759 1757 2230 1818 circumfinxerit
2285 1776 2395 1818 nos
2442 1777 2567 1818 cer-

295 1879 482 1922 vorum
545 1881 829 1942 aprorum
894 1872 953 1924 et
1017 1872 1351 1924 ceterarum
1418 1855 1849 1944 quadripedum
1908 1865 2253 1945 multitudo,
2320 1873 2386 1925 ut
2451 1883 2569 1924 non

291 1970 470 2030 minus
534 1972 860 2031 formosum
927 1971 1072 2031 mihi
1140 1973 1331 2031 visum
1401 1973 1478 2030 sit
1544 1971 1978 2051 spectaculum,
2049 1989 2224 2049 quam
2285 1973 2347 2030 in
2406 1972 2568 2031 circo

231 2094 271 2133 15
294 2078 526 2135 maximo
573 2076 851 2137 aedilium
902 2079 1030 2137 sine
1079 2078 1371 2137 Africanis
1420 2076 1628 2138 bestiis
1676 2096 1813 2137 cum
1860 2078 2009 2137 fiunt
2055 2079 2415 2138 venationes

452 2184 649 2265 AxiuS,
689 2184 847 2245 Tuas
875 2193 1094 2266 parteS,
1131 2186 1344 2264 inquit,
1382 2183 1710 2245 sublevavit
1739 2185 1983 2265 AppiuS,
2021 2203 2054 2244 o
2083 2184 2306 2245 Merula
2343 2193 2564 2245 noster.
2606 2179 2733 2240 XIV

299 2289 436 2366 quod
471 2290 538 2350 ad
579 2293 949 2352 venationem
990 2293 1267 2372 pertinet,
1315 2291 1576 2352 breviter
1607 2291 1907 2352 secundus
1936 2299 2230 2353 trasactus
2260 2300 2351 2351 est
2379 2300 2563 2352 actus,

299 2413 392 2456 nee
436 2397 504 2457 de
542 2398 801 2459 cochleis
840 2418 907 2459 ac
946 2398 1198 2478 gliribus
1237 2418 1474 2480 quaero,
1524 2398 1680 2478 quod
1722 2398 1970 2460 relicum
2009 2407 2126 2459 est:
2174 2416 2367 2478 neque
2409 2399 2567 2458 enim

428 2667 452 2714 l
490 2660 685 2717 cicuris
715 2661 899 2716 PAR
936 2662 1148 2716 cicures
1184 2679 1216 2733 υ
1364 2667 1394 2715 2
1435 2660 1568 2730 scis]
1609 2662 1685 2716 sis
1713 2664 1833 2715 Am
1974 2660 2203 2730 inquam
2243 2661 2352 2715 Axi
2384 2660 2568 2714 PAB

305 2799 505 2870 inquam
540 2804 676 2875 Agri
711 2805 821 2859 Axi
846 2822 879 2860 v
1025 2811 1057 2859 3
1095 2821 1144 2858 a.
1185 2823 1258 2859 m.
1298 2763 1595 2874 puflcpione
1632 2805 1824 2874 pisone
1852 2806 1905 2859 A
2052 2811 2087 2857 4
2124 2821 2352 2874 capreas
2389 2804 2568 2859 PAB

310 2904 475 2959 capros
508 2910 539 2947 v
707 2894 1027 2948 comnenire
1064 2896 1117 2948 A
1291 2899 1322 2948 5
1361 2893 1739 2949 effunderetur
1775 2895 1935 2949 ABv
1975 2893 2312 2947 effuderetur
2350 2894 2405 2946 P

313 2978 412 3044 glas
445 2981 611 3037 PAB
644 2984 808 3053 glans
845 3000 878 3037 v
997 2982 1210 3052 capreis
1248 2982 1399 3037 nicia
1434 2982 1728 3037 Iucundus
1764 2980 1950 3051 capris
1987 2981 2130 3037 uitia
2167 2982 2345 3035 PAB
2382 2983 2566 3051 capris

315 3064 434 3122 nicia
472 3086 500 3122 v
674 3075 774 3126 aut,
821 3071 918 3140 qui
962 3074 1017 3126 A
1072 3089 1208 3127 corr.
1258 3076 1357 3126 aut
1401 3072 1537 3141 quid
1583 3071 1666 3125 A²
1847 3077 1878 3125 6
1926 3071 2069 3125 aliut
2113 3071 2169 3124 P
2211 3071 2365 3125 aliud
2402 3072 2565 3131 ABv

432 3156 599 3226 inquit,
643 3161 759 3215 ΥΒ
797 3160 996 3231 inquid
1032 3162 1087 3216 A
1232 3161 1383 3231 apud
1421 3178 1473 3228 q.
1512 3161 1860 3215 hortensium
1898 3159 2006 3213 ΥΒ
2045 3162 2183 3229 aput
2219 3181 2256 3226 q
2296 3163 2451 3229 (corr.
2490 3164 2565 3229 q.)

323 3260 593 3341 hortensiim
628 3286 684 3340 A
797 3293 825 3340 7
866 3286 1289 3356 magistracicos
1325 3288 1381 3340 Β
1420 3285 1810 3355 magistraicos
1848 3285 1967 3339 Am
2002 3284 2185 3354 magis
2222 3284 2469 3353 tragicos
2519 3285 2571 3337 V

398 3373 425 3421 8
443 3376 655 3443 septaB
684 3378 879 3445 scepta
897 3376 953 3430 A
983 3378 1145 3445 septa.
1176 3375 1227 3427 V
1323 3382 1353 3429 9
1376 3375 1826 3445 therotrophium
1847 3373 2077 3429 Pthero
2097 3374 2423 3443 throphium
2443 3375 2565 3429 AB

329 3453 736 3533 theriotrophinm
755 3483 789 3520 v
882 3461 1209 3534 appellabat,
1235 3463 1526 3518 Iucundus
1618 3464 1762 3534 erat]
1795 3462 1903 3517 erit,
1922 3465 1975 3517 A
2070 3469 2135 3517 10
2162 3463 2429 3519 tricilinio
2450 3464 2567 3518 ΡΒ

329 3542 520 3606 triclinio
554 3555 646 3610 Av
795 3554 1130 3609 cenabamus
1170 3554 1318 3622 quod
1358 3556 1418 3623 (q)
1446 3555 1521 3621 A)
1552 3554 1765 3623 orphea
1796 3554 1983 3608 PAB
2012 3553 2383 3608 coenabamus
2414 3553 2566 3622 apud

333 3635 442 3695 quod
481 3645 677 3712 orphea
713 3661 746 3699 v
860 3649 924 3696 12
968 3644 1175 3698 bucina.
1210 3641 1432 3697 inflauit
1469 3642 1591 3696 AB
1627 3642 1890 3696 bucinam
1934 3643 2155 3697 inflauit
2182 3643 2238 3696 P
2271 3642 2564 3697 buccinam

331 3715 497 3781 inflauit
526 3749 556 3786 v
696 3732 798 3788 ubi
833 3735 997 3787 tanta
1033 3732 1406 3787 circumfluxit
1434 3732 1745 3786 Iucunda-s,
1807 3732 1825 3761 ‘
1843 3732 2005 3786 Vetus
2034 3732 2188 3786 lectio
2216 3733 2440 3787 diuersa
2468 3736 2565 3800 est,

331 3803 383 3859 Vt
414 3814 608 3875 tantum
655 3822 1070 3877 circunfluxerit
1113 3822 1237 3876 nos’
1297 3821 1573 3875 Victorius
1717 3824 1782 3875 ut,
1817 3822 2040 3875 tantum
2080 3820 2265 3875 PAB
2302 3820 2398 3874 ubi
2435 3822 2565 3874 tan-

325 3891 410 3949 tum
441 3907 608 3966 A²mv
775 3911 1208 3968 circumfinxerit
1242 3910 1365 3965 AB
1412 3910 1826 3964 circunfluxerit
1872 3910 1925 3962 V
1963 3910 2331 3964 circumfluxit
2368 3928 2420 3963 m

322 3985 368 4033 ¹3
396 4003 669 4061 appi-orum
708 4002 763 4054 A
875 4002 1220 4055 caeterarum
1260 4001 1310 4053 V
1414 3999 1820 4069 quadripedum
1855 3999 2034 4053 PAB
2071 3999 2495 4069 quadrupedum
2530 4016 2563 4053 v

422 4087 712 4144 multitudo
751 4091 944 4144 delevit
982 4090 1229 4159 Scaliger
1377 4094 1441 4142 15
1480 4088 1646 4142 suunt
1680 4090 1733 4142 A

256 4223 257 4227 ,
363 4243 388 4257 ..
452 4175 516 4227 16
565 4177 760 4248 Axius]
810 4179 893 4232 De
940 4178 1144 4233 cocleis
1191 4180 1250 4233 et
1292 4178 1529 4248 gliribus
1575 4179 1639 4231 in
1685 4179 1932 4247 margine
1974 4179 2200 4232 rubrica
2245 4178 2300 4232 A
2479 4178 2562 4231 in-

313 4254 396 4341 (lint
436 4252 547 4319 VB
581 4267 776 4336 inquid
813 4268 869 4322 A
1011 4266 1226 4337 Appius
1262 4267 1384 4321 AB
1420 4267 1598 4336 Apius
1650 4267 1700 4319 V
1843 4273 1907 4320 17
1951 4265 2275 4321 uenationes
2314 4282 2451 4321 corr.
2495 4299 2559 4306 —

307 4341 350 4381 ”e
373 4335 427 4389 B
476 4393 482 4397 -
604 4357 883 4411 trasactus
919 4356 974 4410 A
1019 4358 1267 4411 traactus
1307 4356 1362 4409 P
1405 4357 1723 4410 transactus
1758 4356 1857 4410 Bv
2039 4362 2103 4410 18
2151 4371 2252 4409 nec
2301 4355 2413 4409 ΥΒ
2459 4373 2562 4410 nec

302 4429 399 4477 ΜΤ·
440 4451 592 4500 ¹nunc
627 4447 680 4500 A
719 4463 867 4499 nunc
903 4463 956 4499 m
1126 4445 1369 4499 cochleis
1421 4445 1531 4499 ΥΒ
1569 4444 1782 4499 clocliis
1819 4445 1874 4499 A
2042 4444 2273 4498 relicum
2313 4445 2370 4499 P
2400 4444 2560 4499 relic-

297 4502 380 4561 tum
415 4523 476 4577 Α
516 4533 787 4603 reliquum
826 4535 924 4589 Bv
