3178 5185
812 368 1067 424 RERVM
1105 369 1576 425 RVSTIOARVM
1613 370 1746 426 LIB.
1785 373 1810 425 I
1843 367 2044 423 9-10
2476 372 2603 435 143

310 534 463 613 apud
530 553 643 595 uos
709 537 771 596 in
835 555 975 615 agro
1030 536 1293 599 Romano
1359 556 1427 598 ac
1482 537 1694 599 Latino
1760 540 2001 617 ingeris,
2101 540 2307 616 iugum
2372 530 2636 620 vocant(

306 642 464 720 quod
501 644 697 703 iuncti
734 643 912 704 boves
951 663 1069 705 uno
1109 644 1204 705 die
1243 663 1485 706 exarare
1522 647 1774 725 possint.
1847 663 2083 705 versum
2122 645 2329 706 dicunt
2360 655 2600 707 centum

306 749 488 828 pedes
536 769 779 830 quoquo
819 769 1058 812 versum
1097 753 1465 831 quadratum.
1557 755 1850 834 iugerum,
1897 752 2056 832 quod
2093 752 2415 832 quadratos
2452 754 2601 814 duos

306 864 469 916 actus
524 855 758 917 habeat.
849 867 1018 919 actus
1073 860 1423 940 quadratuS‚
1480 862 1583 939 qui
1644 869 1705 921 et
1757 860 1911 921 latus
1966 868 2058 920 est
2113 859 2296 937 pedes
2351 874 2486 921 cxx
2531 862 2649 921 et2

257 972 280 1010 ⁵
306 961 516 1040 longus
573 963 849 1025 totidem:
914 968 966 1026 is
1020 966 1234 1028 modus
1288 986 1476 1028 acnua
1529 967 1710 1029 latine
1766 966 2111 1046 appellatur.
2211 969 2404 1045 iugeri
2459 986 2598 1046 pars

302 1071 542 1129 minima
611 1071 835 1132 dicitur
903 1073 1257 1152 scripulum,
1323 1074 1382 1134 id
1448 1082 1541 1134 est
1597 1075 1803 1136 decem
1867 1074 2049 1154 pedes
2108 1082 2167 1134 et
2232 1073 2600 1152 longitudine

307 1184 366 1235 et
417 1175 736 1237 latitudine
792 1180 1167 1257 quadratum.
1256 1181 1329 1241 ab
1383 1181 1499 1242 hoc
1553 1183 1851 1260 principio
1906 1199 2217 1242 mensores
2272 1200 2391 1241 non
2429 1199 2594 1241 num·

306 1299 473 1359 quam
537 1282 749 1344 dicunt
795 1287 857 1345 in
905 1286 1269 1348 subsicivum
1317 1306 1446 1348 esse
1494 1291 1731 1349 unciam
1777 1290 1906 1366 agri
1951 1297 2055 1348 aut
2100 1295 2454 1368 sextantem,
2511 1290 2596 1348 sic

305 1389 440 1466 quid
500 1389 693 1472 aliud,
752 1411 889 1453 cum
944 1394 1016 1454 ad
1075 1396 1349 1473 iugerum
1408 1406 1839 1477 pervenerunt,
1895 1396 2054 1474 quod
2099 1394 2278 1455 habet
2323 1397 2596 1473 iugerum

231 1510 282 1550 10
307 1496 562 1574 scripula
625 1511 1063 1582 CCLxxxvl11‚
1129 1509 1415 1581 quantum
1472 1522 1536 1563 as
1592 1505 1869 1581 antiquos
1925 1510 2128 1562 noster
2183 1510 2319 1563 ante
2375 1501 2597 1562 bellum

303 1604 583 1679 punicum
643 1605 955 1684 pendebat.
1049 1607 1187 1668 bina
1242 1611 1447 1689 iugera
1505 1611 1661 1688 quod
1718 1629 1751 1669 a
1796 1608 2048 1670 Romulo
2103 1610 2363 1687 primum
2410 1609 2595 1669 divisa

303 1707 652 1773 dicebantur
697 1715 948 1796 viritim,
996 1734 1147 1794 quae
1193 1716 1476 1777 heredem
1523 1725 1939 1798 sequerentur,
1985 1715 2298 1776 heredium
2344 1716 2593 1796 appella-

301 1825 454 1877 runt.
557 1814 727 1880 haec'
769 1830 976 1900 postea
1034 1830 1274 1884 centum
1329 1826 1618 1886 centuria.
1718 1826 1988 1885 centuria
2044 1830 2136 1884 est
2191 1822 2475 1901 quadrata
2530 1825 2595 1882 in

305 1940 502 1984 omnes
550 1935 838 2005 quattuor
881 1936 1101 2010 parteS‚
1150 1941 1216 1991 ut
1260 1929 1473 1991 habeat
1519 1931 1704 1992 latera
1749 1931 1921 2010 longa
1959 1930 2176 2010 pedum
2218 1948 2296 1988 00
2334 1948 2414 1988 00
2460 1931 2594 1992 CB.

440 2138 467 2184 1
526 2133 586 2186 in
641 2150 779 2204 agro
824 2134 1080 2190 Romano
1127 2138 1276 2194 Non.
1312 2156 1367 2207 p.
1406 2143 1497 2204 53,
1530 2143 1606 2196 24
1747 2137 1942 2208 iugum
1989 2139 2194 2192 vocant
2235 2137 2385 2191 Plin.
2423 2143 2519 2205 18,
2555 2144 2591 2193 9

435 2227 470 2273 4
508 2223 669 2276 actus
708 2226 1013 2291 quadratus
1054 2226 1257 2280 Colum.
1299 2226 1349 2280 V
1372 2232 1424 2295 1,
1454 2231 1489 2279 5
1636 2232 1700 2279 11
1739 2227 1873 2307 bina
1908 2226 2102 2296 iugera
2137 2225 2287 2280 Non.
2311 2242 2368 2293 p.
2400 2229 2492 2292 61,
2521 2231 2590 2278 11

436 2425 467 2472 3
533 2421 864 2491 quadratos]
931 2423 1263 2490 quadratum
1331 2439 1469 2477 corr.
1510 2453 1576 2463 —
1617 2440 1678 2476 os
1729 2423 1779 2474 A
1845 2422 2180 2491 quadratum
2226 2438 2281 2475 m
2451 2422 2590 2475 duos

302 2544 448 2596 actus
478 2544 642 2599 ABv
679 2547 820 2600 duos
857 2523 1014 2601 acula
1042 2547 1099 2601 P
1235 2551 1269 2601 5
1305 2546 1353 2600 is
1390 2548 1591 2602 modus
1628 2564 1809 2602 acnua
1836 2546 2039 2601 AB‘is
2075 2545 2293 2601 modius
2328 2561 2508 2600 acnua
2538 2546 2594 2600 P

304 2631 346 2686 is
386 2635 606 2689 modius
652 2635 876 2691 aomina
919 2652 952 2690 v
982 2677 996 2690 .
1030 2637 1104 2690 ‘Is
1150 2637 1348 2691 modus
1396 2654 1576 2691 acnua
1614 2636 1837 2706 [Latine
1873 2639 1937 2690 iu
1973 2637 2207 2690 editione
2244 2637 2370 2690 add.
2423 2635 2587 2705 Vici]

303 2722 633 2791 appellatur.
708 2724 880 2779 Hanc
915 2727 1191 2781 lectionem
1218 2727 1282 2781 in
1309 2728 1559 2781 omnibus
1587 2723 1995 2795 antiquioribus
2022 2726 2183 2779 libris
2209 2725 2421 2791 inueni,
2458 2742 2590 2779 uam

300 2827 640 2881 commwnem,
668 2816 1165 2884 peruulqatamque
1190 2818 1413 2870 inanem
1436 2817 1594 2885 puto’
1639 2816 1914 2871 Victorius
2013 2820 2046 2868 6
2075 2812 2382 2882 scripulum
2408 2813 2589 2868 PAB

301 2902 617 2972 scrupulum
652 2920 748 2957 mv
892 2906 950 2957 et
1002 2903 1358 2973 longitudine
1404 2908 1463 2960 et
1505 2904 1811 2960 latitudine
1860 2903 1971 2957 VB
2018 2906 2076 2958 et
2121 2901 2480 2975 longitudine
2530 2905 2588 2957 et

299 2990 597 3046 latitudine
645 2993 702 3046 A
755 2994 817 3046 in
869 2992 1225 3062 longitudine
1281 2999 1340 3049 et
1373 2994 1679 3050 latitudine
1726 2995 2022 3049 Iucundus
2067 2991 2129 3044 in
2173 2991 2587 3087 longitudinem

299 3136 353 3188 et
384 3135 750 3190 latitudinem
785 3155 840 3192 m
887 3137 1164 3193 Victorius
1308 3144 1337 3193 ’1
1376 3145 1774 3205 nonnunquam
1822 3132 1934 3190 VB
2079 3132 2124 3190 8⁸
2151 3080 2586 3191 Szbffisffiffimss

466 3226 546 3279 sic
614 3227 775 3297 quid]
843 3227 1026 3295 siquid
1098 3226 1207 3281 VB
1273 3224 1448 3295 siquis
1503 3229 1558 3281 A
1740 3233 1771 3280 9
1841 3225 2026 3291 ‘Quod
2087 3224 2261 3280 habet
2324 3225 2588 3294 scrupula

297 3313 735 3369 CCLXXXVIII.
765 3317 1039 3385 quantum
1070 3333 1147 3372 as,
1201 3317 1357 3371 Haec
1392 3322 1469 3371 est
1504 3321 1680 3381 uetus,
1717 3315 2001 3384 eademque
2034 3329 2266 3384 syncera
2304 3316 2476 3370 lectio.
2516 3346 2582 3355 —

300 3401 450 3471 Quod
477 3411 662 3460 tamen
690 3408 765 3460 ad
791 3406 1235 3475 orthoyraphiam
1258 3407 1510 3475 pertinet,
1539 3406 1798 3459 ambobus
1826 3405 1956 3458 loeis
1982 3405 2285 3472 scripulum
2311 3404 2353 3471 i,
2383 3420 2497 3458 non
2522 3421 2583 3471 u,

294 3492 352 3545 in
377 3495 571 3563 prima
605 3496 825 3565 syllaba
857 3496 1036 3551 habet’
1084 3496 1358 3551 Victorius
1502 3501 1568 3548 10
1607 3494 1852 3563 scripula
1889 3494 1945 3548 P
1977 3492 2250 3561 scriptula
2286 3493 2404 3546 AB
2435 3510 2583 3547 scru-

294 3616 421 3684 pula
445 3635 542 3673 mv
690 3584 1062 3674 cdxxxvm
1091 3621 1144 3673 B
1290 3626 1354 3674 11
1392 3620 1573 3688 pende
1607 3622 1616 3688 l
1648 3619 1930 3689 pendebat
1959 3619 2011 3671 A
2150 3623 2214 3671 12
2253 3617 2585 3671 dicebantur

295 3706 428 3761 deest
472 3710 633 3776 apud
667 3708 919 3763 Nonium
958 3727 1018 3778 p.
1059 3715 1148 3776 61,
1188 3715 1263 3765 12
1405 3708 1707 3763 haeredem
1757 3708 1809 3761 V
1947 3705 2272 3761 haeredium
2321 3706 2373 3760 V
2514 3713 2580 3760 13

297 3798 539 3868 centum]
599 3799 852 3852 centuria
906 3815 1047 3856 corr.
1095 3801 1260 3854 centu
1297 3799 1354 3852 A
1508 3803 1575 3851 14
1632 3800 1699 3851 ut
1740 3798 1949 3852 habeat
1995 3797 2078 3850 bis
2120 3797 2384 3864 scriptum
2427 3796 2492 3849 in
2525 3797 2583 3848 A

429 3886 605 3956 longa
641 3888 848 3956 pedum
888 3877 1105 3956 MMCD‘
1150 3889 1206 3942 B
1254 3889 1423 3957 longa
1452 3932 1464 3943 .
1498 3928 1509 3939 .
1546 3903 1629 3943 00
1669 3903 1750 3942 00
1778 3885 1820 3940 C
1860 3876 1906 3951 β
1954 3886 2173 3939 duabus
2219 3885 2414 3938 litteris
2452 3890 2581 3952 post

296 3973 456 4045 longa
483 3977 675 4031 deletis
704 3980 757 4030 A
786 3978 955 4047 longa
994 3992 1171 4033 0000
1206 3977 1247 4030 C
1276 3972 1323 4046 lb
1359 3978 1531 4046 pedes
1560 3977 1618 4030 P
1646 3977 1819 4045 longa
1849 4019 1861 4030 .
1891 3973 2101 4030 M.M.G.
2142 3972 2313 4042 pedes
2339 3989 2372 4026 v
2409 3973 2582 4041 longa

296 4066 491 4131 pedum
540 4081 622 4120 00
649 4081 732 4121 00
771 4065 811 4120 C
877 4068 1043 4122 editio
1118 4067 1365 4122 Victorii.
1457 4067 1621 4123 ‘Cum
1677 4069 1920 4122 studium
1972 4087 2146 4124 meum
2199 4062 2583 4129 exprimendae

296 4156 642 4224 antiquitatis
677 4172 791 4210 non
831 4157 960 4211 bene
992 4157 1348 4225 percepissent
1384 4173 1576 4223 operae
1589 4200 1602 4225 ,
1640 4175 1779 4226 quae
1806 4165 1998 4226 postea
2034 4160 2200 4213 libros
2236 4165 2581 4227 eaecuserunt,

296 4242 558 4314 inteyrum
611 4246 759 4299 hume
805 4247 978 4300 locum
1022 4246 1403 4315 deprauarunt
1432 4267 1446 4298 ε
1477 4247 1690 4317 Quibus
1733 4250 1879 4301 enim
1924 4249 2068 4303 notis
2109 4241 2322 4302 summa
2357 4249 2580 4317 pedum,

295 4347 422 4399 quae
469 4334 780 4389 centuriam
834 4335 1130 4400 conficiunt
1145 4374 1164 4400 ,
1217 4335 1283 4388 in
1326 4335 1527 4402 optimo
1570 4336 1871 4403 exemplari
1913 4336 2187 4405 descripta
2230 4342 2333 4403 est,
2386 4338 2581 4392 iisdem

295 4422 351 4475 in
399 4429 588 4479 nostro
642 4423 827 4478 codiee
880 4424 1161 4492 desiqnari
1213 4424 1471 4478 uolebam.
1557 4423 1652 4479 Sic
1704 4429 1885 4479 autem
1928 4425 1993 4479 in
2036 4425 2133 4479 illo
2176 4427 2441 4495 seriptum
2485 4433 2579 4493 est,

295 4507 496 4566 Pedum
525 4527 609 4567 00
639 4526 723 4566 00
754 4510 796 4563 C
824 4517 890 4571 Β.
977 4512 1330 4582 Typoyraphi
1386 4513 1609 4580 lineam,
1667 4531 1775 4580 qua
1822 4518 2097 4580 postrema
2145 4515 2305 4568 litera
2349 4515 2578 4569 dissecta

390 4611 421 4650 C
425 4623 620 4652 AAAAA
650 4621 773 4651 nom
801 4621 839 4650 c.
1796 4640 1802 4645 .
2087 4609 2151 4655 10
