3178 5185
886 448 1147 502 RERVM
1184 448 1668 503 RVSTICARVM
1704 448 1840 504 LIB.
1880 450 1960 502 III
2003 448 2081 504 16
2493 440 2622 505 299

335 611 560 683 partem
609 603 866 681 relinqui
904 602 1090 664 Varro
1137 605 1445 682 significat.
1518 622 1654 664 nam
1703 603 1933 664 diversa
1981 604 2052 664 de
2102 623 2168 665 ea
2208 622 2274 664 re
2322 603 2416 664 alii
2455 623 2621 683 prae-

332 720 638 793 ceperunt,
686 709 1007 771 Columella
1053 709 1133 769 IX
1175 706 1275 793 15,
1314 708 1372 791 8,
1418 710 1648 771 Plinius
1695 709 1774 771 Xl
1813 706 1897 774 35
1947 719 2005 772 et
2048 708 2152 772 40.
2221 730 2472 791 geopon.
2520 711 2622 771 XV

330 813 385 897 5,
425 814 470 878 4
528 813 634 878 δεῖ
683 808 812 899 γὰρ
867 812 992 897 τὴν
1051 810 1333 897 δεκάτην
1392 824 1638 900 μοῖραν
1695 809 1926 890 αὐταῖς
1989 807 2372 878 ἀπολείπειν
2429 813 2624 899 ἔαρός

329 944 397 986 τε
451 917 563 985 καὶ
618 918 899 1004 θέρους,
956 921 1278 1005 χειμῶνος
1335 916 1409 984 δὲ
1463 916 1537 986 τὸ
1598 924 1823 1006 τρίτον
1878 916 2119 1007 μόριον
2185 917 2478 1004 λαβόντα
2541 916 2622 986 τὰ

330 1024 454 1093 δύο
519 1026 683 1113 μέρη
749 1031 1137 1092 καταλιπεῖν
1202 1020 1449 1104 αὐταῖς.
1545 1024 1720 1092 οὕτω
1786 1022 1912 1112 γὰρ
1980 1022 2133 1092 οὔτε
2191 1021 2625 1112 ἀθυμήσουσι

335 1133 445 1200 καὶ
492 1130 748 1220 τροφὰς
795 1132 1076 1212 ἕξουσιν.

507 1246 646 1306 Alii
708 1246 840 1306 hoc
905 1247 1059 1305 eius
1128 1245 1497 1307 relincunt
1553 1264 1756 1326 quam
1821 1245 1994 1324 dixi]
2044 1247 2194 1306 Eius
2241 1248 2436 1306 omnia
2486 1265 2623 1326 apo-

330 1353 579 1436 grapha,
633 1357 775 1430 plus
839 1351 1090 1432 Merula,
1155 1352 1312 1432 quod
1372 1352 1700 1414 Politianus
1765 1371 1882 1413 non
1941 1355 2218 1413 correxit.
2312 1356 2426 1415 hoe
2483 1358 2624 1430 plus

330 1461 550 1522 dicitur
596 1459 787 1521 mellis
835 1461 1031 1520 maior·
1067 1478 1222 1541 pars,
1271 1474 1445 1538 quam
1496 1478 1647 1540 quae
1694 1478 1876 1538 supra
1921 1459 2080 1521 dicta
2127 1469 2271 1545 erat.

513 1567 596 1628 Ut
640 1570 711 1628 in
758 1568 980 1627 aratis
1028 1568 1147 1645 qui
1195 1567 1477 1628 faciunt
1522 1566 1901 1628 restibiles
1948 1575 2237 1646 segetes
2285 1566 2446 1646 plus
2495 1566 2620 1627 tol-

335 1673 492 1735 lunt
547 1674 891 1735 frumenti
947 1692 1027 1734 ex
1086 1673 1505 1735 interuallis
1562 1677 1665 1734 sic
1714 1676 1782 1734 in
1840 1674 2028 1734 aluis
2091 1675 2151 1733 si
2213 1692 2349 1734 non
2409 1675 2627 1753 quod-

335 1782 538 1841 annis
602 1782 868 1841 eximas
934 1787 1055 1840 aut
1117 1799 1253 1840 non
1323 1799 1649 1860 quaeque
1716 1779 2012 1841 multum
2078 1788 2149 1841 et
2222 1783 2444 1860 magis
2518 1781 2627 1841 his

338 1888 666 1948 assiduas
711 1887 974 1948 habeas
1031 1905 1196 1967 apes
1256 1894 1324 1947 et
1382 1890 1602 1966 magis
1659 1885 2098 1965 fructuosas]
2147 1888 2271 1948 Aut
2315 1906 2435 1949 non
2482 1906 2627 1964 quo·

342 2014 458 2071 que
503 1998 751 2056 multum
811 1994 966 2055 edita
1024 1994 1161 2054 inde
1209 2013 1241 2055 a
1286 1995 1555 2074 principe
1606 1993 1863 2055 editione
1912 1993 2283 2073 exemplaria.
2375 1998 2483 2070 qui
2529 1994 2628 2070 sa-

336 2106 508 2164 ciunt
552 2119 670 2163 non
717 2104 1016 2162 restibiles
1061 2107 1291 2176 seqetes
1339 2108 1398 2162 et
1436 2100 1650 2161 deinde
1699 2108 1809 2161 aut
1851 2117 1970 2161 non
2008 2104 2334 2175 quotannis
2381 2105 2629 2162 multum

336 2216 393 2272 et
437 2212 632 2284 maqis
677 2210 957 2269 assiduas
1002 2210 1231 2269 habeas
1278 2227 1421 2284 apes
1469 2207 1755 2268 Ursinus·
1812 2225 1932 2268 non
1979 2209 2278 2268 restibiles
2327 2214 2386 2267 et
2434 2209 2629 2282 maqis

340 2319 623 2378 assiduas
660 2317 889 2393 recepit
929 2314 1349 2376 SchneideruS.
1416 2313 1714 2374 restibiles
1753 2321 1986 2393 segetes
2023 2316 2105 2374 ita
2144 2314 2408 2374 definivit
2444 2313 2628 2373 Varro

337 2424 408 2484 de
457 2423 595 2502 ling.
643 2422 738 2483 lat.
786 2421 832 2480 V
870 2419 981 2502 39,
1048 2441 1201 2498 aqer
1269 2424 1555 2484 restibilis
1620 2424 1728 2497 qui
1788 2424 2133 2482 restituitur
2191 2439 2268 2482 ac
2329 2424 2630 2482 reseritur

341 2536 630 2608 quotquot
674 2533 870 2606 annis,
910 2536 1128 2590 contra
1167 2532 1276 2605 qui
1319 2532 1740 2590 intermittitur
1787 2547 1826 2589 a
1872 2530 2149 2588 novando
2187 2531 2419 2589 novalis
2458 2546 2627 2604 aqer.

340 2638 411 2699 de
432 2638 645 2699 horum
675 2655 953 2716 agrorum
983 2636 1214 2697 cultura
1237 2635 1440 2698 docuit
1468 2634 1620 2719 144,
1640 2634 1681 2697 3
1711 2635 2010 2697 restibiles
2040 2654 2210 2715 agros
2241 2655 2359 2696 non
2389 2635 2628 2696 eosdem

344 2747 575 2806 fructus
622 2743 899 2804 omnibus
957 2745 1154 2824 anniS,
1201 2744 1306 2804 sed
1365 2746 1544 2804 tertio
1603 2761 1840 2824 quoque
1897 2762 2050 2803 anno
2107 2742 2417 2804 uberiores
2471 2745 2630 2804 ferre

317 2852 432 2933 *vel
480 2850 725 2911 alternis
771 2852 941 2910 annis
988 2849 1309 2911 levioribus
1359 2849 1689 2911 sationibus
1749 2848 2175 2929 relinquendos
2234 2867 2383 2910 csse.
2473 2850 2629 2910 idem

336 2960 518 3038 igitur
572 2960 634 3018 in
690 2956 833 3017 alvis
890 2956 1262 3017 observatur.
1353 2975 1385 3016 e
1433 2954 1650 3035 quibus
1709 2958 1760 3016 si
1817 2966 1919 3017 aut
1973 2974 2091 3016 non
2155 2959 2470 3033 quotannis
2516 2956 2630 3016 mel

338 3067 605 3126 eximunt
652 3072 753 3124 aut
792 3081 911 3124 non
950 3064 1197 3124 eandem
1236 3071 1465 3142 partem
1505 3061 1781 3123 omnibus
1829 3065 1999 3122 annis
2037 3065 2323 3144 eximunt,
2361 3062 2630 3122 efficiunt

339 3180 405 3233 ut
452 3174 526 3232 iis
573 3171 745 3252 alviS,
793 3171 1012 3249 quibus
1059 3171 1205 3232 baec
1252 3189 1392 3231 cura
1441 3170 1786 3251 adhibetur,
1834 3188 1974 3249 apes
2023 3179 2081 3229 et
2127 3172 2312 3248 magis
2359 3168 2632 3230 adsiduas

339 3278 594 3339 babeant
640 3286 699 3338 et
746 3281 932 3357 magis
981 3278 1336 3339 fructuosas.
1429 3279 1628 3356 itaque
1677 3278 1735 3337 id
1786 3275 1944 3356 quod
1998 3295 2096 3336 res
2144 3275 2478 3355 postulabat
2524 3283 2632 3336 aut

339 3404 458 3447 non
506 3403 699 3460 aeque
744 3390 991 3447 multum
1029 3387 1260 3464 scripsi.
1335 3384 1693 3445 restibilium
1731 3401 2006 3462 agrorum
2048 3382 2316 3461 exemplo
2359 3384 2631 3444 similiter

343 3508 485 3552 usus
534 3500 623 3553 est
660 3492 844 3552 Varro
883 3491 935 3551 Il
968 3491 1023 3574 7,
1061 3490 1135 3554 11
1182 3491 1254 3552 de
1294 3492 1485 3551 fetura
1525 3509 1831 3570 equarum.
1889 3508 2082 3566 aeque
2129 3490 2345 3570 legitur
2383 3490 2407 3549 I
2449 3486 2553 3573 55,
2589 3488 2628 3551 3

339 3603 502 3674 qaod
552 3603 770 3661 oliveta
826 3602 1036 3660 dicant
1093 3602 1345 3660 alternis
1403 3602 1580 3659 annis
1637 3617 1757 3659 non
1806 3598 1981 3674 ferre
2031 3597 2279 3673 fruetus
2336 3605 2444 3657 aut
2508 3616 2628 3658 non

344 3724 536 3781 aeque
580 3724 848 3784 maanS,
896 3703 975 3764 111
1019 3702 1117 3784 10,
1156 3703 1198 3765 2
1244 3723 1358 3767 nee
1405 3724 1598 3780 aeque
1636 3708 1712 3778 sit
1756 3711 2151 3765 mansuetum.

517 3809 603 3873 34
665 3812 954 3871 Aestate
1013 3810 1193 3888 acta]
1242 3813 1491 3873 Aestate
1537 3819 1763 3873 exacta
1809 3810 2059 3893 Merula,
2117 3819 2261 3873 acta
2309 3829 2380 3871 ex
2427 3810 2629 3870 arche·

345 3925 482 3996 typo
532 3919 794 3979 restituit
840 3918 1154 3979 Victorius·
2169 3930 2172 3933 ’

519 4023 896 4103 Reliquum
936 4043 1013 4084 ex
1054 4023 1492 4083 hiematione
1530 4022 2000 4101 relinquatur
2038 4025 2191 4083 sine
2241 4024 2446 4084 aluus
2494 4042 2630 4084 non

342 4133 429 4192 fit
490 4130 763 4192 fertilis
826 4133 968 4191 nisi
1030 4130 1195 4210 quid
1259 4131 1611 4190 eximatur
1667 4138 1995 4207 exempto
2044 4148 2196 4190 cum
2245 4136 2354 4190 est
2408 4132 2632 4189 maior

340 4257 571 4317 neque
620 4240 1029 4299 uniuersam
1086 4255 1321 4316 neque
1378 4235 1606 4317 palam
1666 4237 1906 4296 facere
1963 4244 2254 4315 oportet
2309 4254 2393 4295 ne
2451 4236 2630 4296 defi-

343 4347 534 4405 ciant
593 4342 935 4421 animum]
998 4346 1291 4420 Exempto
1354 4345 1549 4403 omnia
1616 4342 1974 4423 apographa,
2036 4347 2331 4419 exemptio
2392 4341 2633 4423 Merula,

343 4451 500 4530 quod
550 4450 878 4511 Politianus
925 4469 1043 4510 non
1094 4452 1369 4510 correxit.
1446 4453 1738 4523 deficiant
1783 4452 2048 4509 animum
2097 4467 2233 4509 cum
2278 4448 2632 4528 apographis

346 4557 524 4618 editio
571 4559 851 4637 princeps
898 4576 935 4618 a
978 4556 1266 4628 politiano
1317 4575 1434 4616 non
1482 4565 1779 4618 correcta:
1827 4574 1960 4628 nam
2009 4557 2202 4615 errori
2248 4556 2630 4616 tribuendum
