3178 5185
588 432 669 497 78
1270 442 1653 498 COMMENT.
1690 443 1770 497 IN
1805 442 2181 498 VARRONIS

583 597 772 675 ipsam
821 595 1068 675 glaciem
1111 595 1301 675 gelida
1341 615 1451 676 per
1496 597 1750 657 hiemem
1793 607 2001 659 natura
2041 616 2361 679 ramorum,
2401 617 2551 677 quae
2592 597 2902 659 imbribus

585 704 969 782 temperanda
1015 709 1124 784 est,
1172 703 1556 783 significatur.
1616 693 1620 697 ⁸

762 815 998 871 XXVIII
1044 809 1074 870 1
1143 808 1227 870 Et
1285 810 1569 869 efficiat
1625 820 1699 872 ut
1758 829 1883 871 uer
1940 811 2095 872 dies
2160 809 2416 871 habeat
2463 809 2591 871 XCI
2648 821 2901 873 aestas

584 916 760 978 XCIV
817 926 1199 978 autumnus
1256 914 1383 976 XCI
1439 915 1665 976 hiems
1723 915 1959 976 XXCIX
2018 935 2195 995 quae
2252 916 2542 977 redacta
2602 918 2682 978 ad
2733 917 2902 977 dies

586 1024 848 1085 ciuiles
898 1031 1187 1083 nostros
1235 1024 1357 1102 qui
1405 1041 1593 1083 nunc
1642 1031 1810 1084 sunt
1855 1025 2073 1102 primi
2128 1023 2339 1084 uerni
2395 1025 2751 1102 temporis
2814 1042 2900 1083 ex

586 1130 666 1190 ad
714 1130 817 1190 VII
863 1131 948 1191 id.
997 1128 1172 1191 febr.
1220 1132 1485 1191 aestiui
1533 1149 1613 1191 ex
1672 1129 1752 1189 ad
1802 1129 1901 1189 VII
1958 1130 2046 1190 id.
2103 1131 2256 1190 mai.
2304 1130 2751 1190 autumnalis
2813 1147 2898 1189 ex

586 1237 664 1298 ad
713 1236 814 1297 VlI
860 1237 947 1299 id.
996 1237 1231 1298 sextil.
1279 1236 1573 1297 hiberni
1621 1255 1701 1296 ex
1749 1237 1827 1297 ad
1877 1235 1950 1295 IV
2000 1236 2087 1300 id.
2134 1234 2316 1313 nom]
2358 1236 2438 1295 E't
2475 1235 2715 1318 efficiat
2753 1235 2899 1296 libri

584 1362 759 1404 manu
801 1346 1028 1425 scripti,
1058 1343 1329 1420 efficitur
1367 1346 1587 1403 omisso
1627 1351 1687 1404 et
1722 1345 1783 1403 in
1824 1345 2094 1422 principe
2133 1343 2390 1403 editione
2423 1341 2610 1402 edidit
2636 1341 2897 1424 Merula,

584 1450 687 1510 ubi
744 1443 1069 1510 Politian'us
1127 1468 1200 1510 ex
1257 1451 1459 1511 codice
1516 1458 1576 1511 et
1632 1449 1882 1531 addidit,
1940 1449 2043 1510 sed
2102 1448 2373 1524 efficitur
2430 1467 2548 1509 non
2604 1452 2900 1510 correxit.

585 1556 857 1633 efficitur
902 1564 971 1617 ut
1014 1574 1122 1617 ver
1169 1558 1297 1617 dies
1351 1558 1578 1617 babeat
1630 1560 1967 1631 nonayinta
2029 1574 2241 1637 unum,
2289 1563 2491 1616 aestas
2545 1560 2899 1631 nonayinta

581 1670 862 1740 quatuor,
920 1670 1246 1724 autumnus
1302 1667 1643 1739 nonaginta
1692 1667 1867 1738 duos,
1906 1665 2113 1740 hyems
2159 1666 2465 1739 octoqinta
2510 1670 2663 1724 octo·
2729 1681 2900 1737 quae

582 1773 795 1832 divisio
861 1772 1120 1832 redacta
1184 1773 1271 1830 ad
1333 1773 1461 1830 dies
1516 1771 1724 1831 eiviles
1778 1776 2043 1853 nostros,
2100 1773 2208 1843 qui
2260 1788 2425 1830 nunc
2478 1777 2642 1843 sunt,
2693 1773 2902 1846 primi

581 1879 758 1936 verni
829 1880 1112 1953 temporis
1186 1882 1404 1937 extant
1474 1879 1561 1936 ad
1629 1880 1948 1952 septimum
2023 1878 2172 1936 Idus
2237 1878 2593 1950 Februarii,
2668 1879 2902 1936 aestivi

582 1989 799 2043 extant
852 1987 939 2044 ad
990 1986 1300 2060 septimum
1361 1984 1510 2042 Idus
1558 1983 1742 2056 Maii,
1799 1986 2170 2043 autumnalis
2226 1990 2442 2044 extant
2496 1985 2583 2042 ad
2635 1985 2896 2043 tertium

582 2089 730 2148 Idus
769 2090 1033 2162 Sextilis,
1080 2090 1342 2166 hyberni
1386 2094 1602 2148 extant
1648 2092 1734 2148 ad
1778 2092 2021 2149 tertium
2070 2090 2219 2148 Idus
2268 2090 2619 2150 Novembris
2666 2086 2893 2149 lucun-

581 2196 709 2257 dus‚
783 2195 1098 2257 lectionem
1146 2194 1452 2275 archetypi
1498 2193 1797 2255 Victorius
1845 2196 2126 2277 restituit,
2175 2194 2278 2254 sed
2327 2193 2601 2270 efficitur
2647 2212 2723 2253 ex
2774 2197 2889 2254 im-

580 2304 804 2381 pressis
853 2302 1291 2382 exemplaribus
1339 2304 1588 2363 retinuit
1636 2309 1696 2363 et
1734 2306 2114 2363 autumnales
2152 2304 2409 2381 scripsit.
2477 2305 2540 2362 in
2579 2304 2890 2382 scriptura

583 2407 869 2469 librorum
931 2408 1076 2469 illud
1124 2416 1286 2468 recte
1336 2427 1366 2468 a
1415 2407 1683 2469 Iucundo
1733 2410 2110 2470 emendatum
2173 2418 2326 2489 erat,
2376 2407 2533 2486 quod
2589 2425 2716 2487 pro‘
2766 2410 2900 2470 VII

582 2518 662 2575 id.
703 2517 914 2576 Sextil.
980 2517 1217 2595 scripsit
1267 2518 1510 2576 tertium
1558 2518 1696 2575 idus
1744 2517 2009 2591 Sextilis,
2058 2515 2216 2595 quod
2265 2524 2400 2596 post
2447 2534 2582 2576 eum
2634 2516 2887 2577 Schnei-

585 2623 766 2683 derus
823 2624 1065 2702 recepit.
1158 2641 1292 2682 nam
1358 2625 1437 2683 ita
1495 2632 1554 2684 et
1611 2641 1899 2684 numerus
1955 2624 2213 2684 efficitur
2270 2624 2502 2685 dierum
2562 2627 2888 2703 nonaginta

589 2737 896 2809 quattuor,
946 2731 1047 2807 qui
1094 2731 1304 2789 aestati
1351 2728 1729 2810 tribuuntur,
1776 2733 2039 2809 itemque
2086 2730 2319 2791 dierum
2365 2731 2544 2791 unius
2592 2738 2654 2791 et
2699 2749 2885 2791 nona-

581 2839 758 2916 ginta,
806 2838 909 2916 qui
957 2845 1096 2897 sunt
1143 2838 1443 2918 autumni,
1491 2845 1551 2897 et
1599 2837 1723 2897 dies
1771 2845 1863 2896 est
1909 2838 2225 2896 vicesimus
2273 2838 2516 2918 tertius,
2563 2846 2884 2917 postquam

581 2945 669 3005 sol
732 2947 792 3004 in
861 2945 1096 3022 signum
1163 2943 1352 3004 leonis
1418 2946 1678 3024 transiit,
1745 2962 1775 3002 a
1839 2961 1956 3021 quo
2021 2943 2117 3003 die
2184 2944 2421 3003 initium
2486 2946 2727 3004 aestatis
2798 2945 2884 3004 fit.

581 3060 823 3112 auctore
886 3053 1042 3110 enim
1092 3049 1412 3110 Columella
1472 3048 1549 3108 XI
1588 3047 1648 3130 2,
1687 3045 1773 3111 52
1831 3068 1887 3110 a.
1935 3053 1990 3112 d.
2031 3049 2209 3109 XIII
2255 3050 2376 3109 lcal.
2424 3050 2735 3126 Auyustas
2790 3055 2888 3113 sol

579 3162 640 3220 in
698 3164 926 3221 leonem
988 3162 1312 3219 transitum
1362 3158 1547 3238 facit,
1597 3176 1628 3217 a
1687 3176 1804 3236 quo
1852 3158 1973 3238 die,
2022 3160 2123 3236 qui
2189 3165 2282 3218 est
2329 3158 2454 3217 dies
2501 3155 2610 3215 XX
2658 3160 2883 3217 mensis

578 3265 729 3347 Iulii,
777 3268 1093 3351 vicesimus
1141 3267 1356 3325 tertius
1404 3272 1494 3323 est
1541 3282 1592 3326 a.
1632 3264 1685 3324 d.
1724 3264 1806 3324 III
1855 3266 1985 3325 idus
2026 3262 2297 3345 SextileS,
2336 3265 2442 3343 qui
2488 3271 2581 3324 est
2629 3263 2754 3324 dies
2796 3263 2877 3323 Xl

578 3374 799 3433 mensis
855 3373 1123 3450 Augusti.
1214 3373 1276 3430 in
1334 3369 1582 3449 reIIquis
1639 3371 1711 3431 de
1770 3371 1884 3431 fide
1940 3372 2159 3431 veteris
2216 3373 2551 3450 scripturae
2617 3370 2878 3432 dubitari

579 3496 696 3537 non
746 3476 1025 3554 debebat,
1070 3486 1129 3537 et
1176 3479 1236 3536 in
1297 3477 1389 3537 his
1440 3495 1683 3556 quoque
1730 3478 2013 3539 Varronis
2060 3480 2321 3537 rationes
2369 3496 2505 3538 cum
2555 3476 2877 3539 Columella

579 3586 987 3663 consentiunt,
1043 3582 1122 3642 XI
1160 3581 1223 3662 2,
1258 3581 1301 3644 4
1349 3585 1554 3643 XVII
1602 3586 1725 3645 lcal.
1773 3587 1950 3646 Febr.
2017 3577 2099 3667 (d.
2141 3583 2269 3644 XVI
2327 3604 2403 3645 m.
2461 3578 2724 3667 Ianuar.)
2790 3590 2883 3646 sol

578 3696 639 3752 in
687 3694 1016 3766 aquarium
1062 3694 1310 3764 transit,
1358 3690 1438 3751 ib.
1475 3687 1563 3751 36
1611 3691 1743 3750 XV
1779 3693 1899 3752 kal.
1949 3692 2155 3752 Maias
2213 3684 2298 3775 (d.
2346 3691 2502 3751 XVII
2548 3710 2626 3752 m.
2666 3688 2874 3772 April.)

576 3802 668 3858 sol
712 3802 773 3858 in
822 3805 1070 3858 taurum
1116 3800 1438 3857 transitum
1478 3796 1666 3872 facit,
1715 3796 1790 3858 ib.
1833 3794 1916 3858 76
1965 3798 2179 3857 XIIII
2217 3799 2339 3858 lcal.
2379 3800 2743 3861 Novembres
2789 3792 2871 3883 (d.

578 3902 712 3962 XIX
762 3922 840 3963 m.
885 3896 1158 3983 Octobr.)
1206 3908 1299 3965 sol
1341 3907 1404 3964 in
1449 3907 1830 3980 scorpionem
1877 3908 2200 3964 transitum
2242 3902 2419 3979 facit.
2496 3903 2568 3964 ab
2615 3905 2711 3966 his
2757 3906 2872 3966 die·

581 4009 693 4069 bus
743 4011 898 4069 enim
947 4010 1268 4070 vicesimus
1306 4019 1366 4071 et
1404 4013 1651 4097 tertiuS,
1678 4029 1709 4070 a
1749 4029 1866 4089 quo
1905 4011 2090 4071 Varro
2129 4017 2396 4090 tempora
2437 4014 2595 4072 veris
2638 4016 2872 4074 aestatis

574 4117 788 4176 hiemis
836 4124 1127 4194 numerat,
1175 4123 1267 4177 est
1314 4115 1414 4176 VII
1462 4117 1539 4177 id.
1587 4116 1763 4178 Febr.
1811 4111 1895 4199 (d.
1936 4116 2042 4176 VII
2088 4136 2164 4178 m.
2211 4111 2435 4201 Febr.),
2481 4118 2584 4178 VII
2630 4120 2708 4181 id.
2747 4120 2872 4181 Mai.

578 4216 662 4303 (d.
710 4220 789 4280 IX
834 4239 910 4281 m.
959 4222 1138 4303 Maii),
1184 4221 1259 4282 IV
1304 4223 1382 4284 id.
1428 4222 1571 4283 Nov.
1620 4215 1705 4306 (d.
1752 4223 1805 4283 X
1852 4243 1928 4284 m.
1974 4216 2375 4306 Novembris).

751 4326 793 4389 2
830 4327 1194 4407 suptilius
1233 4329 1629 4409 descriptis
1676 4329 2127 4409 temporibus
2166 4330 2620 4393 obseruanda
2663 4352 2870 4413 quae·

576 4435 725 4495 dam
776 4442 944 4495 sunt
990 4454 1214 4513 eaque
1261 4438 1329 4496 in
1378 4445 1623 4515 partes
1671 4436 1797 4496 VIII
1845 4436 2302 4513 diuiduntur]
2351 4440 2694 4517 Descriptis
2742 4460 2868 4522 apo·

581 4540 799 4621 grapha
847 4539 1128 4601 Italorum
1176 4550 1238 4602 et
1290 4541 1471 4602 editio
1525 4544 1808 4623 princeps
1867 4564 1896 4604 a
1943 4543 2233 4605 Politiano
2291 4562 2406 4605 non
2466 4556 2769 4630 correcta,
2816 4556 2870 4608 et
