3178 5185
799 472 801 474 ,
905 429 1164 484 RERVM
1203 428 1688 487 RVSTIOARVM
1726 433 1860 489 LIB.
1898 435 1952 488 II
1994 435 2025 489 1
2483 429 2607 493 133

493 583 801 658 Epirotici
837 588 1141 662 pecuaria
1180 588 1403 647 thietae
1451 587 1561 647 fuit
1608 590 1668 648 in
1719 588 2062 670 archetyp0,
2100 590 2270 650 euius
2310 592 2606 669 scriptura

325 707 507 766 neque
555 708 587 748 a
628 688 916 751 Politiano
965 709 1156 770 neque
1205 711 1237 751 a
1280 691 1534 765 Victorio
1583 705 1854 756 accurate
1895 686 2153 756 indicata
2202 706 2347 757 erat.
2408 702 2602 774 epiro-

325 799 424 856 tici
457 801 769 872 pecuaria
816 801 1005 860 thieta
1052 799 1235 859 codex
1285 798 1329 858 F
1334 799 1691 881 lorentinuS,
1739 805 2024 878 epirotici
2070 807 2374 879 pecuaria
2421 807 2606 867 thiete

322 902 619 964 caesenas,
712 909 997 980 epirotici
1031 910 1323 982 pecuarii
1365 910 1631 969 athletae
1676 907 1972 969 Victorius
2038 909 2265 970 collatis
2323 913 2395 970 iis
2452 931 2601 991 quae

319 1006 388 1067 ΙΙΙ
423 1005 482 1091 5,
526 1007 610 1071 18
660 1014 878 1091 scripta
927 984 1067 1072 sunt
1122 1016 1386 1075 athletae
1441 1018 1838 1075 comitiorum.
1933 1015 2002 1075 ad
2060 1016 2273 1077 horum
2331 1018 2598 1079 similitu·

318 1115 502 1175 dinem
546 1121 892 1192 pecuariae
938 1122 1201 1180 athletae
1248 1122 1477 1198 scripsi.
1553 1139 1688 1181 nam
1739 1124 2046 1200 genetivus
2094 1125 2153 1182 in
2207 1122 2316 1184 hac
2364 1142 2598 1204 compo·

313 1224 519 1282 sitione
575 1223 888 1285 verborum
938 1226 1145 1286 deesse
1193 1245 1311 1286 non
1360 1236 1609 1304 poterat.

482 1328 524 1392 3
593 1333 666 1392 In
717 1334 959 1394 Italiam
1007 1336 1199 1393 omnia
1248 1334 1606 1416 apographa,
1663 1338 1725 1395 in
1774 1337 1958 1397 Italia
2005 1335 2266 1418 Merula,
2314 1340 2471 1418 quod
2536 1343 2596 1401 in

305 1440 573 1517 principe
623 1440 881 1500 editione
930 1441 1253 1502 Politianus
1300 1460 1416 1502 non
1466 1445 1741 1504 correxit.

477 1545 565 1607 Et
614 1546 935 1608 homines
983 1557 1050 1608 et
1096 1567 1274 1628 pecu
1323 1568 1475 1610 cum
1523 1568 1803 1629 semper
1850 1551 2075 1611 fuisse
2125 1553 2220 1611 sit
2267 1556 2591 1634 necesse]

300 1654 466 1714 Pecu
516 1654 848 1715 Politianus
896 1654 1209 1735 adnotavit,
1248 1660 1436 1733 pecd'
1472 1657 1537 1738 A,
1576 1659 1847 1733 pecudes
1884 1675 1958 1740 m,
1997 1677 2192 1734 pecus
2244 1661 2426 1722 codex
2468 1662 2595 1724 Flo-

296 1763 591 1821 rentinuS.
678 1780 970 1838 pecorum
1043 1782 1279 1840 semper
1352 1763 1683 1843 apographa
1748 1762 2046 1825 Italorum.
2132 1784 2360 1847 pecua,
2432 1770 2586 1848 quod

296 1870 578 1948 antiquos
624 1867 808 1929 libros
856 1869 1074 1930 habere
1120 1869 1415 1931 Victorius
1474 1870 1796 1951 adnotavit,
1844 1873 1901 1931 in
1961 1871 2266 1933 codicibus
2325 1894 2441 1936 non
2499 1879 2586 1938 in·

291 1977 441 2035 veni.
530 1993 692 2052 pecu
756 1979 1156 2057 superscripta
1207 1981 1250 2038 d
1311 1977 1504 2038 littera
1562 1985 1930 2060 correctum,
1980 1987 2047 2039 ut
2094 1988 2250 2040 esset
2300 1985 2587 2059 pecudeS,

291 2085 353 2143 in
402 2083 727 2161 archetypo
776 2082 959 2144 fuisse
1005 2084 1255 2144 videtur.
1342 2103 1545 2145 verum
1594 2093 1790 2145 autem
1837 2085 1988 2159 haud
2041 2086 2218 2147 dubie
2268 2099 2359 2149 est
2398 2109 2584 2166 pecu-

290 2193 412 2261 de8‚
454 2189 615 2269 quod
656 2189 958 2250 Iucundus
1005 2190 1204 2251 edidit.
1280 2210 1415 2252 nam
1456 2210 1616 2268 pecu
1664 2190 1756 2250 vel
1795 2211 1998 2268 pecua
2036 2193 2219 2254 Varro
2267 2214 2383 2256 non
2424 2197 2586 2280 dixit,

289 2295 392 2356 sed
435 2315 635 2372 pecus
686 2304 900 2357 neutro
947 2316 1166 2376 genere
1215 2298 1499 2377 singulari
1548 2317 1795 2359 numero
1854 2318 2055 2382 saepe,
2103 2319 2295 2377 pecus
2344 2309 2590 2380 pecoris

281 2408 505 2480 pecori
569 2421 825 2481 pecore,
896 2422 1013 2483 quo
1077 2407 1419 2465 universum
1487 2423 1676 2483 genus
1751 2406 2142 2488 significatur,
2209 2408 2299 2469 bis
2372 2409 2587 2489 plurali

287 2528 542 2571 numero
585 2528 882 2586 pecorum
941 2510 1137 2571 addito
1199 2513 1435 2571 nomine
1485 2511 1751 2572 eiusdem
1799 2513 2032 2573 numeri
2079 2512 2104 2572 Ι
2144 2511 2201 2596 2,
2240 2512 2322 2576 21
2366 2536 2590 2595 yreqes

277 2636 580 2696 pecorum
638 2625 697 2679 et
744 2616 797 2678 II
839 2616 894 2699 7,
939 2616 1019 2681 16
1075 2623 1299 2682 medici
1342 2638 1655 2698 pecorum.
1747 2620 2027 2680 feminino
2085 2640 2301 2700 genere
2359 2625 2586 2705 singula

285 2725 560 2787 animalia
610 2724 984 2805 appellantur
1032 2725 1246 2806 plurali
1296 2746 1543 2788 numero
1593 2745 1786 2810 saepe,
1825 2730 2093 2805 pecudes
2131 2735 2438 2806 pecudum
2479 2753 2583 2810 pe-

283 2836 567 2908 cudibuS,
608 2832 892 2911 singulari
943 2851 1191 2894 numero
1240 2842 1332 2895 ter
1379 2835 1575 2895 addito
1622 2835 1973 2913 pronomine
2012 2838 2280 2919 quisque,
2327 2837 2469 2921 111,
2502 2838 2584 2903 13

283 2959 470 3003 unam
519 2958 825 3015 quamque
864 2943 1187 3017 pecudem,
1234 2941 1311 3002 ib.
1355 2939 1438 3003 14
1483 2946 1666 3004 unius
1711 2944 2005 3016 cuiusque
2044 2946 2325 3019 pecudis,
2381 2945 2458 3006 ib.
2503 2944 2583 3009 15

279 3066 590 3124 quamque
631 3051 947 3123 pecudem,
992 3067 1139 3127 quae
1190 3068 1307 3109 non
1355 3048 1584 3110 diversa
1635 3057 1775 3109 sunt
1811 3046 1883 3108 ab
1922 3066 1992 3107 eo
2032 3049 2186 3127 quod
2239 3050 2458 3112 ibidem
2501 3051 2579 3115 17

280 3159 580 3235 scriptum
630 3162 722 3215 est
758 3174 1034 3230 quaeque
1073 3160 1396 3232 pecudum,
1436 3156 1619 3217 semel
1656 3174 1766 3235 per
1819 3173 1881 3215 se
1921 3154 2111 3215 solum
2150 3156 2354 3217 eadem
2403 3161 2581 3237 signi-

279 3264 562 3325 ficatione
612 3260 665 3321 Π
709 3261 805 3341 11,
844 3260 885 3323 2
928 3267 1105 3337 firmo
1154 3265 1292 3325 cibo
1334 3263 1571 3340 pecude
1610 3271 1811 3341 pasta.

463 3368 511 3430 4
578 3369 675 3428 Ex
741 3369 865 3429 hac
932 3372 1076 3430 uita
1141 3373 1210 3429 in
1287 3370 1674 3432 secundam
1741 3370 2206 3431 descendisse
2271 3378 2581 3450 pastori-

283 3480 461 3538 ciam
514 3495 548 3536 e
599 3476 776 3536 feris
823 3476 1049 3554 adque
1090 3477 1508 3555 agrestibus
1557 3477 2064 3556 utarboribus
2111 3497 2187 3539 ac
2237 3482 2580 3560 uirgultis

281 3603 354 3645 ae
392 3582 858 3662 decarpendo
897 3583 1219 3661 glandem
1259 3584 1630 3644 arbustum
1672 3602 1856 3644 mora
1896 3603 2094 3663 poma
2141 3586 2582 3666 colligerent

283 3692 356 3752 ad
426 3709 639 3752 usum
705 3692 805 3750 sic
870 3709 951 3750 ex
1017 3690 1475 3769 animalibus]
1525 3692 1607 3784 fit
1651 3711 1731 3754 ex
1774 3694 1894 3753 hac
1948 3695 2072 3754 vita
2130 3698 2192 3755 in
2247 3697 2578 3756 secundam

283 3800 674 3860 descendisse
714 3801 1099 3874 pastoritiam
1138 3818 1171 3860 e
1203 3799 1359 3876 feris
1408 3782 1589 3875 atque
1627 3802 1987 3876 ayrestibus‚
2025 3806 2094 3861 ut
2137 3820 2216 3861 ex
2253 3804 2580 3863 arboribus

284 3923 356 3966 ac
392 3908 691 3980 uirqultis
730 3906 1110 3981 decerpendo
1143 3910 1429 3981 ,alaudem
1465 3908 1751 3968 arbutum
1782 3924 1954 3967 mora
1992 3900 2297 3984 pomaque
2334 3913 2575 3985 colliqe-

283 4021 420 4073 rent
471 4013 564 4072 ad
605 4029 794 4083 usum,
839 4015 930 4072 sic
976 4031 1056 4073 ex
1102 4016 1469 4075 animalibus
1513 4013 1839 4074 Iucundus·
1925 4012 2009 4074 ibi
2056 4012 2097 4075 1.
2137 4014 2197 4075 F.
2245 4014 2577 4077 Gronovius

284 4120 439 4197 apud
500 4116 820 4178 Graevium
876 4117 1008 4181 lect.
1056 4118 1291 4181 Hesiod.
1339 4141 1395 4200 p.
1441 4118 1517 4181 17
1570 4125 1945 4196 colleqerant
1998 4120 2378 4182 scribendum
2437 4141 2574 4183 con-

284 4227 419 4288 iecit
481 4225 594 4284 hac
650 4223 845 4283 addita
899 4201 1411 4308 interpretatione,
1470 4223 1668 4311 ‘cum,
1725 4235 1791 4287 ut
1847 4246 1915 4287 ex
1977 4227 2291 4300 arboribus
2348 4238 2406 4290 et
2461 4232 2575 4290 vir-

287 4333 466 4411 gultis
519 4331 895 4411 decerpendo
943 4332 1212 4411 glandem
1260 4333 1538 4395 arbutum
1586 4353 1748 4394 mora
1795 4352 2085 4413 pomaque
2134 4337 2194 4395 in
2237 4354 2411 4395 usum
2458 4336 2574 4397 col-

288 4436 468 4517 ligere
540 4447 973 4499 consueverant
1037 4440 1309 4520 antehac,
1366 4444 1450 4501 sic
1516 4461 1589 4501 ex
1655 4441 2002 4501 animalibus
2067 4442 2357 4503 silvestria
2423 4461 2574 4521 quae

288 4555 534 4623 possent
599 4540 931 4626 caperent',
997 4545 1154 4625 quod
1220 4546 1521 4608 Gesnerus
1582 4558 1643 4608 et
1709 4547 2108 4608 Schneiderus
2172 4548 2576 4628 probaverunt
