3178 5185
752 417 1012 473 RERVM
1046 418 1520 476 RVSTICARVM
1555 420 1693 476 LIB.
1731 420 1757 475 I
1797 416 2037 475 57-59
2429 422 2558 487 195

280 604 473 665 neque
523 593 705 647 tamen
751 588 878 648 sine
926 587 1210 669 foriculiS,
1257 606 1351 670 ne,
1398 607 1534 650 cum
1582 607 1853 650 umorem
1890 591 2217 672 amiserint,
2263 592 2559 669 pertinaci

280 699 453 753 vento
501 696 640 754 vieta
687 695 845 755 fiant.
936 694 1188 774 ideoque
1235 697 1298 755 in
1345 696 1420 754 iis
1468 714 1732 756 camaras
1776 705 2136 758 marmorato
2183 705 2243 758 et
2287 700 2604 776 parietes2

278 802 714 881 pavimentaque
764 800 839 879 [L
895 800 1296 880 laudabiliter]
1345 801 1595 884 faciunt,
1655 823 1772 883 quo
1821 803 2094 882 frigidius
2141 806 2236 865 sit.
2327 806 2391 864 in
2437 824 2555 884 quo

280 909 448 968 etiam
512 908 733 987 quidam
793 908 1118 969 triclinium
1174 916 1444 970 sternere
1500 911 1695 971 solent
1748 911 1999 971 cenandi
2049 929 2241 972 causa.
2334 913 2556 972 etenim

229 1016 334 1074 sin
399 1015 610 1093 quihus
672 1016 907 1077 luxuria
971 1018 1337 1078 concesserit
1400 1026 1466 1079 ut
1528 1020 1592 1078 in
1648 1018 2032 1096 pinacothece
2090 1019 2331 1100 faciant,
2395 1018 2555 1098 quod

277 1122 667 1200 spectaculum
723 1123 899 1184 datur
945 1122 1018 1183 ab
1066 1132 1218 1205 arte,
1274 1143 1384 1184 cur
1430 1143 1548 1185 non
1597 1125 1757 1205 quod
1803 1133 2013 1186 natura
2061 1126 2263 1186 datum
2309 1132 2556 1186 utantur

275 1230 331 1288 in
395 1239 695 1291 venustate
762 1231 1047 1310 disposita
1112 1229 1469 1310 pomorum?
1575 1234 1931 1311 praesertim
1997 1251 2133 1297 cum
2187 1232 2248 1293 id
2304 1250 2425 1292 non
2480 1234 2560 1293 sit

277 1336 625 1418 faciendum,
684 1339 844 1417 quod
892 1338 1131 1418 quidam
1179 1339 1476 1420 fecerunt,
1536 1346 1602 1400 ut
1649 1339 1867 1399 Romae
1915 1347 2186 1418 coempta
2232 1357 2404 1419 poma
2451 1357 2557 1399 rus

275 1443 575 1505 intulerint
624 1447 687 1505 in
745 1445 1146 1524 oporothecen
1202 1445 1612 1506 instruendam
1668 1448 1899 1507 convivi
1945 1464 2136 1507 causa.
2229 1448 2291 1507 in
2336 1448 2607 1525 opum-3

210 1564 253 1604 ιο
276 1550 438 1610 theca
483 1552 627 1613 mala
671 1571 913 1613 manere
960 1561 1172 1632 putant
1218 1555 1362 1613 satis
1410 1553 1717 1614 commode
1764 1553 1864 1613 alii
1907 1555 1970 1614 in
2017 1553 2234 1614 tabulis
2273 1556 2335 1614 in
2375 1571 2555 1632 opere

277 1666 646 1739 marmorato,
711 1659 808 1720 alii
875 1659 1173 1720 substrata
1239 1660 1405 1738 palea
1461 1660 1553 1720 vel
1610 1663 1786 1721 etiam
1843 1660 2073 1741 flocciS,
2135 1660 2284 1721 mala
2340 1662 2557 1739 punica

278 1764 539 1826 demissis
582 1769 707 1827 suis
755 1767 1013 1828 surculis
1060 1769 1120 1826 in
1169 1767 1325 1827 dolio
1374 1767 1650 1848 harenae,
1697 1767 1846 1829 mala
1893 1776 2139 1828 cotonea
2187 1767 2456 1828 struthea
2493 1768 2556 1827 in

278 1872 589 1949 pensilibus
644 1875 893 1955 iunctis3
950 1881 1154 1935 contra
1209 1876 1272 1935 in
1328 1894 1469 1954 sapa
1524 1875 1760 1935 condita
1818 1893 2057 1935 manere
2115 1876 2244 1953 pira
2291 1875 2556 1934 aniciana

279 1982 609 2063 sementiva3
667 1980 842 2042 sorba
899 1981 1136 2060 quidam
1194 1981 1448 2042 dissecta
1506 1990 1567 2042 et
1622 1985 1682 2042 in
1741 1981 1864 2042 sole
1911 1990 2232 2061 macerata,
2286 1989 2353 2041 ut
2398 1983 2557 2062 pira3

217 2100 258 2140 15
282 2093 335 2147 et
387 2087 555 2147 sorba
611 2107 719 2168 per
778 2107 869 2170 se,
924 2087 1286 2169 ubicumque
1336 2090 1455 2149 sint
1498 2091 1692 2168 posita
1737 2091 1799 2149 in
1847 2089 2038 2170 arido,
2094 2087 2264 2149 facile
2313 2087 2556 2149 durare:

281 2191 555 2273 [servare]
618 2215 762 2275 rapa
818 2202 1094 2256 consecta
1149 2198 1211 2256 in
1268 2197 1502 2277 sinape,
1568 2213 1753 2257 nuces
1809 2195 2144 2274 iugulandis
2199 2197 2262 2255 in
2317 2195 2555 2255 harena.

280 2303 479 2379 punica
543 2302 696 2363 mala
760 2311 821 2364 et
885 2306 946 2363 in
1011 2303 1231 2364 harena
1295 2305 1410 2363 iam
1476 2303 1757 2383 decerpta
1828 2321 1895 2363 ac
1958 2311 2186 2364 matura
2252 2310 2313 2363 et
2377 2304 2555 2362 etiam

279 2409 578 2491 inmatura,
636 2429 776 2471 cum
830 2411 1113 2471 haereant
1158 2412 1221 2471 in
1267 2429 1375 2471 sua
1419 2412 1582 2489 virga
1630 2418 1691 2471 et
1736 2410 2048 2471 demiseris
2093 2412 2156 2470 in
2203 2409 2379 2470 ollam
2424 2411 2554 2471 sine

407 2641 469 2689 11
505 2637 660 2691 mala
693 2636 901 2707 punica
937 2637 1086 2693 Ptin.
1124 2641 1215 2706 15,
1254 2641 1328 2692 60

406 2858 432 2906 1
469 2850 726 2907 forioulis
754 2850 811 2906 A
848 2868 985 2907 corr.
1013 2851 1280 2906 folliculis
1310 2850 1392 2905 A²
1499 2851 1792 2906 humorem
1831 2850 2011 2906 VAB
2118 2852 2407 2907 amiserint
2443 2853 2557 2907 VB

283 2941 569 2997 amiserunt
615 2944 671 2996 A
832 2947 863 2995 2
919 2941 978 2994 in
1031 2940 1102 2995 iis
1147 2941 1269 2995 AB
1324 2941 1382 2994 in
1420 2938 1526 2994 ·his
1582 2940 1637 2994 V
1775 2956 2027 2994 camaras
2076 2941 2193 2996 ΡΒ
2248 2944 2557 2996 camaratas

284 3046 399 3087 corr.
444 3048 699 3088 camaras
737 3031 793 3085 A
838 3046 1085 3085 cameras
1121 3048 1156 3085 v
1300 3036 1332 3084 3
1383 3029 1486 3084 ‘In
1531 3030 1734 3098 optimo
1771 3030 1974 3096 codice,
2019 3028 2456 3099 Pauimen’oaque
2494 3029 2554 3086 L.

282 3119 620 3176 laudabiliter
674 3119 916 3187 faciunt,
983 3136 1092 3188 quo
1156 3116 1416 3188 frigidius
1471 3118 1561 3173 sit.
1653 3118 1804 3172 Nam
1852 3134 1983 3187 pre,
2041 3118 2336 3188 Friqidior
2392 3120 2557 3186 locuS,

283 3211 405 3279 quod
444 3211 506 3266 in
555 3211 773 3265 excusis
809 3214 952 3276 erat,
998 3205 1310 3277 Frigidius,
1357 3208 1422 3262 in
1458 3208 1671 3263 cunctis
1706 3208 1954 3276 antiquis
1989 3207 2205 3262 inueni’
2281 3207 2557 3263 Victorius

402 3298 844 3369 pauimentoque
892 3314 1031 3353 corr.
1077 3302 1143 3351 ut
1185 3298 1402 3352 videtur
1448 3328 1516 3336 —
1563 3299 1736 3364 taque
1774 3296 1831 3351 A
1875 3296 2315 3367 pauimentoque
2361 3314 2415 3351 m

286 3386 354 3444 ,L
381 3433 392 3445 .
416 3388 784 3444 laudabiliter
850 3387 904 3441 V
928 3429 940 3441 .
971 3387 993 3440 l
1024 3429 1036 3441 .
1066 3385 1431 3440 laudabiliter
1483 3385 1607 3440 AB
1779 3402 1888 3454 quo
1953 3384 2216 3454 frigidior
2269 3386 2425 3440 locus
2483 3386 2560 3440 sit

284 3477 554 3534 Iucwmius
699 3494 810 3545 quo
849 3477 1150 3546 posteriore
1193 3476 1307 3530 loco
1343 3475 1772 3545 superscriptum
1807 3475 1870 3528 in
1907 3472 1964 3528 A
2107 3481 2142 3528 4
2189 3474 2462 3529 coenandi
2511 3475 2563 3528 V

401 3573 429 3622 ὅ
463 3567 528 3622 in
570 3566 941 3636 pinacothece
979 3564 1101 3619 AB
1137 3563 1198 3617 in
1235 3563 1638 3633 pinacothecae
1686 3561 1740 3618 V
1878 3569 1910 3617 6
1949 3561 2145 3617 datum
2181 3566 2413 3618 utantur
2440 3564 2557 3619 ΡΒ

286 3654 398 3710 datii
435 3657 734 3711 mutantur
768 3653 825 3709 A
871 3654 1067 3709 datum
1108 3652 1402 3707 imitantur
1437 3669 1469 3706 v
1615 3658 1644 3706 7
1694 3651 2024 3721 praesertim
2062 3670 2189 3707 eum
2225 3651 2346 3706 AB
2396 3668 2554 3721 prae·

287 3745 446 3800 sertim
473 3743 712 3815 quidem
743 3761 868 3798 cum
899 3743 953 3797 V
1055 3747 1087 3796 8
1120 3744 1428 3812 coemptav
1450 3743 1652 3811 coepta
1671 3741 1788 3796 ΡΒ
1808 3743 1972 3810 cepta
1989 3739 2108 3796 Am
2216 3747 2247 3795 9
2276 3740 2335 3793 in
2356 3758 2556 3810 oporo-

289 3833 455 3890 thecen
473 3835 675 3906 priore
703 3834 818 3888 loco
840 3850 870 3888 v
901 3831 959 3886 in
978 3831 1316 3901 oporothece
1336 3830 1449 3884 PA
1470 3830 1528 3884 in
1550 3831 1924 3900 oporothecae
1944 3831 2002 3885 Β
2110 3829 2355 3886 conuiuii
2388 3829 2556 3884 VAB

402 3925 452 3979 in
486 3922 844 3993 oporotheca
870 3922 1172 3991 posteriore
1210 3922 1324 3975 loeo
1366 3920 1483 3973 PA
1519 3919 1579 3973 in
1618 3920 1928 3989 porotheca.
1955 3919 2013 3973 Β
2047 3919 2108 3975 in
2146 3919 2486 3989 oporothece
2521 3936 2553 3972 v

405 4020 460 4068 10
484 4013 554 4067 in
581 4010 794 4066 tabulis
820 4013 885 4065 ut
910 4028 1076 4080 opere
1099 4009 1281 4063 PAB
1308 4007 1369 4063 in
1396 4009 1625 4063 tubulos
1653 4009 1719 4062 ut
1738 4025 1903 4079 opere
1921 4026 1953 4063 v
2056 4015 2120 4063 12
2152 4005 2383 4062 sarculis
2402 4008 2458 4062 A

290 4104 484 4159 cotonea
538 4101 801 4157 struthea.
845 4099 961 4153 ΡΒ
1009 4100 1282 4153 coctonea
1326 4098 1616 4154 structhea
1654 4098 1712 4154 A
1758 4097 1981 4153 cotonia
2026 4098 2239 4152 strutea
2273 4114 2306 4150 v
2490 4102 2554 4149 13

291 4187 455 4247 iunctis
497 4189 689 4246 VAB
738 4187 958 4242 iunctas
998 4188 1293 4244 Iucwndus
1325 4230 1337 4242 .
1361 4187 1606 4242 ‘Veteres
1643 4188 1776 4242 libri
1810 4185 2029 4241 Vinctis
2059 4207 2072 4239 ε
2106 4186 2346 4255 Quidam
2384 4202 2553 4238 emen·

291 4280 459 4336 danmt
490 4278 755 4336 Iunctas'
794 4275 1068 4332 Victorius
1214 4282 1280 4330 14
1318 4276 1487 4331 sorba.
1523 4275 1754 4345 quidam
1789 4292 1822 4330 v
1863 4275 2030 4330 sorba
2066 4274 2341 4342 quaedam
2374 4272 2555 4327 PAB

374 4370 606 4427 dissecta.
642 4366 765 4421 ΡΒ
800 4366 1015 4421 disecta
1040 4366 1139 4422 Av
1252 4372 1317 4420 15
1355 4366 1414 4420 et
1451 4365 1618 4420 sorba
1643 4383 1678 4420 v
1718 4366 1775 4419 et
1809 4380 1973 4420 sorua
1999 4362 2178 4417 PAB
2291 4368 2357 4416 16
2393 4362 2554 4431 iugu-

293 4456 438 4514 landis
465 4458 589 4516 PA
627 4454 916 4526 iuglandis
943 4456 999 4509 Β
1033 4454 1330 4525 iuglandes
1366 4472 1398 4510 v
1545 4471 1716 4510 arena
1751 4459 1979 4523 utroque
2017 4454 2130 4507 loco
2158 4451 2214 4504 Β
2371 4456 2435 4504 18
2474 4451 2555 4504 in-

293 4550 489 4623 matura]
539 4547 856 4603 immatura
903 4544 1082 4599 VAB
