3178 5185
591 406 722 471 304
1577 406 1948 461 VARRONIS

451 571 577 632 XVI
774 572 1018 653 Appius,
1055 571 1242 650 Igitur
1280 572 1656 651 relinquitur,
1703 574 1916 654 inquit,
1963 573 2035 633 de
2075 574 2342 652 pastione
2381 573 2634 633 villatica
2673 575 2888 633 tertius

591 689 758 740 actus
806 680 878 741 de
927 681 1191 758 piscinis
1285 679 1439 750 Quid
1488 682 1746 741 tertius?
1794 683 1990 760 inquit
2037 681 2237 742 Axius,
2330 699 2404 741 an
2452 683 2590 760 quia
2638 688 2704 741 tu
2755 679 2886 740 soli·

590 795 686 847 tus
735 806 799 847 es
847 789 907 846 in
955 786 1357 847 adulescentia
1405 796 1505 848 tua
1554 788 1718 849 domi
1765 788 2022 849 mulsum
2070 807 2189 849 non
2227 788 2433 849 bibere
2471 796 2719 867 propter
2758 807 2885 867 par·

590 896 927 974 simoniam,
984 912 1092 954 nos
1149 894 1264 954 mel
1324 893 1746 973 neclegemus‘?
1794 896 2017 975 Appius
2065 894 2265 977 nobiS‚
2323 895 2541 955 Verum
2589 896 2752 975 dicit,
2801 897 2885 955 in-

531 1008 567 1063 2
593 1004 738 1081 quit.
830 1020 963 1061 nam
1004 1020 1138 1061 cum
1178 1020 1404 1080 pauper
1443 1022 1577 1063 cum
1617 1002 1850 1063 duobus
1889 1001 2173 1063 fratribus
2211 1011 2270 1062 et
2307 1002 2538 1064 duabus
2578 1001 2887 1063 sororibus
2935 1023 2958 1061 5

589 1128 781 1169 essem
840 1109 1113 1188 relictuS,
1171 1127 1423 1187 quarum
1480 1110 1724 1170 alteram
1783 1112 1910 1170 sine
1968 1110 2104 1170 dote
2154 1109 2290 1170 dedi
2339 1110 2615 1191 Lucu110,
2675 1129 2707 1169 a
2766 1129 2884 1189 quo

588 1215 914 1276 hereditate
956 1234 1050 1275 me
1100 1234 1266 1275 cessa
1312 1219 1573 1295 primum
1614 1226 1673 1278 et
1712 1219 1941 1296 primus
1978 1217 2235 1277 mulsum
2275 1217 2437 1277 domi
2474 1236 2637 1277 meae
2678 1216 2885 1276 bibere

589 1326 758 1403 coepi
814 1326 970 1403 ipse,
1027 1342 1162 1383 cum
1219 1326 1446 1385 interea
1503 1325 1687 1385 nihilo
1744 1327 1942 1385 minus
1999 1343 2186 1403 paene
2243 1323 2459 1385 cotidie
2508 1326 2569 1383 in
2617 1325 2883 1383 convivio

528 1430 862 1494 3omnibus
919 1430 1121 1490 darem
1178 1430 1454 1492 mulsum.
1548 1440 1855 1511 praeterea
1902 1450 2101 1492 meum
2160 1439 2313 1511 erat,
2370 1449 2488 1490 non
2536 1438 2733 1510 tuum,
2785 1447 2883 1489 eas

588 1541 822 1599 novisse
897 1539 1194 1619 volucreS,
1269 1539 1488 1618 quibus
1561 1540 1904 1619 plurimum.
1953 1549 2164 1601 natura
2228 1541 2432 1618 ingeni
2495 1547 2672 1617 atque
2738 1539 2884 1597 artis
2913 1559 2957 1597 10

588 1645 815 1706 tribuit.
908 1647 1109 1725 itaque
1168 1665 1266 1706 eas
1321 1647 1534 1707 melius
1591 1667 1686 1707 me
1742 1667 1916 1708 nosse
1976 1666 2150 1727 quam
2209 1655 2268 1708 te
2323 1655 2391 1707 ut
2439 1648 2617 1727 sciaS‚
2675 1645 2748 1705 de
2796 1647 2883 1704 in·

588 1753 858 1813 credibili
914 1772 1117 1814 earum
1176 1762 1302 1813 arte
1363 1754 1616 1815 naturali
1672 1754 1824 1842 audi.
1917 1755 2168 1835 Merula,
2216 1765 2282 1817 ut
2329 1763 2527 1815 cetera
2575 1754 2720 1813 fecit
2762 1752 2882 1811 his-

587 1863 825 1941 toricOS‚
866 1880 1015 1940 quae
1056 1863 1227 1940 sequi
1266 1861 1643 1940 melitturgoe
1679 1861 1920 1922 soleant·
1938 1861 2023 1940 [id
2055 1871 2145 1923 est
2174 1863 2278 1941 qui
2307 1868 2546 1921 exercet
2576 1857 2884 1939 mellaria]‚

587 1968 1031 2029 demonstrabit.
1651 1957 1657 1962 ’
1936 1947 2172 1987 ’,μ’

524 2083 565 2138 4
763 2074 1028 2136 Primum
1075 2095 1215 2156 apes
1263 2084 1592 2136 nascuntur
1637 2076 1854 2154 partim
1902 2094 1974 2135 ex
2013 2074 2242 2156 apibuS‚
2287 2077 2503 2154 partim
2545 2093 2617 2134 ex
2655 2072 2879 2133 bubulo
2909 2093 2953 2131 15

587 2201 836 2262 corpore
876 2185 1227 2262 putrefacto,
1319 2187 1520 2263 itaque
1559 2183 1884 2244 Archelaus
1922 2186 1982 2243 in
2023 2186 2443 2263 epigrammate
2483 2183 2564 2241 ait
2602 2199 2702 2241 eas
2749 2197 2880 2240 esse

1068 2285 1230 2370 βοὸς
1275 2286 1613 2371 φθιμένης
1656 2285 2127 2371 πεπλανημένα
2171 2286 2399 2369 τέκνα,

584 2535 887 2587 mendosior
934 2550 1039 2588 esse
1087 2535 1394 2600 consueuit,
1453 2534 1664 2601 Quibus
1711 2534 1767 2588 in
1816 2532 2065 2589 tenebris
2113 2532 2427 2588 oliuulatim
2474 2531 2724 2602 positum
2772 2533 2878 2584 etc.

594 2624 923 2693 Quanquam
951 2624 1206 2694 hylarim,
1226 2641 1386 2693 posse
1405 2642 1513 2692 pro
1542 2626 1868 2691 cliuulatim,
1901 2626 2020 2694 leyi,
2048 2641 2221 2693 supra
2245 2625 2337 2678 ille
2356 2625 2678 2678 adnotatum
2698 2621 2874 2675 habct’

595 2713 873 2767 Victorius
1017 2713 1193 2768 doleis
1230 2715 1353 2769 AB
1394 2714 1558 2768 doliis
1608 2714 1661 2766 V

765 2808 793 2855 1
860 2801 1044 2870 inquit
1097 2803 1150 2855 B
1163 2820 1193 2857 v
1259 2802 1455 2870 inquid
1512 2803 1627 2856 PA
1807 2804 2012 2858 tercius
2058 2804 2250 2873 priore
2304 2804 2417 2857 loco
2466 2802 2522 2856 A
2703 2807 2734 2854 2
2798 2799 2878 2852 in·

584 2892 707 2962 quit
751 2892 860 2946 VB
915 2892 1114 2961 inquid
1160 2893 1216 2947 A
1397 2891 1595 2947 solitus
1653 2893 1735 2964 es]
1798 2892 2030 2946 solitues
2077 2893 2133 2947 A
2313 2898 2344 2944 3
2397 2888 2781 2944 adulescentia
2823 2888 2878 2941 A

583 2982 962 3035 adolescentia
1029 2982 1138 3034 VB
1316 2988 1351 3034 4
1416 2981 1759 3051 neclegimus
1816 2982 1994 3034 PAB
2047 2981 2386 3051 negligimus
2440 2997 2470 3033 v
2528 2977 2875 3049 negligemus

585 3072 878 3125 Iucundas
1021 3069 1206 3137 inquit
1262 3071 1374 3124 VB
1423 3071 1618 3139 inquid
1666 3072 1722 3126 A
1867 3078 1897 3124 6
1949 3072 2207 3138 quarum]
2256 3087 2448 3124 earum
2494 3069 2738 3138 Scaliyer

582 3212 791 3267 lucullo
841 3213 893 3266 V
925 3211 1112 3267 luculo
1152 3214 1205 3267 A
1243 3173 1436 3267 1u0¹1²110
1474 3215 1530 3267 B
1713 3221 1741 3268 τ
1786 3212 2137 3267 haereditate
2186 3212 2239 3265 V
2413 3218 2444 3265 s
2484 3211 2608 3281 cepi
2646 3211 2701 3263 A

532 3293 539 3298 Χ
581 3303 791 3356 interra
829 3302 1037 3356 nichilo
1075 3303 1128 3355 A
1238 3319 1380 3372 pene
1431 3301 1483 3354 V
1587 3309 1618 3356 9
1659 3303 1848 3356 darem
1900 3304 2009 3356 VA
2050 3303 2180 3356 dare
2220 3302 2337 3356 Bm
2375 3301 2604 3355 daretur
2643 3302 2876 3355 Ursinus

694 3398 759 3445 10
788 3391 999 3460 ingenii
1035 3391 1210 3445 VAB
1321 3393 1488 3459 atque
1518 3391 1613 3446 Bv
1652 3393 1835 3460 adque
1865 3393 1978 3445 PA
2091 3398 2152 3444 11
2185 3389 2383 3444 tribuit
2408 3390 2520 3445 VB
2546 3389 2877 3445 intribuitA

584 3479 911 3534 attribuitm
991 3481 1282 3535 nosseAB
1316 3482 1591 3535 Victorius
1609 3499 1773 3535 nosce
1797 3481 1848 3533 V
1928 3487 1991 3535 12
2014 3497 2203 3534 earum
2224 3480 2426 3534 artium
2444 3480 2690 3533 naturali
2708 3478 2876 3531 PAB

583 3585 774 3623 earum
830 3570 1016 3624 auium
1076 3574 1274 3624 natura
1328 3588 1360 3624 v
1505 3573 1729 3625 caetera
1795 3572 1846 3622 V
1987 3570 2284 3623 historicos
2342 3569 2455 3621 PB
2510 3568 2764 3622 istoricos
2822 3567 2872 3620 A

581 3657 828 3727 hyliscus
850 3676 880 3712 v
985 3665 1049 3712 13
1080 3656 1439 3726 melitiani-geo
1470 3665 1531 3712 ut
1557 3661 1773 3713 videtur
1801 3677 1937 3713 corr.
1968 3658 2300 3726 meliturgeo
2321 3658 2374 3710 A
2402 3657 2736 3726 meliturgeo
2762 3657 2875 3710 PB

583 3746 893 3816 melitturgi
941 3747 1217 3801 Victorius
1268 3747 1556 3816 meliturgi
1592 3765 1624 3801 v
1768 3747 1827 3801 id
1866 3751 1950 3802 est
1988 3746 2082 3816 qui
2132 3747 2352 3801 exercet
2397 3746 2655 3799 mellaria
2700 3741 2875 3800 omisit

584 3837 878 3891 Iracundus
907 3880 916 3891 .
948 3836 1007 3888 id
1047 3838 1130 3889 est
1167 3854 1264 3889 om.
1305 3838 1357 3889 A
1481 3841 1547 3889 14
1577 3837 1998 3891 demonstrabit.
2065 3837 2146 3890 De
2175 3836 2390 3905 apibus.
2456 3836 2698 3905 primum
2728 3852 2873 3905 apae,

580 3927 673 3980 sed
711 3927 793 3979 De
831 3925 1030 3995 apibus
1069 3926 1132 3978 irc
1168 3926 1346 3979 media
1381 3941 1567 3979 versus
1595 3931 1759 3994 parte
1794 3927 2022 3980 rubrica
2059 3927 2324 3993 scriptum
2359 3925 2415 3979 A

763 4022 828 4069 16
880 4014 1223 4084 epigramate
1274 4016 1329 4067 A
1511 4029 1605 4068 eas
1672 4015 1817 4086 esse]
1880 4032 1947 4069 ea
2002 4032 2121 4069 sese
2177 4014 2231 4067 A
2416 4020 2479 4067 17
2539 4014 2674 4068 boos
2730 4012 2873 4084 pthi-

579 4120 771 4156 menes
846 4103 998 4171 (boes
1071 4101 1386 4171 phtimenes
1462 4104 1538 4171 B)
1627 4103 1923 4171 pepianem
2007 4103 2161 4156 mina
2247 4104 2420 4172 tegna.
2493 4103 2671 4157 PAR
2748 4099 2874 4175 βοὸς

582 4190 939 4261 φθινομένης
1001 4190 1359 4259 πεποιήμενα
1424 4210 1595 4244 τεκνα
1650 4209 1708 4257 υ,
1770 4193 1869 4245 ubi
1923 4192 1969 4245 e'
2028 4188 2316 4260 φθιμένης
2368 4193 2756 4261 superscripsit
2809 4192 2869 4245 P.

573 4276 742 4342 Βοὸς
815 4278 1100 4350 φθιμένης
1171 4277 1530 4348 πεποιημένα
1604 4277 1793 4333 τέκνα.
1906 4279 2042 4334 Cum
2114 4281 2244 4334 aliis
2307 4281 2557 4334 omnibus
2619 4282 2684 4334 in
2748 4282 2874 4334 locis

582 4370 776 4424 litteris
824 4370 1049 4424 Graecis
1097 4370 1339 4424 Graecae
1393 4386 1550 4423 uoces
1606 4371 1668 4423 in
1724 4371 1923 4437 optimo
1971 4371 2269 4439 exemplari
2315 4372 2551 4439 scriptae
2595 4372 2735 4437 sint,
2789 4372 2874 4424 hic

580 4465 795 4514 tantum
850 4460 1072 4512 Latinis
1109 4480 1126 4511 :
1163 4475 1334 4527 quare
1387 4460 1562 4528 mayis
1620 4459 1889 4513 laboraai.
1989 4460 2228 4515 Tertiam
2282 4462 2571 4515 dictionem
2625 4461 2872 4514 mendum

580 4550 852 4603 continere
910 4554 1046 4617 puto
1075 4569 1091 4600 .·
1119 4564 1233 4602 non
1294 4549 1435 4602 enim
1509 4549 1764 4603 conuenit
1828 4550 1916 4601 illi
1978 4565 2099 4603 cum
2154 4551 2384 4604 uetustis
2438 4550 2713 4617 uestiyiis,
2779 4565 2872 4604 nec
