3178 5185
565 400 696 463 230
1258 405 1639 460 COMMENT.
1681 407 1758 458 IN
1796 405 2171 459 VARRONIS

748 562 832 623 Ut
880 564 1252 640 sexaginta
1283 559 1477 620 milia
1509 577 1583 619 ea
1615 578 1780 639 pars
1810 559 2224 620 reddiderit
2252 579 2331 619 eo
2371 578 2552 619 anno
2596 559 2853 636 uillae]

567 672 661 729 Ea
702 689 856 746 pars
904 673 1081 730 villae
1119 670 1465 729 reddiderit
1501 685 1570 728 eo
1619 684 1780 726 anno
1828 665 2146 727 IucunduS.
2222 665 2491 725 ordinem
2540 666 2857 726 verborum

567 777 672 855 qui
720 776 831 835 suit
882 777 939 834 in
989 773 1309 854 archetypo
1358 771 1655 833 Victorius
1703 775 1982 833 restituit.

746 878 827 941 16
896 879 1029 941 Sed
1087 881 1165 941 ad
1226 880 1421 940 hunc
1478 878 1717 940 bolum
1775 879 2200 959 peruenias]
2268 881 2393 941 Sed
2444 889 2511 940 ut
2569 883 2655 940 ad
2697 883 2861 941 hunc

564 990 759 1048 bolum
772 989 1099 1062 pervenias
1120 1005 1188 1046 ex
1214 985 1417 1046 Aldina
1440 985 1699 1046 editione
1722 993 2030 1065 receptum
2053 994 2197 1068 erat,
2227 990 2337 1047 sea’
2364 990 2632 1047 adhunc
2662 988 2858 1047 bolum

567 1101 630 1154 ut
670 1096 996 1169 pervenias
1034 1091 1417 1153 Zahlfeldtius
1466 1100 1692 1172 quaest.
1732 1095 1863 1152 crit.
1904 1095 1961 1155 in
2002 1091 2163 1151 Varr.
2205 1111 2320 1153 rer.
2354 1102 2500 1153 rust.
2533 1092 2665 1154 libr.
2703 1113 2760 1173 p.
2798 1090 2858 1155 9.

745 1198 972 1259 Cenae
1031 1218 1211 1279 quae
1272 1210 1440 1260 tunc
1486 1198 2057 1260 innumerabiles
2096 1200 2709 1261 excandel‘aciunt
2746 1219 2861 1260 an·

570 1325 820 1369 nonam
868 1307 1155 1367 macelli
1203 1307 1513 1386 reliquis
1571 1308 1779 1367 annis
1827 1306 2160 1367 omnibus
2208 1314 2277 1367 et
2316 1307 2494 1366 hanc
2533 1316 2864 1386 expecta-

566 1414 680 1474 bis
719 1431 1052 1473 summam
1091 1431 1302 1491 spero
1344 1432 1483 1473 non
1523 1413 1659 1474 tibi
1698 1413 2059 1493 decoquet
2089 1432 2229 1473 non
2259 1413 2600 1473 ornithon
2638 1432 2863 1492 neque

568 1520 698 1579 boc
746 1519 1029 1580 accedit
1074 1518 1186 1579 his
1236 1519 1554 1580 moribus
1605 1522 1747 1580 nisi
1805 1538 1968 1580 raro
2018 1527 2092 1579 ut
2152 1519 2551 1598 decipiaris
2600 1530 2864 1599 quotus

569 1629 873 1705 quisque
942 1628 1130 1686 enim
1199 1634 1309 1686 est
1374 1644 1600 1686 annus
1668 1646 1802 1705 quo
1869 1645 2007 1687 non
2076 1626 2331 1687 uideas
2397 1627 2685 1707 epulum
2753 1638 2867 1688 aut

569 1733 1014 1812 triumphum
1062 1741 1185 1793 aut
1234 1731 1541 1811 collegia
1593 1753 1725 1793 non
1775 1734 2059 1814 epulari
2099 1753 2276 1813 quae
2319 1752 2505 1795 nunc
2544 1736 2867 1796 innume-

569 1840 840 1905 rabiles
896 1838 1299 1899 incendunt
1346 1838 1730 1918 annonam]
1797 1842 1968 1913 Quae
2028 1848 2173 1902 tunc
2229 1843 2430 1920 priore
2487 1841 2648 1924 loco,
2716 1861 2870 1917 quae

570 1966 735 2008 nunc
783 1947 1114 2025 posteriore
1164 1963 1397 2006 omnes:
1447 1953 1592 2007 tunc
1641 1947 1972 2024 posteriore
2015 1946 2145 2007 loco
2184 1947 2513 2008 Politianus
2552 1948 2870 2025 adnotavit,

578 2053 680 2114 sed
732 2071 852 2112 non
902 2071 970 2112 ex
1011 2052 1306 2112 Marciano
1352 2052 1574 2133 codice,
1624 2055 1779 2113 sicut
1817 2052 2120 2113 Gesnerus
2158 2053 2454 2113 indicavit.
2529 2073 2692 2128 quae
2730 2061 2871 2115 tunc

574 2160 1045 2220 innumerabiles
1100 2158 1699 2234 excandefaciebant
1760 2158 2061 2220 Iucundus
2131 2169 2192 2220 et
2246 2169 2381 2240 post
2437 2159 2600 2220 hunc
2659 2161 2871 2239 reliqui

574 2267 851 2327 editores.
939 2284 1015 2325 ne
1081 2268 1414 2342 decipiaris
1479 2266 1636 2326 idem
1698 2265 2016 2327 IucunduS.
2100 2270 2371 2329 omnibus
2436 2271 2493 2327 si
2544 2270 2713 2329 hanc
2769 2287 2869 2329 esc-

565 2376 842 2452 pectabis
905 2371 1202 2450 Angelius.
1303 2377 1555 2448 reliquis
1621 2376 1799 2433 annis
1863 2374 2161 2449 omnibus,
2226 2378 2283 2434 si
2342 2377 2504 2435 hanc
2568 2378 2872 2451 spectabis

570 2498 877 2554 summam,
936 2492 1113 2555 spero
1162 2480 1275 2538 tibi
1319 2498 1436 2540 non
1496 2482 1790 2555 decoquet
1835 2483 2145 2557 ornithon,
2203 2499 2396 2556 neque
2450 2485 2567 2543 hoc
2625 2485 2874 2543 accidat

571 2591 664 2648 his
711 2588 996 2660 moribus,
1044 2588 1165 2647 nisi
1208 2606 1378 2662 raro,
1428 2607 1504 2648 ne
1551 2590 1887 2665 decipiaris
1938 2596 1997 2648 et
2044 2587 2255 2649 deinde
2303 2608 2468 2650 nunc
2517 2592 2869 2652 innumera-

573 2697 720 2754 bilia
750 2695 1084 2754 incendunt
1111 2692 1379 2754 Ursinus,
1449 2698 1702 2769 reliquis
1732 2698 1909 2755 annis
1938 2698 2210 2756 omnibus
2240 2703 2299 2757 et
2325 2699 2486 2758 hanc
2516 2700 2871 2773 expectabis

571 2818 862 2861 summam
888 2818 1069 2877 spero
1097 2819 1217 2862 non
1246 2805 1359 2862 tibi
1394 2806 1689 2877 decoquet
1716 2820 1835 2863 non
1869 2806 2169 2864 ornithon.
2244 2822 2439 2878 neque
2474 2807 2592 2866 hoc
2644 2808 2872 2866 accidit

572 2911 667 2968 his
722 2910 995 2968 moribus
1050 2911 1172 2968 nisi
1224 2926 1376 2969 raro
1432 2916 1500 2969 ut
1554 2911 1887 2985 decipiaris
1926 2927 2053 2988 sqq.
2116 2909 2273 2970 edita
2328 2909 2467 2970 inde
2525 2929 2557 2971 a
2604 2910 2866 2972 Victorio

576 3013 949 3095 exemplaria,
988 3013 1090 3074 ubi
1137 3013 1438 3075 Gesnerus
1487 3024 1547 3074 et
1596 3014 1997 3076 Schneiderus
2045 3034 2164 3077 non
2203 3025 2263 3077 et
2299 3025 2436 3096 post
2475 3020 2776 3094 decoquet
2811 3027 2867 3080 et

578 3131 710 3202 post
758 3124 1016 3195 colleqia
1063 3120 1454 3180 incluserunt.
1529 3124 1784 3196 reliquis
1832 3125 2010 3182 annis
2056 3125 2345 3196 omnibus,
2405 3127 2509 3198 ait,
2558 3127 2726 3186 hanc
2773 3144 2870 3186 ecc·

570 3230 851 3305 pectabis
916 3244 1205 3286 summam
1272 3235 1331 3287 et
1391 3227 1612 3287 deinde
1679 3231 1922 3289 accidet
1985 3231 2240 3289 coniecit
2293 3228 2628 3310 Nettleship
2687 3231 2872 3292 annal.

574 3333 772 3413 philol.
804 3332 1075 3393 Cantabr.
1107 3351 1155 3393 a.
1192 3330 1359 3394 1877
1393 3352 1447 3411 p.
1483 3329 1628 3394 175.
1706 3336 1978 3394 restituta
2028 3333 2334 3413 archetypi
2377 3337 2674 3414 scriptura
2714 3336 2873 3397 Zahl-

579 3440 817 3501 l‘eldtius
856 3442 1181 3500 orationem
1222 3441 1301 3500 ita
1347 3440 1753 3519 conformavit,
1796 3447 1861 3500 ut
1899 3458 2232 3499 sermonem
2274 3439 2557 3502 Varronis
2604 3452 2742 3522 post
2788 3447 2871 3504 in·

580 3549 986 3608 numerabiles
1032 3546 1255 3606 finitam
1304 3547 1608 3624 exciperet
1654 3546 1895 3629 Merula,
1943 3548 2042 3607 cui
2088 3548 2313 3625 primae
2360 3555 2561 3626 partes
2610 3549 2869 3629 disputa·

573 3655 752 3716 tionis
810 3672 988 3733 supra
1047 3652 1348 3713 mandatae
1407 3660 1604 3735 erant,
1660 3654 1835 3731 eique
1893 3652 2120 3731 reliqua
2178 3651 2625 3738 tribuerentur,
2685 3675 2869 3718 cenae

576 3779 733 3838 quae
798 3769 942 3820 tunc
1009 3762 1493 3820 innumerabiles
1597 3752 1880 3842 (Merula)
1950 3757 2498 3833 Excandefaciunt
2565 3780 2868 3824 annonam

576 3870 818 3929 macelli
878 3869 1128 3941 reliquis
1193 3870 1371 3927 annis
1437 3868 1712 3927 omnibus
1777 3873 1837 3928 et
1898 3869 2061 3926 hanc
2119 3869 2500 3942 exspectabis
2561 3871 2868 3930 summam.

575 3993 752 4052 spero
799 3992 919 4035 non
976 3976 1105 4034 tibi·
1140 3975 1434 4048 decoquet
1489 3991 1654 4034 nunc
1711 3976 1992 4034 ornithon
2053 3990 2247 4047 neque
2305 3974 2421 4033 hoc
2484 3978 2731 4037 accidet
2782 3980 2869 4060 his

579 4083 843 4143 moribus
881 4083 1003 4141 nisi
1036 4098 1186 4141 raro
1225 4087 1291 4140 ut
1329 4083 1664 4157 decipiaris
1694 4099 1819 4159 sqq.
1894 4081 1955 4139 in
1996 4079 2213 4158 quibus
2254 4098 2444 4159 neque
2482 4099 2682 4142 sermo
2714 4085 2869 4143 inter

578 4189 901 4249 Varronem
962 4197 1023 4247 et
1068 4186 1351 4247 Merulam
1401 4188 1656 4267 divisuS,
1704 4189 1808 4266 qui
1856 4190 1960 4248 uni
2007 4186 2257 4247 Varroni
2304 4187 2575 4268 debetur,
2633 4188 2868 4268 probari

580 4303 799 4375 potest,
867 4312 1060 4372 neque
1126 4296 1252 4372 ipsa
1310 4294 1680 4373 verba-apte
1747 4294 2095 4373 procedunt.
2178 4296 2377 4372 itaque
2436 4296 2697 4372 primum
2758 4313 2861 4374 pro

585 4409 733 4462 tunc
782 4402 994 4479 scripsi
1041 4419 1221 4475 nunc,
1271 4399 1427 4480 quod
1475 4401 1629 4460 inira
1677 4402 1736 4460 in
1785 4399 2103 4479 archetypo
2144 4401 2430 4478 scriptum
2472 4407 2617 4480 erat,
2662 4401 2865 4462 deinde

587 4515 647 4569 et
695 4515 828 4566 ante
878 4524 1052 4585 spero
1102 4506 1315 4587 addidi,
1362 4525 1480 4567 non
1528 4514 1665 4585 post
1711 4510 2005 4582 decoquet
2048 4508 2247 4585 inepte
2295 4508 2615 4585 repetitum
2670 4507 2867 4587 delevi,
