3178 5185
804 431 1059 485 RERVM
1097 428 1573 497 RVSTICARVM
1613 428 1745 483 LIB.
1785 429 1861 483 III
1904 424 1939 477 5
2397 424 2517 489 281

282 599 468 660 mutuli
507 599 689 660 crebri
737 602 797 659 in
847 598 1119 659 omnibus
1167 598 1457 659 columnis
1503 599 1764 677 inpositi,
1812 596 2014 657 sedilia
2063 597 2274 656 avium.
2361 595 2516 654 intra
2541 596 2621 653 14

280 715 442 766 retem
486 725 616 768 aues
658 716 804 768 sunt
851 708 1228 785 omnigenuS,
1284 706 1535 764 maxime
1583 706 1905 784 cantriceS,
1952 711 2020 763 ut
2065 699 2409 762 lusciniolae
2459 718 2526 760 ac

279 813 518 894 merulae,
560 814 777 893 quihus
822 832 974 893 aqua
1021 815 1393 873 ministratur
1440 830 1549 891 per
1597 811 2009 890 canaliculum,
2056 809 2229 869 cibus
2266 806 2526 866 obicitur

277 919 372 978 sub
406 929 588 982 retem.
651 920 859 982 subter
898 920 1307 981 columnarum
1348 919 1677 999 stylobaten
1718 926 1810 978 est
1847 917 1995 996 lapis
2034 935 2064 975 a
2104 915 2282 975 falere
2313 913 2524 991 pedem

233 1033 324 1085 5et
372 1025 691 1087 dodrantem
750 1026 890 1087 alta:
946 1029 1142 1105 ipsum
1201 1025 1378 1086 l'alere
1436 1025 1506 1085 ad
1565 1025 1683 1085 duo
1740 1024 1922 1103 pedes
1978 1022 2161 1083 altum
2219 1041 2251 1081 a
2299 1029 2524 1100 stagno,

273 1131 430 1191 latum
469 1134 532 1213 ad
582 1135 873 1213 quinque,
934 1141 998 1193 ut
1044 1134 1105 1193 in
1152 1132 1401 1193 culcitas
1447 1141 1509 1192 et
1556 1130 1900 1192 columellas
1949 1132 2224 1191 convivae
2275 1126 2524 1207 pedibus

272 1241 547 1299 circumire
593 1242 842 1318 possint.
925 1240 1129 1300 infimo
1178 1242 1333 1299 intra
1381 1239 1562 1299 falere
1611 1248 1701 1299 est
1750 1247 2027 1317 stagnum
2074 1255 2210 1298 cum
2259 1235 2522 1312 margine

269 1344 437 1422 pedali
484 1354 541 1405 et
594 1345 786 1406 insula
845 1348 903 1405 in
961 1348 1155 1406 medio
1213 1364 1407 1425 parva.
1500 1347 1728 1405 circum
1779 1344 1957 1405 falere
2006 1352 2067 1404 et
2112 1342 2333 1405 navalia
2383 1348 2523 1401 sunt

269 1461 504 1513 excavata
560 1455 820 1513 anatium
868 1453 1112 1514 stabula.
1207 1456 1265 1513 in
1315 1453 1505 1513 insula
1554 1461 1645 1512 est
1692 1451 2026 1534 columella,
2079 1453 2141 1512 in
2190 1470 2304 1529 qua
2351 1452 2512 1509 intus
2539 1450 2615 1507 15

213 1571 251 1609 10
271 1559 392 1638 axiS,
436 1562 527 1638 qni
572 1579 679 1638 pro
719 1580 923 1622 mensa
962 1563 1219 1622 sustinet
1256 1570 1445 1621 rotam
1487 1560 1789 1641 radiatam,
1837 1561 1916 1619 ita
1959 1567 2024 1620 ιιι
2060 1559 2129 1619 ad
2173 1567 2522 1637 extremum,

271 1664 355 1724 ubi
395 1667 563 1727 orbile
612 1654 763 1729 solet
811 1687 941 1729 esse
989 1671 1280 1749 acuitum,
1340 1667 1537 1728 tabula
1586 1675 1784 1727 cavata
1834 1667 1912 1727 sit
1958 1676 2024 1727 ut
2071 1675 2412 1746 tympanum
2460 1667 2521 1724 in

269 1771 597 1833 latitudinem
668 1775 786 1835 duo
850 1774 1033 1853 pedes
1099 1784 1158 1835 et
1224 1773 1613 1854 semipedem,
1679 1776 1740 1833 in
1807 1773 2180 1835 altitudinem
2244 1773 2521 1851 palmum.

269 1878 389 1939 haec
440 1880 504 1940 ab
558 1900 675 1941 uno
733 1900 949 1961 puero,
1018 1882 1121 1960 qui
1178 1882 1499 1962 ministrat,
1556 1882 1637 1940 ita
1697 1883 1974 1961 vertitur,
2031 1889 2098 1941 ut
2153 1881 2348 1939 omnia
2406 1897 2520 1940 una

269 1998 526 2063 ponantur
589 1997 648 2048 et
714 1990 784 2049 ad
853 1989 1172 2049 hibendum
1242 1997 1301 2047 et
1364 1988 1435 2047 ad
1503 1987 1796 2048 edendum
1855 1997 1914 2048 et
1969 1988 2392 2048 admoveantur
2449 1986 2518 2046 ad

212 2102 247 2141 15
268 2110 443 2154 omnes
493 2098 781 2156 convivas,
874 2114 945 2156 ex
1003 2103 1281 2174 suggesto
1331 2094 1557 2175 faleris,
1616 2094 1720 2154 ubi
1768 2094 1960 2154 solent
2007 2112 2137 2154 esse
2185 2096 2613 2173 peripetas-16

270 2209 412 2280 mata,
454 2204 742 2280 prodeunt
788 2212 991 2264 anates
1037 2206 1098 2264 in
1147 2211 1421 2281 stagnum
1469 2221 1536 2262 ac
1586 2210 1746 2283 nant,
1793 2221 1825 2262 e
1874 2220 1991 2281 quo
2041 2204 2202 2262 rivus
2248 2201 2520 2279 pervenit

269 2307 317 2364 in
357 2307 502 2389 duaS,
547 2330 694 2390 quas
737 2313 877 2393 dixi,
907 2292 1198 2391 piscinas,
1245 2329 1312 2370 ac
1353 2310 1625 2389 pisciculi
1665 2310 1821 2370 ultro
1861 2329 1928 2370 ac
1969 2311 2122 2369 citro
2161 2316 2518 2388 conmetant,

270 2430 380 2473 cum
431 2425 484 2476 et
535 2436 685 2496 aqua
743 2417 930 2478 calida
986 2427 1045 2477 et
1101 2416 1313 2495 frigida
1371 2436 1442 2477 ex
1498 2416 1628 2476 orbi
1693 2417 1885 2495 ligneo
1935 2433 2284 2496 mensaque,
2343 2432 2519 2494 quam

271 2519 368 2580 dixi
424 2525 480 2583 in
543 2526 750 2605 primis
807 2525 988 2587 radiis
1049 2543 1207 2606 esse,
1272 2525 1549 2604 epitoniis
1607 2525 1795 2584 versis
1852 2524 1922 2584 ad
1981 2541 2166 2583 unum
2224 2540 2518 2603 quemque

212 2613 453 2690 ²0sactum
496 2635 570 2692 sit
618 2640 682 2693 ut
729 2633 873 2693 fluat
919 2635 1240 2693 convivam.
1305 2634 1669 2693 intrincesus
1718 2633 1829 2693 sub
1876 2632 2037 2692 tholo
2085 2630 2251 2692 stella
2300 2630 2510 2691 lucifer
2535 2643 2613 2699 17

270 2735 507 2819 interdiu,
546 2747 726 2800 noctu
756 2739 1064 2819 hesperuS,
1102 2743 1181 2801 ita
1212 2742 1588 2800 circumeunt
1617 2740 1686 2799 ad
1719 2741 1987 2800 infimum
2016 2738 2518 2818 hemisphaerium

268 2858 321 2900 ac
352 2854 660 2926 moventur,
704 2856 770 2908 ιιι
808 2848 1090 2928 indicent,
1130 2856 1276 2927 quot
1314 2850 1434 2907 sint
1472 2847 1669 2907 horae.
1737 2849 1798 2906 in
1838 2847 2045 2906 eodem
2083 2846 2518 2925 hemisphaerio

270 2948 428 3009 medio
487 2956 711 3014 circum
777 2955 1079 3014 cardinem
1145 2963 1236 3015 est
1301 2954 1464 3015 orbis
1532 2963 1842 3015 ventorum
1907 2962 2068 3034 octo,
2142 2962 2209 3014 ut
2272 2953 2520 3014 Athenis

268 3052 317 3111 in
385 3055 701 3142 horologio,
786 3059 942 3139 quod
1027 3062 1169 3121 fecit
1251 3061 1599 3142 Cyrreste83
1682 3060 1884 3140 ibique
1968 3062 2236 3121 eminens
2319 3060 2521 3121 radius

267 3266 463 3326 teriores
497 3274 552 3328 A
660 3275 1023 3343 teathridion,
1061 3277 1154 3331 sed
1188 3277 1226 3331 h
1264 3278 1492 3332 deletum
1530 3280 1583 3331 A
1699 3283 1725 3330 1
1766 3276 1995 3346 inpositi
2022 3278 2078 3332 A
2115 3276 2367 3346 impositi
2407 3277 2521 3332 VB

353 3359 485 3415 intra
510 3366 686 3419 retem
718 3365 900 3420 PAB
927 3364 1077 3421 intra.
1104 3368 1224 3421 rete
1251 3383 1284 3422 v
1394 3372 1425 3420 2
1455 3368 1786 3437 omnigenus
1817 3367 1933 3421 PB
1961 3383 2123 3420 omne
2156 3382 2333 3435 genus
2361 3364 2519 3421 Amv

383 3453 662 3524 cantrices]
693 3454 1001 3509 contrarias
1030 3456 1086 3509 B
1138 3505 1144 3510 .
1227 3454 1556 3511 lusciniolae
1588 3456 1703 3510 VB
1734 3455 2045 3510 luscinione
2074 3454 2129 3509 A
2159 3455 2440 3511 lustulone
2468 3473 2522 3509 m

352 3542 379 3589 3
413 3539 664 3597 obiicitur
702 3542 757 3596 V
860 3550 893 3597 4
933 3544 1035 3597 sub
1071 3546 1250 3599 retem
1280 3543 1459 3598 PAB
1497 3544 1602 3599 sub
1629 3547 1748 3600 rete
1775 3562 1808 3598 v
1919 3544 2239 3614 stylobaten
2267 3546 2323 3599 B
2353 3545 2519 3613 stylo-

267 3619 422 3679 batem
455 3631 505 3683 A
541 3629 848 3686 stilobaten
897 3632 948 3684 V
1087 3639 1118 3686 5
1167 3633 1238 3686 ad
1277 3633 1387 3686 duo
1425 3633 1598 3702 pedes
1635 3633 1690 3686 B
1729 3633 1799 3686 ad
1840 3633 1979 3687 duos
2016 3633 2186 3702 pedes
2236 3633 2287 3687 V
2318 3633 2519 3702 pedem

269 3710 325 3763 ad
354 3713 448 3769 duo
480 3720 646 3789 pedes
676 3721 731 3774 A
843 3727 874 3775 6
913 3720 1206 3792 convivae]
1240 3722 1513 3777 connuuie
1543 3724 1597 3775 A
1709 3727 1738 3775 ’1
1768 3722 1957 3776 infimo
1986 3721 2045 3776 in
2073 3721 2245 3776 falere
2286 3722 2521 3777 Ursinus

334 3809 408 3931 ί8
441 3812 643 3865 nauata
679 3826 818 3865 corr.
857 3809 1086 3865 naualia
1112 3814 1168 3864 A
1317 3817 1380 3865 11
1430 3811 1633 3883 orbile]
1681 3809 1882 3865 oribile
1919 3812 1975 3866 A
2118 3810 2367 3866 acuitum
2405 3812 2521 3866 PA

269 3945 454 4001 acutum
478 3953 529 4005 B
557 3953 787 4008 acutum
814 3970 846 4007 v
875 3956 1169 4009 arcuatum
1201 3954 1472 4010 Gesnerus
1608 3960 1672 4009 13
1701 3954 1941 4010 uertitur
1981 3956 2094 4009 VB
2123 3954 2376 4009 uertatur
2401 3956 2519 4009 Am

383 4041 442 4091 15
474 4040 908 4112 peripetasmata
946 4044 1004 4097 P
1038 4043 1508 4114 perispatasmata.
1540 4044 1596 4097 A
1632 4043 2074 4114 peripetasmata
2103 4045 2161 4097 B
2193 4043 2515 4112 peristetas-

271 4120 394 4177 ¹¹1⁹·ssst
424 4142 452 4179 v
601 4137 667 4185 16
706 4148 736 4185 e
776 4150 887 4201 quo
935 4132 1045 4186 VB
1074 4150 1103 4187 e
1141 4133 1237 4201 qui
1265 4134 1320 4187 A
1472 4133 1733 4202 peruenit
1778 4133 1897 4186 AB
1941 4132 2202 4202 prouenit
2249 4132 2301 4185 V
2453 4138 2517 4187 17

271 4219 564 4274 commetant
600 4220 781 4275 PAB
820 4225 1136 4277 commeant
1176 4240 1209 4277 v
1369 4229 1432 4276 18
1472 4221 1678 4276 callida
1722 4223 1778 4276 A
1932 4221 2054 4275 orbi
2095 4222 2277 4276 PAB
2316 4222 2447 4277 orbe
2485 4241 2517 4278 v

378 4307 433 4356 19
462 4325 861 4380 ununquenque
902 4311 954 4363 V
1076 4317 1141 4365 21
1173 4310 1654 4381 hemisphaerium
1687 4312 1801 4365 PB
1830 4310 2231 4380 hemispherim
2259 4314 2315 4367 A
2342 4314 2517 4368 hemi-

273 4390 504 4449 spaerium
541 4414 572 4450 v
682 4404 749 4452 22
789 4402 929 4467 quot
966 4398 1081 4455 sint
1108 4402 1203 4455 Bv
1242 4401 1391 4469 quod
1429 4399 1543 4456 sint
1582 4402 1699 4457 PA
1808 4402 2002 4471 horae]
2042 4418 2137 4456 ore
2174 4403 2229 4455 A
2340 4403 2515 4457 hemi-

276 4473 482 4539 Sphaerio
518 4487 693 4543 PAB
731 4487 1106 4556 hemispaerio
1144 4507 1175 4543 v
1295 4496 1362 4543 23
1400 4492 1717 4559 ventorum]
1756 4490 2087 4544 uenatorum
2124 4491 2179 4544 A
2288 4499 2359 4547 24
2397 4510 2516 4548 oro-

279 4555 400 4630 logio
430 4573 480 4625 A
619 4582 903 4647 cyprestes
952 4577 1131 4632 VAB
1168 4576 1490 4647 Cyrrhestes
1532 4580 1821 4636 Turnebus
1858 4582 2064 4635 advers.
2100 4584 2194 4650 21,
2229 4585 2302 4636 23
