3178 5185
567 406 701 469 302
1156 450 1163 453 -
1554 405 1933 460 VARRONIS

564 591 841 651 magnum
901 573 1364 634 emolumentum
1419 592 1549 634 esse
1599 581 1813 651 potest.
1907 573 2036 633 Non
2084 575 2238 633 istuc
2289 581 2407 634 tam
2456 574 2704 653 simplex
2753 582 2866 656 est,

563 682 758 759 inquit
795 681 1038 761 Appius,
1089 699 1263 759 quam
1313 689 1377 741 tu
1425 688 1618 759 putas,
1667 698 1701 739 o
1741 680 1850 739 Axi
1897 688 2118 742 noster.
2185 699 2318 741 nam
2363 689 2422 741 et
2460 681 2710 741 idoneus
2751 681 2866 741 sub

564 787 661 846 dio
702 786 1026 847 sumendus
1075 786 1241 847 loeus
1285 787 1652 867 cochleariis,
1703 805 1878 865 quem
1919 788 2147 847 circum
2186 796 2375 848 totum
2416 807 2566 866 aqua
2605 788 2865 867 elaudaS,

563 912 664 973 ne,
724 913 869 973 quas
925 893 1010 954 ibi
1057 897 1331 973 posueris
1379 895 1450 954 ad
1498 902 1763 975 partum,
1822 912 1939 953 non
1989 893 2208 954 liberos
2257 914 2491 975 earum,
2550 896 2650 955 sed
2701 897 2866 975 ipsas

563 1019 828 1079 quaeras,
923 1001 1116 1081 Aqua,
1173 1003 1440 1081 inquam,
1498 1000 1817 1080 finiendae,
1878 1019 1952 1060 ne
2000 1001 2373 1080 fugitivarius
2422 1004 2500 1062 sit
2545 1002 2866 1082 parandus
2921 1017 2945 1057 5

509 1107 763 1169 2Locus
820 1110 870 1167 is
927 1107 1164 1187 melior,
1223 1127 1400 1187 quem
1448 1117 1508 1168 et
1554 1127 1674 1168 non
1722 1109 1926 1186 coquit
1973 1107 2061 1167 sol
2109 1117 2167 1169 et
2214 1111 2401 1187 tangit
2449 1129 2565 1170 ros
2660 1112 2763 1188 qui
2815 1111 2866 1169 si

561 1214 849 1274 naturalis
897 1233 1014 1274 non
1064 1223 1173 1296 est,
1220 1223 1288 1275 ut
1334 1216 1458 1276 fere
1508 1234 1626 1275 uon
1677 1223 1817 1275 sunt
1866 1217 1925 1275 in
1973 1217 2174 1295 aprico
2212 1215 2361 1295 loce,
2410 1235 2603 1296 neque
2642 1216 2866 1277 habeas

559 1323 621 1380 in
678 1340 861 1400 opaco
921 1320 1024 1380 ubi
1080 1321 1284 1401 facias,
1342 1329 1409 1381 ut
1457 1330 1597 1382 sunt
1645 1320 1756 1382 sub
1804 1321 2056 1401 rupibus
2103 1341 2170 1382 ac
2218 1322 2547 1403 montibuS,
2605 1342 2864 1402 quorum

560 1427 799 1488 adluant
865 1429 1092 1489 radices
1157 1428 1320 1489 lacus
1377 1447 1444 1488 ac
1500 1429 1691 1509 fluvii,
1763 1447 1939 1489 manu
1996 1429 2192 1489 facere
2250 1437 2485 1508 oportet
2540 1430 2865 1491 roscidum.

560 1537 665 1614 qui
702 1536 785 1614 fit,
824 1537 876 1595 si
915 1534 1230 1596 adduxeris
1269 1536 1464 1596 fistula
1504 1544 1564 1595 et
1601 1538 1663 1595 in
1703 1555 1831 1596 eam
1870 1536 2217 1596 mammillas
2255 1537 2595 1615 inposueris
2631 1546 2865 1618 tenueS,
2897 1551 2946 1589 1⁰

561 1660 710 1720 quae
771 1650 1043 1703 eructent
1102 1660 1339 1721 aquam,
1397 1644 1476 1703 ita
1525 1650 1593 1702 ut
1641 1643 1699 1701 in
1749 1641 2005 1721 aliquem
2055 1641 2310 1720 lapidem
2358 1642 2582 1703 ineidat
2630 1663 2697 1704 ae
2744 1644 2865 1706 late

506 1748 908 1828 3dissipetur.
1001 1768 1218 1828 parvus
1266 1751 1340 1809 iis
1388 1748 1558 1809 eibus
1608 1767 1759 1828 opus
1807 1757 1915 1829 est,
1962 1757 2021 1809 et
2068 1751 2120 1809 is
2168 1751 2294 1809 sine
2333 1751 2755 1830 ministratore,
2808 1760 2867 1812 et

559 1855 737 1935 hune,
787 1855 926 1916 dum
978 1859 1181 1935 serpit,
1232 1874 1346 1915 non
1398 1855 1589 1915 solum
1637 1858 1700 1915 in
1747 1874 1883 1916 area
1930 1858 2172 1935 reperit,
2219 1856 2322 1915 sed
2362 1858 2557 1936 etiam,
2605 1859 2660 1933 si
2699 1860 2866 1919 rivus

558 1981 677 2022 non
732 1962 1037 2043 prohibet,
1095 1965 1352 2041 parietes
1409 1970 1638 2023 stantes
1696 1964 1937 2022 invenit.
2031 1963 2286 2042 denique
2344 1965 2506 2042 ipsae
2564 1968 2866 2043 exgrumi-

559 2078 768 2129 nantes
816 2070 884 2130 ad
935 2069 1240 2148 propolam
1287 2072 1465 2130 vitam
1503 2069 1606 2130 diu
1647 2069 2003 2150 producunt,
2052 2088 2186 2130 eum
2227 2069 2295 2129 ad
2337 2088 2464 2130 eam
2503 2091 2633 2132 rem
2672 2091 2863 2151 pauca
2894 2084 2940 2123 1⁵

470 2213 475 2218 -
558 2177 757 2238 laurea
806 2177 942 2237 folia
990 2179 1330 2237 interieiant
1377 2186 1440 2237 et
1485 2186 1805 2255 aspergant
1850 2177 2113 2237 furfures
2160 2197 2278 2238 non
2329 2178 2561 2239 multos,
2657 2182 2861 2260 itaque
2944 2214 2952 2222 ·

502 2293 745 2348 4cocus
801 2285 907 2344 has
966 2287 1121 2344 vivas
1177 2303 1251 2343 an
1307 2292 1573 2344 mortuas
1632 2292 1871 2364 eoquat,
1926 2283 2279 2364 plerumque
2336 2287 2543 2347 nescit.
2638 2304 2862 2364 genera

558 2391 936 2452 cochlearum
992 2399 1131 2451 sunt
1187 2391 1385 2471 plura,
1443 2400 1510 2451 ut
1566 2393 1830 2451 minutae
1889 2390 2145 2471 albulae,
2206 2411 2354 2470 quae
2412 2393 2772 2454 adferuntur
2829 2414 2860 2454 e

556 2498 829 2578 Reatino,
878 2506 938 2558 et
985 2501 1299 2579 maximae,
1348 2518 1497 2578 quae
1547 2500 1621 2559 de
1670 2498 1903 2578 Illyrico
1943 2499 2358 2580 adportantur,
2407 2508 2466 2560 et
2505 2501 2862 2583 medioereS,

557 2626 706 2686 quae
765 2626 835 2666 ex
884 2606 1080 2667 Africa
1140 2607 1518 2687 adferuntur3
1578 2627 1695 2667 non
1744 2627 1861 2687 quo
1909 2626 2027 2668 non
2077 2610 2137 2667 in
2186 2607 2280 2668 his
2326 2609 2675 2687 regionibus
2727 2613 2860 2690 qui,
2890 2624 2936 2662 20

554 2713 802 2773 busdam
869 2714 1016 2774 locis
1081 2733 1149 2775 ao
1215 2714 1724 2794 magnitudinibus
1789 2717 1909 2775 sint
1972 2714 2308 2794 dispariles:
2373 2734 2509 2776 nam
2567 2725 2627 2777 et
2689 2718 2857 2779 valde

555 2820 780 2900 amplae
829 2829 995 2903 sunt,
1045 2841 1400 2901 quamquam
1448 2841 1518 2882 ex
1567 2822 1790 2902 Africa,
1839 2841 1988 2902 quae
2037 2832 2323 2884 vocantur
2370 2823 2728 2906 solitannae,
2779 2828 2858 2885 ita

700 3063 763 3110 17
806 3073 1010 3126 genera
1048 3056 1402 3111 cochlearum
1440 3056 1589 3111 Ptin.
1629 3062 1692 3123 9,
1729 3061 1837 3111 173

698 3288 724 3334 1
779 3297 1015 3350 magnus
1053 3279 1109 3333 A
1155 3295 1292 3333 corr.
1342 3309 1409 3318 —
1457 3284 1534 3331 nfi
1572 3278 1654 3331 A²
1819 3278 2204 3334 molimentum
2256 3280 2561 3336 Palmerius
2606 3283 2854 3352 spicileg.

544 3389 605 3439 1²·
646 3376 756 3424 847
928 3376 958 3423 2
998 3368 1181 3436 inquit
1229 3368 1280 3420 V
1286 3369 1342 3421 Β
1379 3367 1575 3437 inquid
1617 3370 1669 3421 A
1833 3376 1864 3422 3
1906 3368 2234 3423 cochleariis
2283 3370 2398 3424 ΥΒ
2445 3369 2762 3425 cloeleariis
2801 3373 2853 3424 A

693 3462 875 3514 totum
935 3458 1047 3512 ΥΒ
1094 3459 1311 3511 tentum
1358 3459 1439 3511 vel
1482 3458 1696 3512 tectum
1746 3474 1883 3512 corr.
1921 3461 2104 3512 totum
2141 3458 2197 3512 A
2243 3460 2456 3513 tectum
2500 3477 2553 3513 m
2701 3460 2854 3514 elau-

552 3550 653 3603 das
706 3549 760 3601 V
797 3549 1032 3618 glaudas
1079 3547 1202 3600 AB
1383 3553 1416 3599 4
1471 3563 1682 3615 nequas
1731 3545 1840 3599 sibi
1886 3548 1943 3601 Β
2122 3548 2373 3616 posueris
2420 3550 2854 3617 superscriptum

474 3645 477 3648 '
549 3640 613 3692 in
649 3638 704 3692 A
850 3646 881 3693 6
926 3638 1131 3705 eoquat
1168 3652 1304 3690 corr.
1347 3666 1411 3674 -—
1451 3634 1498 3688 it
1534 3636 1591 3690 A
1735 3635 1784 3689 si
1819 3639 1882 3689 121‘1
1918 3636 2191 3690 naturalis
2229 3638 2284 3690 A
2429 3641 2460 3688 8
2500 3637 2706 3707 opaco]
2747 3638 2854 3692 hoo

550 3746 692 3799 paco
730 3729 786 3783 A
822 3744 959 3782 corr.
1007 3742 1186 3794 opaco
1224 3725 1308 3778 A²
1451 3730 1481 3778 9
1530 3723 1767 3778 adluant
1803 3725 1917 3778 PA
1965 3724 2183 3778 alluant
2219 3725 2276 3779 Β
2323 3724 2556 3779 abluant
2601 3742 2631 3778 v
2787 3733 2852 3781 10

548 3818 738 3872 fistula
801 3816 980 3870 ΡΑΒ
1052 3815 1301 3868 fistulam
1363 3831 1395 3867 v
1583 3814 1896 3882 inposueris
1960 3813 2016 3867 A
2080 3814 2410 3883 imposueris
2484 3814 2597 3868 VB
2788 3821 2849 3868 11

549 3908 844 3961 erunotent
879 3906 933 3959 A
1082 3909 1146 3957 15
1189 3903 1482 3973 propolam
1529 3903 1761 3957 Ursinus
1796 3904 2093 3973 propalam
2141 3904 2321 3957 VAB
2462 3903 2784 3973 producunt
2819 3921 2851 3958 v

546 3997 858 4066 perducunt
894 3994 1074 4048 ΡΑΒ
1220 3998 1284 4047 16
1322 3992 1515 4047 laurea
1551 3992 1691 4048 folia
1727 4011 1759 4047 v
1796 3994 2021 4048 laureae
2059 3992 2198 4049 folia
2234 3994 2290 4047 P
2321 3992 2545 4047 laureae
2581 3992 2758 4048 foliae
2793 3992 2850 4046 Β

548 4087 735 4139 lauree
775 4084 907 4138 folie
937 4084 993 4138 A
1135 4081 1483 4136 interriciant
1510 4081 1566 4135 A
1714 4087 1777 4136 17
1816 4083 1920 4137 hae
1965 4085 2121 4151 (corr.
2159 4082 2261 4136 has
2290 4083 2393 4149 A2)
2431 4081 2594 4136 uiuas
2633 4099 2706 4136 an
2737 4099 2848 4150 pop

546 4176 796 4227 mortuas
834 4173 887 4225 A
1016 4171 1323 4241 plerunque
1372 4171 1425 4224 V
1550 4178 1614 4224 18
1654 4172 2008 4226 cochlearum
2059 4172 2110 4224 V
2142 4172 2471 4225 eochearum
2509 4172 2631 4225 AB
2752 4172 2845 4225 ad-

546 4263 798 4316 feruntur
827 4263 879 4314 A
919 4260 1227 4314 afferuntur
1265 4260 1377 4313 ΥΒ
1485 4275 1514 4312 e
1552 4259 1771 4315 reatino
1802 4263 1922 4315 AB
1959 4278 1994 4313 a
2019 4260 2236 4315 reatino
2273 4259 2326 4314 V
2431 4266 2495 4313 19
2534 4258 2760 4329 illyrico
2802 4260 2850 4313 V

543 4350 747 4405 illirico
787 4350 842 4402 A
886 4349 1106 4417 yllirieo
1138 4349 1191 4401 B
1298 4349 1669 4417 adportantur
1705 4351 2074 4418 apportantur
2116 4350 2220 4403 VB
2329 4355 2397 4403 20
2435 4349 2765 4403 adferuntur
2790 4349 2845 4403 A

546 4439 853 4494 afferuntur
885 4440 994 4492 ΥΒ
1086 4445 1152 4491 21
1177 4438 1466 4506 dispariles
1486 4456 1579 4491 mv
1602 4436 1895 4507 disperiles
1917 4440 2087 4493 ΡΑΒ
2178 4445 2245 4492 22
2268 4438 2543 4507 quaedam
2565 4456 2632 4493 ex
2653 4439 2845 4492 Africa

546 4529 840 4583 Iucundus
984 4526 1261 4582 solitanne
1299 4529 1381 4580 ita
1419 4528 1481 4581 ut
1509 4527 1566 4580 in
1598 4529 1730 4597 easi‚
1768 4530 1862 4583 sed
1888 4530 2062 4584 deleta
2090 4528 2106 4581 i
2138 4529 2322 4582 littera
2340 4533 2615 4597 postremo
2645 4529 2760 4583 loco
2788 4529 2841 4580 A
