3178 5185
1620 272 1653 290 S

611 407 736 471 134
1287 412 1668 468 COMMENT.
1706 412 1784 465 IN
1822 410 2197 468 VARRONIS

609 588 727 630 non
774 577 1088 648 perspecto
1139 569 1345 628 ordine
1386 567 1702 628 verborum
1753 575 1811 626 et
1859 583 2014 626 nexu
2063 567 2509 626 sententiarum.
2586 583 2714 624 nam
2757 582 2873 623 sen·

611 678 812 737 tentiis
877 676 1364 755 philosophorum
1430 675 1502 735 de
1567 674 1878 753 principiis
1943 692 2145 733 rerum
2212 684 2271 733 et
2337 673 2409 733 de
2484 673 2668 732 initiis
2737 673 2874 730 vitae

609 783 895 843 humanae
961 800 1073 842 una
1130 781 1376 862 periodo
1434 781 1694 841 breviter
1750 779 2194 860 comprehensis
2250 779 2531 858 impedita
2588 786 2680 838 est
2732 796 2876 837 com-

608 890 823 968 positio
864 888 1198 949 verborum.
1273 891 1333 949 in
1373 890 1571 967 priore
1611 894 1780 966 parte
1819 886 2048 966 periodi
2088 895 2286 947 autem
2325 886 2469 946 11366
2507 887 2700 965 posita
2736 891 2878 965 sunt,

610 1003 669 1058 et
712 998 976 1056 homines
1023 1004 1081 1057 et
1122 998 1389 1072 pecudes
1437 1014 1572 1056 cum
1619 1013 1855 1071 semper
1896 993 2089 1070 fuisse
2133 997 2210 1055 sit
2268 1012 2512 1055 necesse
2555 1026 2633 1036 —-
2668 994 2878 1052 Aristo-

612 1107 754 1164 teles
792 1103 1163 1177 Stayerites;
1210 1105 1269 1163 in
1310 1103 1489 1163 altera
1528 1109 1698 1181 parte
1737 1103 1996 1180 primum
2036 1100 2413 1161 subiciuntur
2453 1100 2618 1179 haec,
2656 1117 2884 1161 necesse

611 1218 699 1271 est
743 1213 1046 1271 humanae
1093 1213 1252 1271 vitae
1299 1212 1375 1270 ab
1422 1227 1653 1270 summa
1700 1211 1990 1270 memoria
2029 1202 2114 1287 (h.
2145 1226 2194 1268 e.
2233 1207 2304 1267 ab
2345 1225 2571 1269 summa
2615 1208 2881 1266 memoria

610 1317 899 1378 humanae
969 1309 1147 1398 vitae)
1206 1318 1520 1391 ‚qradatim
1586 1318 1966 1377 descendisse
2021 1348 2104 1356 —-
2155 1314 2357 1390 ferret
2419 1322 2620 1390 terra,
2686 1313 2884 1375 deinde

613 1426 740 1483 sine
788 1423 994 1504 copula
1043 1423 1205 1503 haec,
1253 1442 1333 1483 ex
1378 1426 1497 1484 hac
1543 1426 1668 1483 vita
1719 1426 1780 1483 in
1825 1424 2155 1483 secundam
2213 1424 2596 1483 descendisse
2630 1424 2884 1498 pastori-

612 1534 795 1605 ciam,
852 1550 885 1591 e
942 1529 1099 1605 feris
1163 1538 1345 1605 atque
1410 1531 1752 1604 ayrestibus
1818 1536 1886 1589 ut
1939 1531 2264 1590 arboribus
2318 1521 2404 1610 (h.
2445 1546 2495 1589 e.
2544 1535 2612 1588 ut
2669 1547 2699 1588 e
2756 1528 2887 1587 feris

612 1646 787 1714 atque
849 1634 1183 1715 agrestibus
1251 1630 1593 1714 arboribus)
1646 1669 1726 1678 —-
1777 1639 2133 1711 colliqerent
2189 1637 2276 1694 ad
2327 1652 2524 1709 usum,
2581 1639 2672 1695 sic
2729 1629 2810 1716 (11.
2846 1653 2892 1692 e.

611 1743 786 1802 simili
845 1738 1049 1824 modo)
1118 1762 1198 1804 ex
1262 1745 1627 1803 animalibus
1675 1776 1757 1784 ψ-
1806 1748 2313 1804 mansuescerent.
2407 1741 2511 1801 sed
2577 1742 2689 1803 1136
2755 1741 2891 1802 duae

610 1850 842 1930 periodi
901 1858 1098 1928 partes
1156 1848 1562 1928 neglegentius
1621 1852 1779 1911 inter
1827 1867 1890 1910 se
1949 1839 2297 1910 coniunctae
2356 1858 2522 1929 sunt,
2579 1867 2715 1909 curn
2773 1858 2894 1928 post

617 1975 753 2018 cum
801 1958 1296 2037 coniunctionem,
1335 1974 1471 2018 cum
1516 1975 1753 2034 semper
1792 1956 1987 2033 fuisse
2032 1960 2113 2017 sit
2156 1975 2415 2036 necesse,
2454 1958 2516 2014 in
2563 1956 2893 2034 parenthesi

623 2067 810 2143 posita
859 2065 977 2123 sint
1015 2060 1178 2143 11366,
1216 2066 1340 2124 sive
1379 2067 1534 2125 enim
1572 2067 1825 2139 aliquod
1860 2062 1986 2139 fuit
2015 2066 2387 2141 principium
2428 2070 2487 2122 et
2524 2066 2650 2124 sive
2688 2070 2893 2124 contra

617 2173 993 2248 principium
1040 2171 1256 2230 horum
1304 2174 1505 2230 extitit
1540 2175 1769 2232 nullum
1809 2188 1954 2250 sqq.‚
1993 2169 2204 2229 deinde
2251 2186 2390 2228 vero
2440 2147 2709 2247 neglecta
2753 2172 2894 2230 iusta

618 2277 933 2337 verborum
974 2270 1400 2354 compositione
1440 2277 1509 2337 ad
1550 2277 1694 2337 haec
1734 2280 1877 2357 ipsa,
1917 2294 2066 2355 quae
2107 2277 2454 2355 interposita
2495 2283 2681 2358 erant,
2720 2275 2891 2337 altera

616 2402 754 2464 pars
811 2402 1056 2445 necesse
1101 2389 1192 2444 est
1236 2385 1618 2445 descendisse
1665 2383 2009 2463 adplicetur.
2085 2385 2147 2442 111
2194 2382 2286 2442 1113
2336 2391 2532 2443 autem
2580 2384 2891 2444 infinitivus

614 2493 998 2553 descendisse
1054 2507 1174 2550 non
1231 2490 1429 2551 addito
1487 2494 1725 2552 nomine
1783 2491 1855 2551 de
1912 2489 2253 2550 hominibus
2318 2490 2513 2551 dictus
2580 2498 2698 2572 est,
2756 2493 2896 2552 sicut

618 2606 821 2677 postea
873 2618 912 2659 a
959 2603 1082 2660 vita
1123 2604 1429 2677 pastorali
1473 2604 1559 2662 ad
1605 2605 1749 2677 ayri
1793 2605 2097 2662 culturam
2146 2602 2606 2662 descenderunt.
2699 2598 2894 2661 deinde

617 2724 693 2767 ac
742 2708 1070 2785 posteriore
1117 2707 1246 2768 loco
1294 2707 1599 2769 Iucundus
1648 2708 1880 2790 delevit,
1929 2709 2153 2768 arbuta
2201 2709 2544 2768 coniectura
2584 2706 2893 2768 Politianus

616 2814 895 2894 restituit,
942 2817 1222 2889 virqultis
1270 2817 1659 2892 decarpendo
1701 2818 1988 2891 ,blandem
2037 2816 2338 2875 arbutum.

793 2919 1183 2982 Siluestria
1231 2922 1729 3002 dependerent
1778 2941 1851 2982 36
1901 2919 2421 2981 concluderent
2469 2928 2537 2981 et
2584 2939 2892 2981 mansue-

615 3027 940 3105 scerent]
1003 3030 1470 3104 Deprenderent
1530 3028 1870 3090 Beroaldus,
1964 3035 2024 3089 et
2083 3026 2617 3103 mansuefacerent
2684 3027 2894 3088 Grono-

614 3136 742 3194 vius
801 3133 835 3194 l.
876 3153 944 3211 c.,
992 3142 1052 3195 et
1098 3137 1184 3196 sic
1229 3135 1449 3214 legitur
1495 3134 1547 3194 ΙΙ
1584 3134 1644 3217 2,
1682 3133 1723 3196 2
1773 3155 1908 3197 oves
1955 3136 2404 3212 conprehensas
2450 3137 2528 3195 ab
2575 3137 2895 3196 hominibus

613 3260 689 3302 ac
752 3241 1223 3318 mansuefactas.
1282 3250 1380 3303 .ut
1436 3251 1941 3304 mansuescerent
1999 3241 2265 3303 Bauerus
2313 3244 2373 3302 in
2423 3241 2622 3303 Sanct.
2669 3242 2894 3302 Minerv.

612 3346 690 3406 111
728 3346 768 3409 3
808 3367 861 3426 p.
900 3344 1029 3409 489
1080 3350 1359 3429 coniecit3
1408 3348 1578 3436 ide-m
1634 3358 1827 3410 tamen
1868 3358 1927 3412 et
1964 3357 2189 3410 mutato
2238 3348 2507 3410 subiecto
2549 3348 2710 3409 verbi
2748 3355 2895 3409 recte

613 3453 732 3514 dici
767 3453 1081 3537 adnotavit,
1120 3450 1213 3515 ‘et
1250 3454 1346 3516 illa
1388 3474 1596 3517 mansu
1617 3453 1940 3517 escerent'.
1997 3456 2166 3536 plura
2206 3458 2334 3517 eius
2371 3459 2610 3535 generis
2648 3455 2893 3535 exempla

615 3562 673 3619 in
722 3559 814 3620 his
862 3558 1029 3620 libris
1089 3563 1494 3639 inveniuntur,
1546 3541 1697 3642 111136
1756 3561 2085 3624 editoribus
2133 3565 2532 3642 suspicionem
2588 3571 2898 3643 moverunt,

611 3665 638 3726 I
682 3664 735 3750 1,
775 3664 814 3728 6
875 3685 1069 3742 neque
1119 3655 1344 3744 'robtqo
1402 3670 1717 3746 frumenta
1779 3677 1960 3746 atque
2016 3672 2269 3731 arbores
2323 3675 2664 3748 corrumpit
2716 3689 2895 3746 neque

614 3793 735 3836 non
783 3778 1128 3851 tempestive
1165 3779 1409 3857 florent,
1462 3774 1515 3858 1,
1556 3775 1592 3839 7
1643 3795 1802 3853 quae
1851 3795 1970 3838 non
2019 3780 2264 3839 inerunt
2308 3785 2369 3841 et
2412 3795 2687 3853 quaereS,
2733 3774 2831 3857 59,
2857 3774 2892 3837 3

616 3900 753 3944 cum
797 3884 1100 3944 haereant
1146 3885 1208 3943 in
1254 3902 1368 3945 sua
1414 3888 1593 3960 virya
1640 3893 1700 3947 et
1755 3888 2084 3962 demiseris,
2130 3883 2183 3944 11
2226 3884 2280 3968 1,
2323 3883 2402 3947 16
2445 3905 2669 3961 yreyes
2713 3889 2893 3947 ovium

616 3993 792 4065 lonqe
838 3991 1172 4065 abiquntur
1206 4024 1282 4036 -
1319 4000 1500 4068 atque
1547 3997 1634 4055 ad
1677 3996 2074 4071 publicanum
2111 3997 2497 4070 profitentur,
2552 3992 2607 4075 1,
2635 3992 2712 4057 21
2752 4012 2892 4054 mor·

616 4098 820 4157 bosum
869 4115 1059 4173 pecus
1114 4106 1203 4159 est
1257 4102 1558 4176 vitiosum,
1614 4108 1672 4162 et
1728 4104 2012 4176 quoniam
2060 4119 2180 4161 non
2226 4104 2408 4181 valet,
2451 4120 2638 4179 saepe
2687 4119 2894 4177 maqna

616 4203 980 4278 afficiuntur
1045 4208 1420 4281 calamitate,
1495 4205 1550 4289 7,
1596 4204 1681 4268 10
1742 4214 2142 4285 praeqnatem
2207 4225 2401 4282 neque
2473 4212 2703 4285 inplere
2770 4210 2891 4270 cibo

618 4328 811 4385 neque
848 4315 1086 4373 esurire
1124 4320 1372 4391 oportet,
1420 4312 1498 4373 111
1540 4311 1596 4395 7,
1636 4312 1677 4375 2
1724 4333 1805 4375 ex
1844 4318 1918 4374 iis
1966 4316 2203 4376 duabus
2239 4317 2531 4391 stirpibus
2562 4321 2637 4389 fit
2681 4318 2889 4376 miscel-

615 4422 739 4478 lum
776 4422 1019 4479 tertium
1052 4438 1247 4495 qenus
1286 4419 1534 4496 fructus
1572 4439 1766 4482 causa
1813 4428 1997 4496 atque
2045 4424 2333 4483 incedunt
2371 4426 2433 4483 in
2476 4427 2670 4485 locum
2704 4439 2890 4499 unum,

621 4521 679 4608 7,
710 4521 745 4585 7
794 4528 967 4587 multi
1011 4529 1071 4588 in
1120 4529 1357 4589 theatro
1404 4547 1438 4595 e
1486 4531 1624 4594 sinu
1674 4532 1886 4594 missas
1926 4527 2178 4604 faciunt
2224 4536 2405 4610 atque
2452 4533 2538 4591 ad
2583 4534 2760 4592 locum
2804 4547 2889 4591 re·
