3178 5185
849 433 1108 487 RERVM
1145 415 1626 488 RvsTchRVM
1663 433 1799 486 Lm.
1837 433 1889 486 11
1931 430 2098 486 5—6
2278 427 2290 437 ⁴
2489 423 2611 486 181

495 593 574 645 VI
618 584 650 646 1
725 588 1028 662 Murrius,
1085 588 1243 666 quod
1310 586 1530 648 habent
1591 586 1924 665 apographa
1981 584 2260 645 Italorum
2322 594 2381 644 et
2436 586 2615 644 editio

322 692 590 775 Victorii,
639 696 699 753 iu
744 696 874 773 ipso
922 694 1242 773 archetypo
1292 695 1529 754 videtur
1577 695 1864 771 scriptum
1925 693 2136 772 fuisse,
2184 709 2302 751 non
2363 695 2615 766 marius,

318 800 475 878 quod
532 802 596 860 In
653 803 920 881 principe
976 801 1234 861 editione
1295 800 1623 861 Politianus
1681 818 1799 859 non
1858 801 2119 859 correxit
2173 806 2234 858 et
2299 817 2369 858 ex
2438 816 2612 858 manu

317 909 557 987 scriptis
606 906 775 967 libris
822 905 1043 967 habent
1090 908 1137 967 Α
1184 916 1244 968 et
1292 925 1364 968 m.

493 1011 536 1074 2
604 1011 798 1083 Quod
866 1015 1142 1090 faciunt
1207 1013 1683 1093 peloponnesi
1748 1030 1907 1072 cum
1970 1013 2426 1090 potissimum
2494 1030 2614 1070 eos

314 1138 395 1179 ex
444 1119 688 1180 arcadi
736 1119 1097 1198 emebant]
1146 1122 1248 1182 Ex
1293 1123 1573 1181 Arcadia
1621 1118 1864 1199 Merula,
1912 1117 2068 1197 quod
2118 1117 2445 1178 Politianus
2494 1136 2613 1177 non

314 1229 604 1308 correxit,
663 1246 742 1287 ea:
798 1230 1024 1288 arcadi
1076 1227 1164 1287 vel
1221 1246 1301 1289 ex
1358 1229 1629 1288 archadi
1690 1225 2040 1304 apographa.
2135 1226 2614 1301 Peloponnenses

313 1314 646 1413 IucunduS,
707 1335 1129 1410 Peloponnesii
1184 1332 1497 1394 Victorius,
1594 1334 1992 1410 Peloponnesi
2055 1333 2125 1392 de
2191 1331 2321 1391 loco
2388 1331 2612 1391 dictum

314 1459 464 1521 esse,
512 1459 633 1501 non
680 1440 753 1501 de
800 1439 1169 1521 hominibus,
1216 1458 1283 1499 ex
1335 1458 1404 1499 eo
1454 1439 1613 1519 quod
1662 1441 1934 1518 sequitur
1994 1442 2057 1499 in
2107 1440 2292 1499 Italia
2350 1437 2614 1516 intellegi

311 1555 565 1627 poterat.
642 1546 855 1607 deinde
904 1556 1104 1608 emant
1151 1547 1331 1607 editio
1376 1546 1732 1607 Basileensis
1781 1564 1830 1608 a.
1876 1541 2064 1623 1521,
2113 1545 2271 1624 quod
2312 1544 2612 1605 Gesnerus

313 1664 373 1715 et
439 1653 843 1715 SchneIderus
910 1662 1284 1733 receperunt.
1378 1655 1585 1713 vitium
1654 1655 1897 1726 veteris
1936 1654 2267 1731 scripturae
2333 1654 2609 1712 emebant

312 1769 671 1841 cognoverat
716 1759 995 1842 Ursinus,
1061 1762 1164 1840 qui
1228 1768 1294 1820 ut
1342 1763 1717 1837 potissimum
1774 1777 1874 1821 eos
1930 1778 2010 1819 ex
2066 1762 2345 1820 Arcadia
2407 1766 2608 1819 emant

312 1869 402 1929 vel
449 1887 587 1930 cum
628 1871 1001 1945 potissimum
1048 1886 1147 1929 eos
1195 1887 1273 1928 ex
1319 1869 1598 1928 Arcadia
1645 1874 1848 1928 emunt
1904 1865 2286 1926 scribendum
2335 1855 2608 1925 coniecitss·

312 1995 446 2036 cum
495 1977 874 2037 coniunctivo
922 1975 1095 2035 modo
1152 1977 1483 2054 praesentis
1541 1976 1828 2053 temporis
1896 1991 2034 2034 eum
2091 1975 2333 2052 ponitur
2389 1976 2450 2033 in
2507 1973 2606 2032 de-

312 2086 579 2144 finitione
628 2085 735 2162 rei,
785 2100 934 2161 quae
982 2085 1320 2143 accuratius
1359 2081 1723 2143 describitur
1768 2081 1858 2141 vel
1906 2083 2308 2159 confirmatur,
2357 2080 2380 2139 I
2419 2076 2523 2159 57,
2564 2076 2604 2138 2

310 2193 584 2252 triticum
632 2197 1062 2266 consparqunt,
1101 2207 1237 2250 cum
1276 2192 1513 2250 addant
1557 2193 1621 2249 in
1669 2191 1924 2249 circiter
1961 2190 2120 2248 mille
2156 2189 2418 2247 modium
2455 2204 2602 2261 qua·

313 2300 569 2358 drantal
621 2314 939 2371 amurcae,
1004 2295 1056 2357 II
1094 2298 1275 2375 praes.
1317 2294 1358 2357 2
1423 2315 1535 2357 nec
1585 2302 1810 2372 putant
1861 2313 1927 2356 se
1981 2297 2210 2355 habere
2270 2297 2496 2366 villam,
2551 2296 2609 2352 si

310 2421 442 2464 non
476 2406 679 2463 multis
725 2405 1035 2464 vocabulis
1080 2407 1387 2465 retineant
1428 2406 1697 2479 graecis,
1747 2420 1883 2462 cum
1930 2408 2144 2462 vocent
2178 2402 2604 2477 particulatim

311 2515 475 2586 loca,
522 2509 603 2570 111
641 2506 701 2591 5,
739 2507 780 2571 2
817 2508 1061 2572 'testudo
1100 2545 1169 2553 —
1200 2514 1276 2583 fit
1320 2528 1571 2591 mayna,
1620 2513 1682 2570 in
1730 2527 1852 2585 qua
1897 2512 2064 2569 milia
2121 2511 2350 2583 aliquot
2395 2509 2601 2567 turdo-

311 2637 445 2680 rum
494 2637 572 2679 ac
618 2622 992 2679 merularum
1039 2621 1356 2679 includere
1393 2620 1655 2697 possint,
1702 2620 1950 2693 quidam
2007 2635 2144 2677 cum
2201 2633 2269 2676 eo
2326 2618 2605 2676 adiciant

305 2733 637 2802 praeterea
685 2743 827 2786 aves
874 2728 1057 2800 alias,
1128 2722 1226 2806 14,
1265 2722 1304 2785 3
1353 2728 1536 2785 vitam
1583 2728 1690 2785 diu
1731 2728 2109 2801 producunt,
2158 2741 2294 2783 eum
2341 2726 2428 2784 ad
2471 2740 2604 2783 eam

312 2851 438 2893 rem
478 2851 689 2909 pauca
728 2836 947 2893 laurea
987 2831 1142 2907 folia
1181 2834 1539 2893 intericiant
1574 2839 1634 2892 et
1671 2838 2004 2908 asperyant
2032 2829 2335 2906 furfures,
2385 2826 2486 2908 16,
2517 2826 2602 2890 32

305 2939 591 3015 favorum
630 2938 946 3015 foramina
994 2939 1259 2999 obducta
1305 2941 1589 2999 videntur
1627 2938 2008 3010 membranis,
2048 2952 2184 2995 cum
2221 2938 2344 2994 sint
2387 2939 2607 3012 repleti

312 3051 504 3121 melle,
571 3055 631 3106 et
696 3044 968 3106 similiter
1032 3062 1167 3104 cum
1235 3045 1611 3104 coniunctivo
1675 3043 1926 3122 perfecti
1993 3042 2276 3119 temporis
2341 3037 2521 3122 1117,
2564 3038 2598 3101 7

314 3156 661 3226 interficere
715 3157 908 3214 solent
966 3154 1203 3213 duabus
1257 3154 1448 3225 virqis
1504 3152 1751 3211 viscatis
1798 3181 1901 3223 -‚
1948 3166 2085 3209 cum
2133 3151 2292 3207 inter
2349 3166 2453 3207 eas
2491 3166 2600 3224 po-

312 3262 547 3319 suerint
592 3260 920 3333 obliqatum
968 3261 1211 3319 animal.

489 3363 825 3424 Murenae
883 3367 1190 3443 optimae
1250 3364 1484 3424 elutae
1543 3371 1711 3424 sunt
1766 3365 1835 3422 in
1895 3358 2160 3438 sicilia]
2220 3362 2436 3421 Flutae
2482 3360 2600 3422 Me-

313 3471 466 3533 rula:
516 3458 771 3532 Macroh.
814 3472 1051 3532 Saturn.
1091 3471 1170 3531 III
1214 3468 1313 3551 15,
1345 3470 1380 3532 7
1431 3472 1503 3531 de
1544 3472 1808 3530 murenis
1849 3467 2063 3528 Siculis
2102 3477 2161 3528 et
2208 3467 2280 3527 ‹le
2329 3467 2601 3547 anguillis

314 3587 612 3654 utraeque
658 3597 737 3639 ex
783 3582 883 3640 illo
930 3582 1060 3639 loco
1104 3596 1336 3653 qraece
1382 3582 1589 3655 plotae
1636 3583 1963 3650 vocantur,
2019 3578 2235 3654 latine,
2255 3576 2451 3648 flutae
2502 3609 2598 3635 -—.

313 3693 369 3745 et
410 3689 467 3746 si
512 3703 878 3746 enumerare
933 3687 1123 3759 velim,
1170 3702 1351 3760 quam
1397 3688 1570 3744 multi
1612 3686 1936 3758 maqnique
1983 3688 2267 3742 auctores
2313 3698 2601 3743 murenas

313 3812 344 3851 e
389 3791 558 3868 freto
615 3792 821 3852 Siculo
879 3793 1285 3866 nobilitarint,
1341 3795 1585 3866 lonqum
1640 3793 1771 3862 fiat.
1861 3791 1974 3849 sed
2026 3790 2252 3861 dicam,
2310 3790 2460 3862 quid
2514 3789 2598 3848 M.

326 3900 520 3960 Varro
567 3901 632 3959 in
678 3900 834 3958 libro
873 3901 981 3972 qui
1025 3900 1384 3958 inscribitur
1427 3899 1636 3957 Gallus
1684 3899 1759 3956 de
1806 3897 2190 3956 admirandis
2238 3897 2472 3954 dixerit
2506 3897 2600 3955 his

314 4007 534 4080 verbis,
583 4000 680 4065 ‘in
736 4005 952 4065 Sicilia
1008 4000 1275 4079 quoque'
1335 4008 1532 4080 inquit
1588 3999 1806 4063 ‘manu
1862 4004 2006 4079 capi
2057 4019 2345 4062 murenas
2392 4003 2599 4077 flutas,

310 4115 473 4187 quod
516 4130 629 4173 eae
686 4114 748 4171 in
800 4128 1033 4171 summa
1088 4130 1251 4186 aqua
1290 4130 1450 4188 prae
1489 4113 1865 4187 pinquedine
1911 4102 2262 4183 flutentur'.
2357 4108 2597 4167 eaedem

305 4223 557 4295 plautae
604 4217 888 4277 dicuntur
935 4216 1088 4295 apud
1138 4216 1516 4277 Columellam
1568 4215 1694 4276 VIII
1736 4193 1834 4294 17}
1875 4212 1914 4275 8
1972 4218 2110 4274 item
2148 4218 2396 4289 plautas
2443 4232 2600 4288 quae

312 4329 575 4386 maxime
615 4325 963 4401 probantur
1010 4341 1327 4385 murenas:
1375 4343 1507 4384 nam
1556 4326 1634 4383 ita
1682 4322 1764 4383 ibi
1812 4323 1871 4381 in
1919 4338 2096 4380 manu
2145 4300 2383 4399 scriptis
2431 4319 2599 4380 libris

312 4432 545 4511 legitur.
614 4434 809 4508 flutae
855 4439 1050 4491 autem
1100 4430 1291 4492 dictae
1332 4439 1472 4491 sunt
1517 4448 1729 4510 graeco
1770 4429 2007 4489 nomine
2053 4419 2275 4506 πλωτή
2326 4427 2395 4486 ad
2439 4429 2598 4487 simi-

312 4538 621 4600 litudinem
669 4538 836 4599 latini
883 4537 1047 4598 verbi
1087 4540 1288 4612 fluere
1334 4537 1768 4597 transformato,
