3178 5185
465 1281 573 1341 XX

537 1834 573 1889 2

592 382 717 445 158
1533 381 1908 436 VARRONIS

588 551 648 608 in
695 548 808 608 hoc
854 565 1072 625 genere
1121 547 1558 609 semivocalium
1608 548 1981 609 adiciendum
2031 548 2103 608 de
2151 566 2366 627 pecore
2414 566 2482 608 ea
2531 548 2681 629 sola,
2728 566 2879 627 quae

588 657 715 734 agri
752 655 987 715 colendi
1023 673 1199 715 causa
1238 663 1432 736 erunt,
1483 663 1547 716 ut
1584 655 1779 715 solent
1816 674 1966 736 esse,
2012 655 2334 733 peculiaria
2374 674 2557 735 pauca
2581 654 2883 734 habenda,

589 781 705 841 quo
770 761 1002 822 facilius
1069 764 1357 841 mancipia
1427 761 1605 841 [quae
1672 761 1890 838 solent]
1961 779 2023 821 se
2089 764 2246 823 tueri
2312 769 2372 822 et
2437 761 2681 823 adsidua
2747 780 2881 822 esse

587 869 834 946 possint.
925 869 986 927 in
1044 886 1115 928 eo
1171 888 1420 929 numero
1478 888 1595 928 non
1653 869 1827 929 modo
1884 870 1989 948 qui
2043 875 2211 947 prata
2267 868 2513 949 habent,
2570 878 2637 929 ut
2682 871 2882 947 potius

587 992 726 1034 oves
782 993 958 1054 quam
1015 994 1155 1036 sues
1208 975 1465 1036 habeant
1518 984 1759 1056 curant,
1815 976 1918 1036 sed
1973 977 2147 1036 etiam
2197 977 2301 1054 qui
2346 994 2464 1035 non
2514 975 2705 1036 solum
2751 993 2882 1054 pra-

588 1088 785 1141 torum
841 1099 1016 1141 causa
1073 1080 1320 1163 habent,
1376 1090 1623 1162 propter
1683 1090 1931 1143 stercus,
2025 1081 2098 1142 de
2156 1082 2403 1143 canibus
2460 1101 2598 1142 vero
2657 1084 2882 1161 utique,

589 1187 748 1266 quod
795 1186 929 1247 villa
980 1189 1106 1248 sine
1154 1190 1228 1249 iis
1275 1207 1484 1268 parum
1533 1197 1677 1249 tuta.

767 1293 957 1373 Igitur
1021 1294 1093 1354 de
1159 1295 1434 1357 omnibus
1500 1296 1968 1375 quadripedibus
2021 1299 2211 1376 prima
2268 1304 2359 1357 est
2412 1296 2713 1378 probatio,
2780 1298 2882 1375 qui

590 1400 790 1460 idonei
836 1402 956 1461 sint
1003 1400 1210 1482 boves,
1258 1406 1361 1482 qui
1407 1404 1613 1463 arandi
1660 1423 1836 1465 causa
1885 1412 2182 1464 emuntur.
2275 1421 2427 1483 quos
2473 1404 2639 1465 rudis
2686 1422 2881 1483 neque

588 1509 835 1567 minoris
901 1510 1111 1569 trimos
1166 1528 1359 1589 neque
1418 1513 1657 1571 maioris
1715 1511 2056 1590 quadrimos
2111 1510 2466 1590 parandum:
2531 1519 2599 1571 ut
2654 1510 2883 1571 viribus
2910 1523 2965 1561 10

588 1616 816 1693 magnis
864 1617 984 1675 sint
1033 1635 1098 1676 ac
1145 1635 1338 1697 pares,
1385 1637 1459 1677 ne
1507 1621 1567 1678 in
1618 1637 1798 1697 opere
1846 1619 2072 1678 firmior
2110 1618 2541 1678 inbecilliorem
2580 1618 2882 1679 conficiat:

588 1721 796 1800 amplis
853 1722 1135 1783 cornibus
1194 1731 1253 1784 et
1301 1727 1456 1802 nigri
1501 1728 1702 1804 potius
1749 1745 1925 1805 quam
1973 1726 2144 1786 aliter
2189 1734 2257 1786 ut
2303 1727 2446 1803 sint,
2507 1725 2622 1785 lata
2669 1725 2885 1805 fronte,

596 1828 840 1889 naribus
890 1831 1080 1912 simis,
1137 1830 1253 1891 lato
1302 1840 1569 1912 pectore,
1617 1835 1836 1893 crassis
1883 1832 2325 1894 coxendicibus,
2416 1831 2526 1892 hos
2571 1839 2885 1892 veteranos

589 1955 658 1996 ex
726 1938 1159 2016 campestribus
1207 1937 1353 1998 locis
1409 1957 1528 1999 non
1585 1941 1901 2001 emendum
1957 1942 2019 2000 in
2076 1940 2224 2000 dura
2280 1959 2347 2000 ac
2404 1947 2707 2020 montana,
2773 1955 2885 1997 nec

589 2062 706 2104 non
756 2051 963 2105 contra
1011 2047 1061 2105 si
1107 2046 1319 2106 incidit
1365 2054 1433 2106 ut
1478 2048 1557 2106 sit
1602 2047 1925 2107 vitandum.
2014 2046 2277 2107 novellos
2325 2065 2462 2108 cum
2499 2047 2635 2125 quis
2672 2047 2886 2105 emerit
2913 2056 2964 2096 1⁵

589 2152 889 2231 iuvencos,
937 2154 989 2212 si
1036 2171 1242 2212 eorum
1291 2152 1438 2213 colla
1486 2155 1546 2212 in
1599 2154 1798 2213 furcas
1847 2154 2162 2214 destitutas
2198 2153 2510 2215 incluserit
2547 2172 2614 2213 ac
2652 2152 2887 2212 dederit

589 2258 814 2338 cibum,
883 2258 1093 2319 diebus
1158 2261 1364 2338 paucis
1430 2267 1608 2320 erunt
1673 2262 1967 2322 mansueti
2032 2269 2092 2321 et
2148 2260 2219 2320 ad
2277 2260 2636 2320 domandum
2689 2261 2884 2338 proni.

589 2374 715 2424 tum
781 2367 859 2425 ita
928 2364 1351 2445 subigendum,
1415 2374 1484 2426 ut
1539 2368 1874 2428 minutatim
1921 2367 2335 2449 ⁸adsuefaciant
2390 2375 2450 2427 et
2504 2373 2572 2426 ut
2625 2369 2881 2426 tironem

588 2490 725 2532 cum
791 2481 1069 2532 veterano
1135 2473 1457 2551 adiungant
1521 2467 1836 2556 (imitando
1909 2476 2066 2534 enim
2133 2474 2363 2534 facilius
2428 2468 2758 2554 domatur),
2823 2481 2884 2533 et

586 2581 846 2658 primum
895 2580 953 2639 in
1002 2598 1190 2658 aequo
1237 2578 1367 2640 loco
1416 2586 1475 2640 et
1522 2582 1650 2641 sine
1698 2589 1912 2664 aratro,
1961 2589 2085 2642 tum
2133 2601 2203 2642 eo
2251 2581 2382 2663 levi,
2429 2583 2724 2661 principio
2771 2599 2879 2660 per
2907 2592 2962 2630 20

538 2691 575 2746 3
597 2687 878 2747 harenam
921 2693 1023 2746 aut
1060 2687 1388 2748 molliorem
1425 2696 1664 2749 terram.
1759 2707 1908 2768 quos
1946 2689 2015 2749 ad
2056 2697 2347 2772 vecturaS,
2390 2690 2536 2749 item
2573 2691 2883 2749 instituen-

734 2955 798 3002 12
836 2947 957 3003 lata
992 2948 1175 3003 fronte
1210 2947 1358 3003 Non.
1391 2965 1452 3017 p.
1491 2952 1583 3016 94,
1622 2952 1658 3001 5

734 3206 761 3253 1
829 3197 1206 3254 adiiciendum
1251 3197 1304 3251 V
1438 3204 1471 3252 3
1536 3197 1770 3252 adsidua
1813 3199 1868 3251 B
1914 3198 2140 3253 assidua
2183 3199 2287 3253 VA
2428 3204 2461 3252 5
2524 3201 2725 3254 curant:
2759 3199 2880 3254 AB

594 3289 869 3342 Victorius
915 3289 1110 3341 curent
1157 3286 1210 3339 V
1349 3293 1382 3340 6
1428 3286 1498 3340 de
1544 3287 1778 3341 canibus
1825 3319 1892 3327 —
1939 3289 2067 3341 tuta
2110 3303 2211 3343 om.
2256 3305 2319 3355 v,
2371 3288 2501 3342 add.
2552 3288 2738 3343 PAB

588 3376 723 3444 utiq.
741 3394 769 3429 ·.
808 3376 960 3445 quod
996 3375 1053 3430 A
1089 3373 1236 3442 utiq3
1277 3373 1426 3443 quod
1464 3375 1519 3428 B
1554 3375 1698 3430 utile
1734 3377 1888 3445 quod
1925 3377 1983 3430 P

728 3469 760 3518 8
806 3463 1244 3532 quadripedibus
1295 3463 1479 3517 PAB
1524 3465 1980 3534 quadrupedibus
2016 3484 2049 3520 v
2203 3473 2234 3520 9
2280 3465 2472 3521 idonei
2517 3467 2648 3520 sunt:
2681 3467 2741 3520 A

588 3560 651 3607 11
701 3553 1109 3608 inbecilliorem
1145 3552 1202 3607 A
1248 3552 1674 3607 imbecilliorem
1718 3553 1830 3608 VB
1975 3561 2040 3608 12
2087 3555 2235 3625 nigri
2264 3596 2276 3607 .
2307 3573 2347 3609 s.
2387 3556 2577 3624 potius
2614 3556 2671 3609 B
2705 3556 2884 3626 nigris

584 3644 772 3711 potius
816 3642 928 3696 VA
1075 3648 1140 3696 13
1186 3658 1421 3711 peccore
1456 3643 1516 3696 A
1660 3642 2093 3698 conxendicibus
2126 3645 2186 3698 A
2331 3650 2397 3698 14
2444 3661 2546 3699 nec
2590 3646 2796 3698 nontra
2831 3644 2879 3697 si

582 3730 783 3784 incidit
817 3733 880 3785 ut
908 3731 983 3785 sit
1010 3730 1304 3785 uitandum
1336 3732 1545 3799 PAB,
1583 3733 1682 3787 ubi
1718 3732 1764 3786 c’
1793 3732 1875 3787 ita
1902 3733 1966 3787 in
1991 3735 2239 3802 marqine
2266 3735 2341 3789 ad
2367 3736 2457 3787 tra
2481 3735 2779 3802 adscripsit
2810 3735 2880 3802 P,

584 3837 687 3874 nec
722 3838 837 3875 non
871 3820 954 3875 ita
992 3820 1038 3873 si
1075 3819 1274 3874 incidit
1311 3822 1376 3874 ut.
1412 3821 1487 3875 sit
1523 3820 1815 3876 uitandum
1854 3839 1909 3876 m
1944 3828 1994 3878 et
2020 3823 2289 3892 Anyelius
2324 3839 2426 3876 nec
2463 3839 2572 3876 non
2603 3823 2648 3876 si
2677 3823 2880 3878 incidit

583 3909 880 3963 uitandum
916 3926 964 3963 v.
1042 3910 1184 3963 ‘Nec
1221 3928 1331 3964 non
1369 3910 1455 3964 ita
1491 3910 1540 3963 si
1577 3909 1795 3976 incidit,
1832 3911 1897 3963 ut
1932 3911 2007 3965 sit
2033 3910 2328 3965 uitandum
2359 3955 2370 3966 .
2400 3911 2880 3981 Antiquissimum,

583 4000 1060 4068 fidelissimumque
1095 4001 1370 4068 exemplar
1405 4000 1659 4054 dissentit
1694 3999 1764 4054 ab
1800 3999 1904 4053 hac
1940 4000 2179 4067 lectione,
2216 4016 2379 4069 quam
2416 4005 2465 4055 et
2500 4001 2564 4053 in
2599 4001 2880 4069 aliquibus

585 4090 814 4155 excusis,
850 4095 901 4144 et
935 4090 998 4143 in
1033 4090 1339 4143 semiuetere
1374 4089 1539 4143 etiam
1572 4089 1784 4142 inueni.
1821 4119 1891 4127 —
1928 4088 2036 4142 Est
2070 4089 2246 4157 iyitur
2281 4090 2411 4143 haec
2446 4090 2640 4157 optimi
2674 4089 2880 4143 codicis

585 4178 766 4245 ledia,
818 4178 936 4232 Nec
985 4195 1098 4232 non
1141 4180 1233 4232 tra
1279 4176 1328 4230 si
1373 4174 1600 4243 incidit,
1653 4178 1759 4230 etc.
1842 4177 1911 4230 Vt
1956 4183 2135 4232 autem
2174 4179 2319 4233 nihil
2360 4179 2697 4247 relinquam,
2732 4180 2879 4247 quod

575 4267 754 4334 possit
797 4268 1067 4322 studiosos
1114 4268 1413 4331 adiuuare,
1458 4266 1759 4319 uidendum
1810 4271 1911 4332 est,
1956 4284 2034 4321 an
2068 4268 2239 4321 unius
2276 4268 2464 4322 literae
2499 4268 2880 4322 immutatione

585 4354 668 4406 ita
713 4354 819 4423 leyi
866 4355 1080 4421 debeat,
1127 4353 1179 4406 N
1183 4371 1246 4409 ec
1283 4355 1479 4407 contra
1524 4354 1573 4407 si
1619 4354 1820 4409 incidit
1854 4356 1919 4408 ut:
1954 4356 2026 4410 sit
2061 4354 2376 4410 uitandum’
2425 4356 2699 4411 Victorius

588 4446 654 4494 18
708 4442 1084 4498 adsuefatiant
1119 4442 1175 4497 A
1228 4441 1600 4497 assuefaciant
1643 4443 1756 4498 VB
1917 4450 1981 4497 21
2040 4446 2307 4499 harenam
2350 4444 2534 4499 PAB
2580 4461 2804 4499 arenam
2842 4462 2878 4500 v

727 4533 953 4586 ueturas
992 4533 1048 4587 B
