3178 5185
796 413 1053 469 RERVM
1088 414 1560 470 RVSTICARVM
1600 414 1734 471 LIB.
1773 415 1849 469 ΙΙΙ
1894 410 1925 466 1
2393 416 2524 479 265

265 582 314 638 in
370 582 510 639 casis
575 589 636 641 et
691 584 949 661 tuguriis
1005 581 1347 642 habitabant
1402 600 1511 641 nec
1569 600 1779 642 murus
1832 590 1891 642 et
1939 590 2108 661 porta
2167 582 2309 661 quid
2365 592 2524 644 esset

267 685 523 768 sciebant,
588 690 810 749 inmani
877 708 1123 750 numero
1190 707 1481 749 annorum
1538 688 1800 749 urbanos
1858 687 2146 768 agricolae
2203 697 2524 768 praestant.

266 811 354 852 nec
403 796 639 876 mirum,
697 797 855 875 quod
914 797 1106 857 divina
1163 805 1374 856 natura
1431 795 1594 857 dedit
1650 815 1849 878 agroS,
1908 815 2005 856 ars
2056 795 2312 856 humana
2358 796 2575 857 aedi-4

267 900 434 960 ficavit
484 901 691 983 urbeS,
750 922 886 963 cum
944 911 1102 963 artes
1162 920 1367 963 omnes
1423 901 1699 963 dicantur
1754 906 1814 964 in
1865 903 2107 965 Graecia
2164 906 2319 963 intra
2366 903 2525 963 mille

227 1025 527 1068 sannorum
588 1017 886 1090 repertae,
942 1012 1068 1089 agri
1115 1028 1438 1088 numquam
1487 1029 1604 1070 non
1655 1011 1877 1072 fuerint
1924 1012 1984 1070 in
2034 1012 2212 1071 terris
2262 1013 2364 1089 qui
2411 1010 2525 1070 coli

268 1116 485 1191 possint.
576 1135 769 1196 neque
827 1118 1019 1178 solum
1079 1118 1379 1196 antiquior
1427 1116 1659 1178 cultura
1709 1119 1861 1198 agri,
1921 1118 2023 1178 sed
2073 1120 2246 1179 etiam
2295 1117 2524 1177 melior.

268 1223 441 1300 itaque
486 1241 599 1284 non
647 1226 775 1284 sine
825 1243 999 1285 causa
1047 1227 1301 1285 maiores
1338 1226 1529 1285 nostri
1567 1243 1639 1283 ex
1679 1224 1828 1284 urbe
1867 1226 1927 1284 in
1967 1242 2138 1302 agros
2178 1223 2526 1302 redigebant

271 1346 389 1388 suos
439 1332 617 1412 civeS,
673 1332 831 1410 quod
890 1340 950 1392 et
1004 1334 1065 1392 in
1112 1349 1257 1410 pace
1305 1350 1336 1391 a
1392 1332 1635 1391 rusticis
1682 1331 1961 1391 Romanis
2009 1331 2316 1392 alebantur
2363 1338 2422 1390 et
2468 1332 2529 1390 in

271 1433 401 1494 bello
444 1436 514 1495 ab
558 1440 628 1498 iis
675 1438 1000 1500 alebantur.
1065 1457 1175 1499 nec
1223 1440 1351 1498 sine
1390 1456 1567 1499 causa
1606 1446 1824 1499 terram
1866 1439 2112 1499 eandem
2150 1436 2579 1516 appellabant5

214 1563 253 1601 ιο
273 1551 495 1603 matrem
540 1554 596 1605 et
641 1545 949 1626 Cererem,
1007 1554 1067 1607 et
1114 1548 1217 1626 qui
1263 1565 1390 1606 eam
1439 1546 1732 1627 colerent,
1789 1548 1945 1624 piam
1994 1553 2053 1605 et
2100 1544 2306 1604 utilem
2354 1562 2530 1621 agere

273 1649 426 1709 vitam
479 1652 797 1712 credebant
851 1661 1028 1732 atque
1086 1672 1189 1714 eos
1237 1652 1392 1713 solos
1441 1653 1705 1732 reliquos
1753 1671 1883 1713 esse
1933 1671 2005 1712 ex
2054 1654 2240 1730 stirpe
2290 1651 2531 1712 Saturni

274 1758 427 1834 regiS.
512 1761 605 1819 cui
662 1769 1127 1821 consentaneum
1190 1769 1308 1841 est,
1374 1760 1530 1838 quod
1587 1761 1758 1819 initia
1815 1768 2102 1820 vocantur
2156 1761 2529 1838 potissimum

274 1880 330 1921 ea
389 1883 525 1943 quae
579 1866 782 1927 Cereri
846 1869 996 1928 fiunt
1053 1886 1234 1928 sacra.
1338 1885 1446 1927 nec
1505 1870 1700 1928 minus
1756 1868 1957 1946 oppidi
2013 1885 2250 1946 quoque
2307 1873 2582 1930 nomen6

277 1966 486 2031 Thebae
543 1973 763 2034 indicat
829 1976 1224 2054 antiquiorem
1282 1993 1412 2035 esse
1470 1992 1705 2055 agrum,
1772 1974 1926 2053 quod
1986 1973 2058 2034 ab
2115 1975 2242 2052 agri
2297 1991 2533 2054 genere,

220 2093 258 2132 15
280 2092 379 2136 non
432 2097 462 2137 a
516 2081 818 2141 conditore
867 2100 1083 2142 nomen
1130 2085 1187 2143 ei
1232 2093 1325 2143 est
1369 2083 1710 2161 inpositum.
1805 2099 1938 2141 nam
1986 2081 2185 2159 lingua
2232 2082 2428 2158 prisca
2475 2087 2535 2139 et

281 2183 332 2240 in
380 2184 602 2247 Graecia
659 2187 855 2248 Aeolis
910 2188 1116 2250 Boeoti
1172 2192 1298 2249 sine
1356 2190 1571 2250 adflatu
1629 2195 1840 2248 vocant
1896 2186 2062 2248 collis
2118 2185 2308 2267 tebaS,
2367 2193 2426 2245 et
2473 2188 2534 2244 in

285 2286 512 2373 Sabinis,
564 2313 680 2373 quo
729 2314 761 2355 e
809 2296 1053 2356 Graecia
1101 2305 1391 2358 venerunt
1436 2297 1694 2377 Pelasgi,
1752 2297 1929 2356 etiam
1978 2313 2136 2355 nunc
2182 2295 2261 2355 ita
2310 2292 2535 2372 dicunt,

409 2577 433 2625 1
485 2590 578 2629 nec
630 2594 822 2630 murus
879 2579 937 2631 et
991 2579 1155 2647 porta
1206 2575 1340 2646 quid
1397 2577 1544 2631 esset
1602 2575 1712 2630 VB
1759 2590 1862 2629 nec
1910 2592 2099 2629 murus
2146 2575 2305 2643 (corr.
2352 2604 2412 2613 —
2452 2573 2537 2643 os)

288 2673 372 2710 nec
419 2666 592 2730 portas
650 2665 786 2734 quid
842 2683 963 2721 esse
1008 2668 1066 2723 A
1118 2684 1220 2722 nec
1276 2683 1462 2720 muros
1513 2682 1615 2720 nec
1661 2666 1853 2734 portas
1900 2664 2034 2733 quid
2080 2665 2325 2745 esset-m
2504 2668 2536 2715 2

176 2758 181 2763 ’
289 2743 472 2803 inmani
505 2753 554 2806 A
595 2755 830 2809 immani
881 2757 991 2811 VB
1133 2757 1375 2810 urbanos
1418 2755 1601 2810 PAB
1649 2753 1874 2808 urbanis
1910 2772 1942 2808 v
2088 2760 2119 2807 5
2164 2768 2448 2821 nunquam
2493 2749 2548 2803 V

380 2845 404 2892 7
444 2839 495 2895 in
529 2859 689 2913 agros
715 2865 751 2898 v
790 2845 848 2898 in
886 2843 1037 2915 agris
1071 2845 1254 2900 PAB
1362 2850 1393 2897 8
1436 2843 1622 2909 ‘Quod
1661 2845 1718 2896 et
1752 2843 1811 2896 in
1847 2859 1986 2911 pace
2024 2858 2058 2895 a
2084 2841 2308 2896 rusticis
2336 2840 2399 2895 L.
2429 2839 2539 2894 ale-

289 2923 467 2982 bantur
498 2930 552 3002 [a
583 2933 809 2988 rusticis
847 2934 1090 2989 romanis
1130 2935 1426 2989 alebantur
1462 2935 1525 2988 in
1562 2934 1797 2988 editione
1843 2930 2160 3002 Victorius],
2198 2931 2258 2985 et
2292 2928 2539 2983 in.bello

290 3014 348 3066 ab
371 3016 437 3070 iis
460 3020 761 3078 tuebantur.
818 3023 991 3078 Hunc
1018 3025 1193 3078 locum
1219 3026 1283 3078 iri
1311 3025 1520 3078 cunctis
1548 3039 1720 3077 marm
1750 3022 1971 3090 scriptis
1989 3021 2300 3074 mendosum
2319 3019 2539 3071 inueni:

293 3117 395 3158 cum
437 3114 595 3164 autem
639 3113 783 3166 nihil
828 3113 897 3167 ab
944 3114 1155 3168 excusis
1199 3115 1565 3180 manauerint,
1611 3117 1840 3166 ueterem
1883 3111 2214 3177 scripturam
2256 3114 2407 3162 mmc'
2451 3107 2539 3159 in-

294 3191 452 3248 dicare
483 3200 621 3254 uolo:
660 3201 724 3253 in
761 3218 872 3270 qua
907 3202 1049 3256 idem
1085 3203 1314 3256 uerbum
1350 3203 1574 3256 secundi
1611 3201 1833 3255 membri
1869 3199 1999 3267 finis
2035 3203 2129 3264 est,
2167 3197 2310 3266 quod
2337 3195 2515 3264 primi
2525 3215 2541 3246 .-

288 3276 345 3333 'id
368 3289 450 3351 est,
466 3284 543 3339 Ab
560 3288 627 3344 iis
657 3289 967 3359 alebantur,
996 3291 1060 3344 iri
1087 3291 1315 3345 uetustis
1334 3290 1629 3355 codicibus,
1650 3294 1900 3356 utsupra
1920 3288 1972 3341 A
1993 3286 2215 3341 rusticis
2233 3284 2543 3340 hominibus

297 3369 559 3442 alebantur,
595 3376 806 3445 leyitwr'
849 3379 1124 3434 Victorius
1231 3385 1262 3432 9
1303 3379 1375 3433 ab
1408 3379 1476 3432 iis
1505 3378 1627 3434 AB
1653 3379 1726 3432 ab
1754 3376 1842 3430 his
1883 3376 1935 3430 V
2039 3375 2334 3429 alebantur
2360 3371 2542 3427 PAB

296 3458 559 3519 tuebantur
594 3468 653 3520 et
687 3467 981 3523 alebantur
1002 3471 1300 3538 posteriore
1327 3470 1439 3523 loco
1467 3485 1499 3522 v
1610 3473 1678 3521 10
1714 3482 1958 3521 cererem
1997 3465 2109 3519 VB
2142 3480 2354 3518 cerrem
2382 3462 2438 3516 A

299 3563 436 3617 agere
468 3552 635 3611 uitam
664 3557 787 3611 AB
824 3558 1001 3613 uitam
1037 3574 1205 3628 agere
1246 3557 1298 3611 V
1404 3564 1463 3610 11
1507 3559 1675 3624 atque
1702 3556 1799 3609 Bv
1838 3554 2021 3622 adque
2050 3553 2165 3607 PA
2275 3552 2420 3606 solos
2457 3567 2543 3605 re-

298 3636 453 3707 liquos
487 3645 686 3714 PAB,
733 3649 826 3701 sed
873 3632 932 3702 os
973 3653 1199 3718 utroque
1237 3649 1351 3702 loco
1385 3649 1448 3701 in
1483 3662 1686 3701 rasura
1724 3645 1780 3699 A
1816 3645 1965 3698 solos
2001 3642 2270 3712 reliquias
2308 3659 2400 3696 mv

302 3727 468 3802 stirpe]
502 3734 670 3805 stripe
698 3736 754 3790 A
866 3742 929 3789 12
970 3739 1117 3806 quod
1155 3736 1320 3791 init-ia
1356 3768 1422 3776 —-
1463 3752 1564 3790 nec
1592 3735 1774 3788 minus
1802 3735 1865 3788 in
1891 3734 2138 3804 maryi‘ne
2164 3733 2374 3800 scripta
2399 3732 2462 3784 ivi
2490 3730 2546 3784 A

392 3824 447 3874 14
480 3821 683 3878 indicat
709 3842 803 3879 mv
835 3825 1086 3880 indicant
1110 3826 1292 3880 PAB
1399 3841 1574 3892 essem
1605 3838 1802 3892 agrum
1829 3821 1885 3875 B
1993 3822 2116 3891 agri
2140 3837 2344 3891 genere
2365 3819 2545 3873 PAR

303 3907 434 3975 argin
481 3928 673 3979 graece
720 3931 753 3968 v
792 3955 803 3966 .
846 3913 1001 3967 Unde
1056 3915 1185 3968 sunt
1226 3913 1450 3968 Thebae
1496 3912 1816 3981 appellatae
1861 3913 1926 3965 iri
1970 3912 2216 3981 maryine
2253 3911 2547 3978 adscripsit

307 3993 585 4056 Politianus
676 4007 742 4056 15
763 4002 1064 4071 inpositum
1084 4003 1140 4057 A
1157 4002 1480 4073 impositum
1503 4001 1617 4055 VB
1711 4008 1775 4058 16
1795 4000 1970 4056 aeolis
1987 3999 2395 4054 boeotiPeolis
2412 3998 2545 4052 boe-

306 4082 372 4137 oti
393 4086 442 4139 A
475 4090 643 4144 aeblis
682 4090 874 4147 boeoti
901 4093 973 4160 B,
1010 4094 1074 4146 in
1109 4108 1214 4162 quo
1244 4091 1418 4145 aeblis
1448 4122 1513 4130 —
1545 4089 1781 4145 Graecia
1807 4090 1871 4143 in
1896 4089 2143 4158 maryine
2168 4089 2375 4155 scripta
2402 4093 2549 4152 sunt,

306 4174 460 4232 aeoles
494 4180 664 4235 boetii
700 4197 732 4233 v
864 4181 1090 4242 *adflatu
1125 4183 1180 4234 A
1219 4180 1411 4234 afflatu
1452 4180 1559 4235 VB
1705 4181 1912 4235 uocant
1946 4178 2107 4233 collis
2134 4177 2332 4231 thebas
2364 4176 2550 4231 PAB

305 4268 477 4320 uocant
518 4268 654 4324 eolis
700 4270 903 4324 thebas
939 4286 993 4323 m
1042 4271 1246 4324 uocant
1290 4269 1463 4324 aeolis
1508 4270 1671 4324 tebas
1708 4285 1756 4325 v.
1834 4267 2075 4323 ‘Vocant
2120 4263 2279 4319 collis
2316 4264 2549 4318 Thebas.

306 4350 386 4407 Ita
415 4360 689 4413 emendaui
725 4375 751 4411 e
787 4359 1014 4413 uetustis
1043 4359 1349 4414 codicibus.
1371 4363 1533 4412 antea
1560 4359 1625 4411 iri
1653 4358 1865 4412 excusis
1893 4354 2080 4410 Aeolis
2110 4359 2361 4423 corrupte
2378 4374 2394 4406 .·
2414 4370 2552 4423 quae

305 4444 455 4498 tamen
488 4446 637 4502 lectio
671 4448 735 4500 in
770 4448 1089 4502 semiaetere.
1109 4448 1287 4502 codice
1325 4466 1360 4502 a
1388 4465 1468 4501 me
1493 4449 1725 4502 inuenta
1751 4446 1848 4501 est’
1902 4445 2176 4499 Victorius
2286 4449 2351 4497 17
2381 4442 2553 4497 etiam

307 4546 427 4588 nunc
458 4534 534 4591 ita
571 4538 688 4591 PB
732 4535 904 4591 etiam
938 4536 1023 4591 ita
1057 4537 1111 4591 A
1150 4535 1319 4598 etiam
1356 4535 1438 4590 ita
1474 4552 1620 4590 nunc
1655 4553 1707 4589 m
1747 4536 1802 4590 et
1838 4550 1985 4589 nunc
2019 4531 2104 4589 ita
2138 4549 2171 4588 v
