3178 5185
586 400 713 464 170
773 391 779 394 ⁴
1267 408 1649 463 COMMENT.
1687 409 1767 463 IN
1805 408 2199 463 VARRONIS

579 572 639 623 et
687 562 1001 623 verborum
1050 562 1196 623 ordo
1244 565 1684 644 restitueretur,
1726 563 2010 640 Scrofam
2057 566 2213 624 enim
2262 570 2397 622 ante
2437 570 2497 623 et
2540 563 2864 622 Varronem

577 678 849 732 nostrum
894 672 1068 750 posui
1115 678 1175 730 et
1220 669 1468 732 verbum
1506 674 1718 747 inquit,
1759 670 1914 751 quod
1964 678 2101 750 post
2136 669 2283 731 haec
2324 689 2393 730 ex
2444 667 2865 750 superioribus,

578 786 643 837 ut
690 776 951 858 videtur,
997 779 1317 857 repetitum
1385 786 1538 857 erat,
1586 778 1802 858 delevi,
1851 779 2278 855 Synepirotae,
2328 781 2547 853 inquit,
2594 774 2863 857 χαίρετε,

577 883 861 960 Scrofam
908 887 1065 946 enim
1111 892 1170 945 et
1228 885 1562 946 Varronem
1609 892 1907 960 nostrum,
1954 876 2240 964 ποιμένα
2295 880 2509 963 λαῶν,
2556 902 2733 944 mane
2775 902 2864 944 sa-

576 994 782 1053 lutavi.
874 1009 1010 1051 nam
1066 999 1302 1070 praeter
1364 990 1632 1053 Scrofam
1691 1000 1752 1052 et
1796 990 2120 1052 Varronem
2182 991 2395 1072 reliqui
2452 993 2556 1071 qui
2612 990 2865 1070 aderant,

577 1099 734 1159 sicut
779 1100 841 1159 in
887 1098 1057 1159 initio
1107 1100 1400 1159 sermonis
1452 1098 1500 1158 [Ι
1543 1097 1599 1180 1,
1639 1097 1680 1160 2
1729 1099 1953 1160 dictum
2013 1107 2168 1181 erat,
2214 1101 2274 1160 in
2323 1097 2504 1179 Epiro
2563 1098 2865 1176 pecuarias

578 1203 889 1266 habebant.
983 1206 1181 1285 itaque
1238 1203 1325 1265 illi
1389 1207 1450 1265 in
1517 1205 1870 1268 salutatione
1925 1204 2172 1267 Lucieni
2228 1205 2404 1266 simul
2462 1207 2868 1284 nominantur3

577 1315 762 1374 ceteri
815 1314 1117 1373 communi
1167 1310 1653 1393 Synepirotarum
1702 1315 1940 1374 nomine
1990 1313 2593 1392 comprehenduntur.

754 1418 897 1480 Hoc
963 1419 1276 1481 adferam
1341 1439 1566 1482 meum
1634 1423 1908 1482 corium
1975 1429 2044 1482 et
2108 1419 2362 1500 flagra]
2411 1421 2550 1481 Huc
2611 1420 2868 1493 afferam

574 1526 900 1587 Beroaldus
947 1534 1008 1587 et
1054 1525 1266 1588 deinde
1317 1528 1532 1608 rellqui
1580 1528 1858 1590 editores,
1948 1532 2064 1590 boo
2108 1547 2218 1609 pro
2264 1531 2386 1590 huc
2441 1536 2751 1608 praeterea
2810 1528 2867 1586 in

577 1633 894 1713 archetypo
944 1632 1234 1712 scriptum
1282 1644 1409 1696 erat
1454 1632 1634 1717 1115,
1672 1633 1711 1698 8
1759 1639 1875 1697 boc
1923 1638 2236 1698 coieceriS.
2315 1635 2865 1715 interpretationem

577 1739 895 1801 verborum
952 1744 1260 1820 temptavit
1305 1741 1603 1804 Victorius
1651 1761 1770 1804 var.
1818 1742 1950 1803 lect.
1991 1739 2096 1825 24,
2138 1738 2246 1824 18,
2305 1736 2681 1827 ‘ostendere‘
2715 1742 2867 1800 enim

578 1846 760 1908 voluit
818 1849 918 1927 qui
989 1865 1056 1906 ea
1119 1847 1395 1931 protulit,
1452 1868 1515 1910 se
1582 1868 1839 1929 aequum
1904 1849 2205 1911 hominem
2271 1867 2401 1910 esse
2468 1867 2534 1909 ac
2597 1856 2866 1928 paratum

576 1972 812 2014 omnem
858 1971 1109 2035 poenam
1157 1958 1417 2036 perpeti,
1465 1959 1516 2017 si
1576 1952 1931 2037 peccasset'.
2022 1959 2253 2018 iocatur
2308 1965 2505 2018 autem
2551 1953 2869 2035 LucienuS,

576 2080 710 2122 cum
760 2063 964 2122 amicis
1010 2062 1499 2146 conviciantibuS,
1539 2064 1695 2144 quod
1746 2083 1880 2125 sero
1920 2067 2197 2145 venisset,
2236 2063 2560 2144 respondet
2606 2080 2689 2144 se,
2731 2080 2862 2123 cum

576 2170 732 2230 iusta
772 2187 885 2248 pro
927 2168 1124 2230 reditu
1163 2172 1510 2252 peregisset,
1549 2174 1667 2232 iam
1706 2171 1778 2233 ad
1817 2191 1918 2233 eos
1957 2172 2290 2233 rediturum
2327 2180 2388 2232 et
2425 2179 2660 2250 tergum
2698 2187 2868 2231 suum

577 2295 714 2337 cum
760 2275 958 2355 flagris
1006 2276 1340 2338 adlaturum
1387 2297 1535 2361 esse,
1584 2288 1652 2340 ut
1698 2298 1918 2359 poenas
1967 2270 2221 2341 solveret
2270 2276 2639 2339 verberibus,
2716 2284 2865 2337 cete-

576 2402 708 2444 rum
758 2382 911 2444 haud
960 2385 1082 2444 scio
1130 2402 1203 2444 an
1242 2387 1467 2446 rectius
1505 2403 1736 2448 mecum
1776 2385 2090 2467 scribatur,
2131 2403 2305 2465 quam
2342 2401 2553 2459 meum,
2594 2392 2661 2445 ut
2703 2385 2861 2444 corio

576 2490 701 2550 lora
748 2509 780 2550 e
830 2492 992 2551 corio
1040 2491 1192 2552 facta
1233 2493 1664 2571 significentur,
1702 2512 1819 2554 non
1859 2502 2094 2574 tergum
2132 2492 2412 2552 hominis:
2462 2489 2650 2552 Plaut.
2691 2490 2863 2551 Poen.

582 2595 706 2659 138
754 2601 895 2659 heri
938 2602 1000 2659 in
1046 2606 1219 2675 terqo
1265 2618 1393 2662 meo
1441 2604 1553 2661 tris
1594 2600 1789 2677 facile
1836 2604 2035 2663 corios
2081 2602 2426 2662 contrivisti
2468 2601 2737 2660 bubulos

753 2704 921 2765 Dum
970 2724 1165 2767 asses
1199 2708 1419 2769 soluo
1465 2709 1781 2788 palibus]
1824 2711 2120 2772 Palilibus
2166 2708 2322 2768 edita
2368 2706 2507 2767 inde
2546 2706 2619 2767 ab
2657 2706 2860 2767 Aldina

577 2812 835 2873 editione
883 2814 1255 2897 exemplaria,
1296 2815 1452 2895 quod
1493 2818 1597 2896 qui
1635 2816 1962 2878 defendunt
2008 2833 2315 2877 sermones
2356 2814 2429 2874 de
2478 2833 2543 2875 re
2590 2816 2863 2895 pecuaria

578 2929 871 2998 tamquam
918 2918 1199 2981 Palilibus
1245 2921 1477 2983 habitos
1524 2924 1668 3003 fingi
1712 2931 1941 3003 putant.
2014 2922 2265 2984 Ursinus
2314 2923 2613 2983 Palilibus
2655 2931 2857 3002 postea

576 3027 842 3105 additum
891 3045 1023 3087 esse
1083 3030 1465 3110 existimavit,
1513 3038 1579 3090 ut
1638 3029 2004 3091 indicaretur
2062 3031 2166 3110 qui
2220 3029 2346 3090 dies
2401 3031 2452 3090 is
2509 3036 2695 3111 esset,
2752 3046 2864 3108 quo

575 3154 737 3195 asses
803 3133 1192 3196 solverentur.
1284 3138 1427 3198 Pali
1483 3139 1738 3198 coniecit
1794 3136 2213 3198 SchneidemS.
2305 3137 2520 3215 scripsi
2576 3136 2857 3197 Laribus

576 3260 711 3303 nam
774 3242 868 3302 his
936 3259 1097 3302 asses
1154 3242 1283 3304 dari
1339 3242 1542 3305 solitos
1600 3262 1731 3305 esse
1789 3243 1974 3304 Varro
2041 3244 2114 3305 de
2179 3245 2294 3303 vita
2358 3242 2563 3323 populi
2620 3242 2866 3303 Romani

576 3359 779 3409 narrat
838 3350 993 3429 apud
1050 3348 1306 3410 Nonium
1363 3370 1418 3430 p.
1457 3348 1605 3432 531,
1645 3347 1703 3413 8.
1795 3351 2007 3412 iisdem
2072 3369 2237 3411 sacra
2303 3351 2431 3410 fieri
2496 3368 2606 3429 pro
2674 3350 2866 3410 reditu

576 3458 814 3516 scimus
907 3455 1159 3517 discedit
1205 3458 1388 3535 igitur
1433 3456 1733 3518 Lucienus
1782 3477 1897 3520 una
1947 3477 2080 3519 cum
2130 3457 2356 3518 Murrio
2407 3475 2438 3517 a
2488 3455 2756 3537 reliquiS,
2802 3466 2866 3518 ut

578 3581 740 3623 asses
787 3581 895 3642 pro
943 3563 1141 3624 reditu
1189 3563 1373 3625 solvat
1417 3563 1687 3645 Laribus»,
1735 3574 1801 3625 ut
1850 3565 2098 3644 videtur,
2147 3562 2579 3644 compitalibus

752 3668 795 3731 2
870 3670 1151 3732 Atticus
1216 3673 1488 3732 murrio
1554 3674 1870 3732 narrasti
1934 3673 2173 3750 inquit
2234 3670 2472 3731 eadem
2534 3672 2659 3749 qui
2721 3689 2865 3731 ser·

577 3779 803 3839 monis
860 3779 1005 3838 sint
1062 3776 1319 3855 hahiti]
1369 3778 1436 3838 In
1474 3777 1683 3839 Aldina
1729 3779 1988 3839 editione
2034 3778 2181 3839 haec
2230 3786 2289 3838 et
2334 3795 2484 3857 quae
2531 3786 2869 3856 sequuntur

575 3888 654 3946 ita
703 3893 924 3946 mutata
971 3894 1157 3960 erant,
1218 3885 1476 3947 Vaccius
1524 3887 1749 3962 Murio,
1798 3888 2010 3947 Narra
2056 3889 2160 3947 isti
2204 3888 2400 3961 inquit
2443 3888 2658 3946 eadem
2688 3889 2867 3946 —in

577 4011 693 4068 quo
740 3996 982 4068 quidem
1029 4010 1199 4054 meae
1236 4001 1450 4069 partes
1486 4027 1572 4035 -
1610 3996 1668 4054 si
1710 3997 1845 4069 quis
1889 3997 2032 4074 scit,
2078 3995 2187 4054 ubi
2228 4011 2391 4077 nunc
2437 3994 2618 4053 labar
2665 3995 2864 4055 obser·

578 4107 686 4160 vet.
728 4099 961 4160 Menas.
1043 4098 1189 4160 Vide
1224 4102 1376 4174 quid
1420 4118 1573 4175 ayas
1622 4103 1869 4175 inquam
1912 4100 2100 4161 Vacti.
2166 4099 2469 4179 archetypi
2507 4101 2863 4179 scripturam

578 4225 710 4268 cum
779 4215 940 4267 certa
1003 4205 1253 4268 iucundi
1319 4207 1728 4269 emendatione
1793 4226 1991 4268 narra
2056 4210 2158 4268 isti
2214 4204 2514 4267 Victorius
2581 4208 2861 4268 restituit.

577 4316 786 4375 eadem
834 4322 1032 4374 autem
1077 4313 1325 4375 ablativo
1374 4333 1513 4375 casu
1562 4333 1669 4394 pro
1718 4313 1994 4375 adverbio
2042 4313 2268 4375 dictum
2306 4321 2416 4392 est,
2461 4312 2518 4375 h.
2558 4331 2608 4374 e.
2659 4314 2861 4375 eadem

578 4423 806 4482 ratione
853 4420 945 4480 vel
990 4420 1181 4482 simul.
2625 4405 2637 4417 ’

758 4529 934 4589 Nunc
980 4530 1087 4589 ubi
1130 4530 1310 4589 labar
1357 4527 1495 4589 olim
1543 4530 1603 4588 in
1645 4527 2004 4590 editionibus
2042 4537 2195 4611 erat3
2240 4530 2514 4590 nuncubi
2548 4527 2861 4609 legendum
