3178 5185
901 451 1162 506 RERVM
1199 428 1683 510 Rvs‘rioARVM
1720 455 1855 511 ΜΒ.
1893 457 1946 510 11
1986 455 2025 510 4
2285 466 2292 473 ·
2482 450 2603 515 165

318 616 445 668 ante
495 606 813 668 relativum
851 625 1178 684 pronomen
1227 608 1430 669 delevi.
1492 626 1629 669 nam
1668 610 1737 670 ad
1778 610 2002 670 scrofas
2051 630 2199 690 quae
2238 622 2603 693 pepererunt

317 732 651 793 pronomen
719 715 978 793 pertinet
1042 714 1254 793 plurali
1320 734 1568 776 numero
1632 724 1768 796 post
1833 717 2191 797 singularem
2252 722 2472 802 posito,
2538 729 2603 781 ut

312 823 567 903 saepiuS,
606 838 727 882 non
765 820 835 880 ad
874 820 1074 883 haras:
1121 821 1344 883 Colum.
1385 820 1485 882 VII
1524 819 1583 902 9,
1626 819 1708 883 13
1757 829 1940 898 atque
1976 842 2087 886 eae
2125 828 2342 901 quibus
2381 834 2602 905 partus

310 931 707 990 summittitur
753 935 924 989 cocto
968 934 1112 988 sunt
1153 930 1383 990 hordeo
1428 932 1847 1005 sustinendae,
1894 949 1972 992 ne
2017 934 2104 993 ad
2145 937 2400 995 maciem
2443 952 2599 995 sum-

309 1055 464 1098 mam
505 1038 897 1114 perducatur
944 1043 1001 1096 et
1046 1053 1127 1096 ex
1172 1053 1247 1096 ea
1294 1038 1381 1096 ad
1423 1039 1691 1112 aliquam
1730 1041 2084 1113 perniciem.

491 1140 576 1204 16
643 1141 863 1203 Deliti
910 1141 1401 1221 appellantur]
1443 1145 1645 1205 Delici
1676 1144 1919 1206 Merula.
1983 1145 2158 1223 glosS.
2195 1146 2600 1226 latino-graec.

309 1271 356 1312 v.
392 1250 445 1311 II
493 1269 554 1329 p.
583 1247 690 1331 42,
719 1246 759 1310 9
808 1251 1054 1311 delitum
1089 1240 1695 1330 ἆπογαλακτισθέν,
1733 1251 1837 1312 ubi
1883 1255 2144 1314 delicum
2189 1256 2429 1334 scripsit
2466 1253 2599 1315 Vul-

307 1361 512 1420 canius
549 1367 669 1418 not.
708 1358 767 1418 in
807 1356 983 1446 gloss.
1012 1356 1412 1437 latino-graec.
1441 1377 1497 1437 p.
1519 1355 1632 1420 30:
1673 1358 1850 1438 gloss‚
1889 1359 2051 1421 latin.
2082 1380 2131 1421 v.
2164 1359 2238 1419 IV
2264 1381 2320 1441 p.
2344 1358 2492 1443 328,
2512 1358 2598 1425 52

308 1469 564 1528 delictus
630 1468 938 1543 depulsus,
994 1464 1151 1544 quod
1218 1466 1478 1526 correxit
1534 1464 1807 1527 Loewius
1853 1466 2029 1546 gloss,
2078 1470 2298 1528 nomin.
2342 1488 2399 1548 p.
2444 1465 2599 1531 115:

308 1572 423 1634 Cat.
462 1570 525 1652 2,
568 1569 603 1632 7
654 1579 932 1633 armenta
980 1574 1272 1653 delicula,
1319 1590 1455 1634 oves
1502 1575 1814 1635 delicatas.
1889 1574 2100 1635 deinde
2148 1584 2489 1655 corruptam
2537 1578 2597 1636 in

308 1680 478 1740 editis
529 1678 968 1758 exemplaribus
1014 1678 1456 1739 distinctionem
1504 1678 1826 1740 verborum
1872 1682 1934 1740 in
1980 1680 2140 1742 hunc
2186 1681 2429 1742 modum
2469 1702 2597 1744 cor-

308 1789 458 1867 rexi,
516 1804 656 1848 cum
721 1790 999 1847 insanum
1062 1804 1238 1861 quem
1293 1793 1502 1863 putat,
1568 1794 1638 1847 ut
1691 1790 1926 1864 pietur,
1984 1791 2046 1848 in
2104 1790 2444 1865 Epidamno
2506 1794 2598 1851 in·-

308 1901 601 1971 terroqat.
1600 1958 1601 1961 ,

479 2001 790 2063 Vinacea
838 2020 914 2062 ac
961 2004 1207 2082 scopei
1253 2020 1334 2062 ex
1382 1999 1571 2079 uuis]
1615 2002 1803 2079 Scopi
1845 2001 2144 2081 Angelius,
2220 2011 2361 2064 sunt
2398 2012 2596 2066 autem

310 2113 469 2190 scopi
516 2127 797 2191 uvarum,
843 2111 904 2169 in
954 2107 1172 2188 quibus
1221 2111 1387 2169 acina
1432 2109 1706 2187 haerent,
1753 2107 1778 2167 I
1817 2105 1922 2189 54,
1959 2106 2001 2169 2
2044 2114 2216 2187 scopi
2260 2129 2397 2172 cum
2435 2112 2595 2188 folli-

308 2222 481 2293 culis,
540 2219 683 2278 item
742 2216 814 2276 de
871 2218 1170 2295 asparagis
1215 2214 1427 2279 Pallad.
1468 2215 1548 2277 III
1587 2213 1692 2298 24,
1731 2213 1770 2278 8
1830 2219 2224 2278 incendamus
2281 2221 2344 2278 in
2399 2224 2597 2296 scopis

310 2333 365 2385 et
408 2323 483 2384 IV
521 2321 583 2400 9,
625 2321 708 2385 12
754 2341 965 2401 scopos
1012 2327 1142 2385 eius
1189 2327 1500 2400 incendes,
1548 2323 1652 2384 ubi
1710 2341 1927 2400 scopas
1972 2331 2064 2384 est
2108 2325 2170 2384 in
2217 2324 2593 2389 editionibus,

310 2431 545 2492 eosdem
595 2430 693 2490 alii
740 2431 1052 2510 scopiones
1101 2430 1325 2513 dicunt,
1363 2430 1505 2492 Cato
1547 2428 1692 2511 112,
1731 2427 1771 2491 3
1820 2434 2136 2508 decarpito
2176 2434 2251 2492 de
2296 2437 2596 2509 scopione,

310 2538 629 2601 Columella
664 2536 743 2599 XI
783 2536 843 2620 3,
871 2534 958 2601 46
1003 2542 1316 2617 scopiones
1363 2541 1448 2600 ita
1494 2542 1587 2600 uti
1629 2545 1771 2601 sunt
1817 2541 1879 2600 in
1927 2557 2036 2601 suo
2083 2542 2213 2602 loco
2253 2543 2599 2617 perurendi

305 2654 458 2724 sunt,
505 2646 617 2707 XII
656 2643 760 2728 39,
797 2643 838 2706 3
884 2649 1017 2707 sine
1060 2648 1445 2724 scopionibus
1511 2649 1573 2707 in
1622 2649 1844 2708 dolium
1891 2650 2136 2723 coicit0,
2192 2642 2298 2729 45,
2335 2645 2376 2709 2
2422 2667 2592 2726 sepa-

305 2739 472 2816 ratis
502 2755 908 2832 scopionibus.

486 2858 569 2922 17
638 2859 914 2921 Amisso
980 2862 1263 2920 nomine
1328 2860 1685 2921 lactantes
1760 2859 2104 2920 dicuntur
2178 2861 2591 2941 nefrendes]

306 2969 624 3030 Lactantis
687 2966 938 3048 Merula,
1004 2974 1065 3027 et
1126 2967 1351 3027 rectius
1414 2967 1688 3044 genetivo
1754 2983 1892 3025 casu
1949 2964 2094 3025 haec
2162 2967 2280 3027 dici
2334 2979 2592 3047 apparet.

306 3077 525 3155 poterit
571 3081 771 3134 tamen
818 3074 1215 3134 nominativus
1262 3075 1341 3134 ita
1388 3072 1644 3155 defendi,
1688 3081 1754 3140 ut
1799 3071 2082 3133 lactantes
2128 3076 2297 3151 porci
2343 3077 2446 3153 qui
2493 3075 2592 3135 ad-

306 3183 420 3243 huc
469 3181 851 3262 dicebantur,
899 3200 1036 3241 cum
1092 3180 1325 3261 depulsi
1380 3190 1520 3240 sunt
1565 3198 1599 3239 a
1644 3196 1923 3258 mamma,
1971 3196 2040 3238 eo
2088 3182 2325 3240 nomine
2377 3184 2591 3242 amisso

311 3293 422 3351 iam
471 3290 746 3351 dicantur
794 3288 1127 3349 nefrendes,
1220 3295 1487 3349 ceterum
1544 3290 1823 3349 lactentis
1879 3294 1939 3346 et
1997 3304 2176 3364 supra
2232 3306 2426 3363 neque
2472 3292 2593 3350 iam

307 3402 599 3461 lactentes
645 3399 937 3457 dicuntur
982 3381 1044 3456 in
1082 3394 1540 3456 Commeliniana
1586 3393 1846 3454 editione
1895 3395 2237 3454 coniectura
2277 3394 2593 3479 Sylburgii,

308 3516 371 3567 ut
414 3504 671 3584 videtur,
710 3522 1056 3583 expressum
1105 3510 1164 3563 et
1201 3502 1412 3563 deinde
1458 3504 1521 3562 in
1567 3500 1827 3580 reliquas
1866 3500 2156 3561 editiones
2202 3512 2590 3583 propagatum

310 3623 415 3675 est.
499 3614 711 3689 porcis
757 3612 1120 3672 lactentibus
1173 3618 1379 3689 postea
1426 3608 1465 3686 ἓ
1505 3605 1586 3670 21
1650 3618 1741 3669 est
1796 3610 1857 3667 in
1910 3606 2079 3668 libris
2127 3627 2303 3668 manu
2351 3613 2590 3690 scriptis

310 3731 365 3780 et
419 3718 620 3780 editis:
676 3720 817 3778 item
875 3721 1173 3779 lactantes
1215 3716 1272 3780 Π
1310 3712 1369 3798 5,
1412 3713 1511 3778 16.
1563 3714 1620 3796 7,
1665 3712 1763 3776 12.
1814 3712 1914 3795 11,
1951 3711 2020 3796 5,
2078 3715 2180 3775 sed
2228 3719 2590 3778 lactentibus

306 3826 355 3886 II
397 3824 500 3904 11,
538 3822 597 3887 5.
689 3843 838 3904 quae
886 3826 972 3884 sic
1019 3832 1085 3885 ut
1130 3827 1192 3885 in
1241 3824 1559 3903 archetypo
1623 3823 1843 3902 scripta
1890 3830 2059 3882 erant
2105 3822 2361 3883 exhibui.
2453 3842 2590 3884 nam

309 3953 454 4013 quae
513 3933 650 3993 olim
707 3951 738 3992 a
795 3932 1192 4011 grammaticis
1248 3931 1320 3992 de
1384 3930 1478 3990 his
1541 3928 1842 3991 vocabulis
1897 3938 2213 4009 praecepta
2279 3941 2418 3992 sunt
2475 3950 2586 3993 usu

310 4042 697 4121 scriptorum,
743 4039 796 4099 si
841 4057 1018 4099 manu
1068 4039 1321 4117 scriptos
1367 4036 1551 4097 libros
1600 4038 1932 4119 sequimur,
1979 4053 2099 4096 non
2145 4037 2589 4100 confirmantur.

309 4147 555 4208 aliorum
595 4147 953 4226 scriptorum
985 4144 1249 4225 exempla
1287 4141 1564 4206 indicavit
1593 4142 1867 4204 Hertzius
1905 4145 1968 4203 in
2005 4142 2276 4203 viudiciis
2311 4143 2588 4206 Gellianis

311 4274 361 4333 p.
397 4252 483 4315 48
533 4261 594 4314 et
638 4256 700 4312 in
738 4251 883 4313 Gell.
921 4251 995 4311 IV
1032 4250 1091 4334 6,
1129 4249 1187 4313 2.
1262 4251 1417 4332 apud
1465 4250 1739 4312 Ovidium
1786 4268 2023 4329 quoque
2069 4258 2176 4310 art.
2216 4268 2330 4310 am.
2366 4249 2420 4310 II
2456 4249 2585 4314 375

312 4364 527 4421 catulis
572 4362 939 4420 lactantibus
986 4367 1047 4419 et
1094 4366 1326 4419 metam.
1363 4356 1417 4417 X
1453 4356 1580 4420 227
1632 4361 1929 4418 lactantes
1976 4359 2188 4417 vitulos
2236 4358 2296 4417 iu
2344 4360 2582 4437 optimis

313 4465 945 4551 codicibus·scriptum
994 4469 1099 4527 e'st.

487 4574 565 4634 Id
600 4580 689 4634 est
717 4573 1018 4650 franqere
1055 4582 1351 4652 tamquam
1389 4581 1593 4654 postea
1632 4571 1826 4632 addita
1866 4569 2052 4631 deleri
2091 4568 2273 4630 voluit
2306 4569 2586 4634 Heinsius
