3178 5185
782 452 1044 506 RERVM
1080 451 1559 506 RVSTICARVM
1597 452 1732 506 LIB.
1771 453 1796 504 I
1835 449 2005 506 2-3
2454 442 2540 506 23

298 608 549 669 admonet.
639 610 841 687 itaque
890 607 1083 667 deleto
1131 615 1216 681 et,
1274 606 1430 686 quod
1489 608 1725 687 saepius
1782 609 1843 666 in
1901 605 2221 686 archetypo
2278 605 2542 666 additum

299 725 417 796 erat,
458 724 711 775 veterem
762 718 1118 796 scripturam
1161 717 1415 794 restitui,
1462 732 1591 790 eqo,
1638 717 1803 790 quod
1845 718 2056 789 mam-s,
2096 717 2359 792 inquam,
2399 731 2539 788 per-

298 826 454 883 tineat
497 826 581 883 ad
623 826 917 884 Fundani
960 825 1383 902 valetudinem,
1430 829 1519 883 est
1561 825 1754 882 satius
1802 824 1991 881 dieas

436 929 597 990 Nam
644 930 950 991 huiusce
1001 929 1217 1009 pedes
1266 929 1504 989 solent
1551 927 1798 988 dolere
1847 930 1916 987 in
1966 928 2204 986 fronte
2253 931 2538 984 contra-

293 1036 433 1096 here
486 1035 736 1116 rugas]
800 1039 1023 1099 Dolere
1078 1045 1135 1098 et
1192 1039 1254 1097 in
1302 1036 1513 1112 fronte
1568 1054 1638 1094 ex
1689 1052 1743 1093 m
1793 1053 1822 1094 a
1870 1033 2160 1094 Politiano
2198 1031 2540 1103 adnotatum

294 1146 484 1222 recepit
538 1144 861 1205 GesnerUS.
936 1148 1142 1205 dolere
1199 1143 1384 1203 deleri
1438 1140 1623 1202 voluit
1679 1141 1963 1221 Scaliger,
2023 1144 2230 1201 dolore
2285 1140 2540 1199 coniecit

293 1249 492 1330 Popma.
562 1250 658 1312 his
706 1250 985 1312 omnibus
1033 1252 1346 1311 offensioni
1403 1250 1515 1310 fuit
1572 1248 1895 1328 asyndeton
1943 1249 2183 1307 minime
2236 1245 2538 1307 insolitum

287 1358 336 1416 in
374 1357 473 1418 hec
516 1377 756 1438 genere,
804 1376 939 1418 cum
988 1357 1222 1418 duobus
1271 1356 1470 1417 verbis
1520 1374 1616 1416 res
1663 1357 2000 1416 accuratius
2047 1354 2348 1416 definitur.

433 1462 508 1526 27
575 1464 657 1525 De
707 1465 1083 1547 Tarquenna,
1144 1463 1301 1543 quod
1352 1482 1566 1523 nomen
1607 1462 1904 1523 Victorius
1961 1481 2032 1522 ex
2080 1461 2399 1541 archetypo
2448 1479 2536 1521 re·

287 1573 464 1652 stituit,
508 1572 655 1631 nihil
706 1574 1024 1632 memoriae
1072 1570 1376 1650 proditum
1424 1579 1531 1630 est.

433 1678 649 1739 Terra
686 1688 959 1759 pestem
1011 1685 1260 1739 teneto
1317 1677 1512 1738 salus
1570 1677 1684 1738 hic
1742 1686 2022 1738 maneto
2079 1678 2151 1736 in
2199 1677 2375 1735 meis
2420 1694 2540 1755 pe-

285 1784 485 1863 dibus]
533 1788 606 1846 In
653 1789 800 1847 meis
838 1788 1118 1866 pedibuS,
1167 1803 1316 1863 quae
1364 1783 1435 1844 ad
1475 1784 1882 1865 explicandam
1923 1792 2185 1844 veterem
2223 1780 2539 1843 formulam

286 1890 438 1951 Varro
484 1892 729 1974 addidit,
789 1899 993 1972 postea
1050 1891 1346 1970 adscripta
1404 1909 1535 1951 esse
1594 1891 1894 1952 Victorius
1952 1892 2234 1970 coniecit,
2294 1889 2539 1949 seclusit

286 1997 562 2060 GesneruS.
639 1999 904 2060 Saturnii
943 2016 1151 2058 versus
1199 1998 1465 2077 sormam,
1514 2006 1687 2058 terra
1717 2005 1946 2074 pestem
1983 2004 2196 2079 teneto,
2233 2000 2336 2057 hie
2372 2000 2538 2057 salus

286 2114 487 2168 maneto
520 2115 657 2186 post
695 2105 1052 2165 Korschium
1090 2104 1153 2165 L.
1192 2104 1515 2165 Muellerus
1558 2104 1846 2193 de·versu
1888 2103 2165 2164 Saturnio
2203 2123 2259 2183 p.
2303 2101 2428 2164 119
2477 2113 2537 2163 et

286 2208 390 2273 156
430 2215 703 2274 restituit.

429 2316 508 2381 28
574 2322 774 2381 Multa
835 2324 1081 2395 inquam
1138 2323 1276 2380 item
1332 2322 1460 2379 alia
1506 2322 1812 2380 miracula
1869 2321 2039 2395 apud
2081 2319 2387 2379 Sasernas
2444 2322 2530 2378 iu-

284 2430 450 2488 venies
501 2436 558 2488 et
605 2426 818 2487 deinde
877 2430 1059 2501 quasi
1100 2444 1243 2487 vero
1302 2429 1546 2502 inquam
1607 2442 1727 2486 non
1784 2428 1955 2502 apud
2007 2433 2242 2487 eeteros
2298 2443 2534 2500 quoque

282 2537 572 2610 scriptores
602 2538 755 2596 talia
785 2535 1182 2611 reperiantur
1212 2550 1415 2594 secum
1446 2540 1721 2592 constare
1760 2550 1875 2591 non
1906 2549 2099 2614 posse,
2140 2531 2240 2591 sed
2283 2530 2533 2591 diversis

283 2644 514 2716 personis
562 2640 876 2702 tribuenda
924 2659 1055 2701 esse
1104 2641 1249 2701 vidit
1285 2639 1540 2700 Ursinus
1589 2649 1650 2699 et
1695 2643 1875 2714 quasi
1919 2658 2061 2702 vero
2101 2643 2297 2714 inquit
2333 2642 2530 2715 Aqra·

282 2747 384 2805 sius
416 2745 721 2826 legendum
754 2766 885 2808 esse
927 2749 1197 2809 coniecit.
1274 2748 1595 2828 GesneruS,
1634 2757 1700 2808 ut
1738 2748 1937 2826 priora
1979 2745 2240 2807 Stolonis
2279 2748 2533 2806 orationi

284 2854 771 2936 continuarentur,
835 2859 1024 2915 multa
1082 2858 1279 2930 inquit
1331 2858 1457 2915 alia
1521 2856 1780 2933 scripsit.
1864 2856 2057 2933 aptius
2124 2862 2319 2913 tamen
2385 2853 2531 2914 haec

282 2954 518 3043 Varroni,
571 2963 674 3040 qui
723 2980 902 3041 supra
952 2961 1342 3021 Sasernarum
1391 2960 1576 3021 libros
1623 2959 2114 3041 reprehenderat,
2162 2958 2530 3040 tribuuntur,

282 3080 334 3121 ea
358 3083 490 3143 quae
521 3075 857 3146 sequuntur
889 3067 1119 3128 Stoloni
1147 3067 1217 3127 ad
1248 3068 1778 3146 reprehensionem
1808 3066 2089 3126 Varronis
2127 3065 2532 3146 respondenti,

282 3176 429 3242 quasi
466 3192 623 3251 vero,
674 3179 884 3250 inquit,
931 3193 1052 3236 non
1100 3178 1270 3251 apud
1313 3182 1547 3236 eeteros
1570 3189 1575 3190 ⁷
1595 3191 1830 3250 quoque
1876 3192 2003 3252 sqq.

425 3281 589 3342 Ante
631 3299 790 3342 esse
830 3290 1124 3362 oportet
1161 3280 1558 3341 brassicam
1599 3280 1887 3341 crudam
1927 3299 2006 3340 ex
2047 3290 2250 3340 aceto
2289 3278 2527 3358 aliqua

283 3382 419 3444 folia
464 3388 805 3467 quinque]
866 3390 966 3449 Ex
1012 3398 1185 3450 aceto
1233 3398 1290 3449 et
1329 3395 1470 3465 post
1524 3391 1652 3449 alia
1705 3387 1861 3463 folia
1916 3391 2181 3462 quinque
2226 3387 2528 3450 iucundus

282 3506 337 3547 ex
378 3490 578 3555 Catone
627 3514 678 3558 c.
722 3492 868 3577 156,
909 3493 975 3576 1,
1023 3497 1194 3555 cuius
1243 3493 1422 3554 verba
1481 3513 1599 3554 non
1647 3493 1818 3572 plane
1872 3502 2148 3554 accurate
2197 3493 2381 3554 Varro
2430 3512 2528 3554 ex·

282 3601 476 3672 pressit.

423 3712 496 3766 HI
547 3706 781 3787 Igitur
827 3701 1069 3786 inq'uit
1107 3711 1439 3787 agrasius
1488 3725 1666 3785 quae
1715 3706 2155 3785 diiungenda
2202 3717 2447 3767 essent
2494 3727 2523 3766 a

285 3809 525 3873 cultura
571 3816 781 3874 cuius
827 3813 1018 3874 modi
1075 3816 1222 3875 sint
1278 3815 1611 3893 quoniam
1668 3811 2068 3872 discretum
2125 3812 2313 3873 stolo
2372 3831 2523 3874 cum

285 3922 649 3994 aspexisset
716 3920 1023 3981 scrofam
1098 3929 1203 3981 tu·
1237 3921 1478 3999 inquit
1548 3928 1616 3979 et
1682 3927 1920 3980 aetate
1987 3929 2057 3980 et
2120 3919 2389 3980 honore
2458 3930 2527 3980 et

285 4024 541 4087 scientia
597 4027 781 4106 quod
836 4038 1168 4107 praestas
1224 4028 1468 4087 dicere
1517 4025 1737 4086 debes
1794 4026 1920 4085 ille
1981 4044 2116 4085 non
2176 4034 2521 4105 grauatus

284 4124 347 4185 de
386 4131 462 4191 iis
505 4133 720 4194 rebus
768 4152 946 4212 quae
993 4136 1385 4194 inscientia
1424 4136 1519 4193 sit
1564 4131 1953 4193 incolendo
1995 4150 2120 4193 nos
2159 4132 2368 4191 docet
2407 4152 2521 4192 ars

286 4232 336 4291 id
383 4255 453 4297 an
503 4242 665 4319 quid
724 4239 920 4301 aliud
980 4251 1048 4300 et
1104 4260 1136 4300 a
1194 4240 1457 4320 quibus
1515 4239 1939 4300 carceribus
1996 4239 2349 4299 decurrat.
2408 4240 2521 4298 ad-

287 4351 467 4404 metas
509 4349 809 4425 primum
855 4348 1093 4425 inquit
1139 4365 1278 4407 non
1327 4346 1530 4407 modo
1580 4354 1692 4406 est
1738 4344 1887 4423 ars]
1947 4347 2152 4419 Inquit
2198 4348 2429 4419 Ayrz‘us
2475 4345 2521 4404 B

289 4454 333 4504 et
370 4451 527 4512 codex
573 4456 881 4514 CaesenaS.
948 4453 1177 4532 Agrasii
1225 4472 1437 4513 nomen
1489 4470 1608 4512 non
1656 4453 1851 4511 minus
1910 4469 2206 4511 consensu
2265 4450 2520 4536 reliquo-

290 4569 394 4615 rum
425 4557 696 4622 librorum
744 4579 919 4639 quam
960 4563 1085 4640 ipsa
1133 4579 1197 4620 re
1236 4559 1592 4620 defenditur.
1668 4577 1802 4618 nam
1859 4560 2135 4636 quoniam
2172 4557 2255 4617 illi
2284 4561 2517 4619 initium
