3178 5185
544 378 670 449 184
1224 391 1606 446 COMMENT.
1647 393 1723 445 m
1764 390 2137 445 VARRONIS

543 540 666 627 μὲν
715 540 839 607 δύο
888 538 1162 607 ἄνωθεν
1208 566 1369 618 τους
1416 538 1489 606 δὲ
1537 538 1661 606 δύο
1709 538 2035 607 κάτωθεν.
2120 540 2395 606 ἐπειδὰν
2443 536 2517 606 δὲ
2563 538 2830 624 γένηται

544 648 869 732 ἐνιαυτός,
907 645 1138 732 βάλλει
1175 648 1299 714 τὸν
1329 642 1539 713 αὐτον
1577 645 1831 734 τρόπον
1868 646 2200 734 τέτταρας,
2239 644 2366 713 δύο
2405 645 2528 732 μὲν
2560 643 2831 712 ἄνωθεν

546 754 672 823 δύο
732 752 805 822 δὲ
859 752 1198 838 κάτωθεν,
1262 752 1373 820 καὶ
1428 751 1632 820 πάλιν
1690 750 1851 820 ὅταν
1915 751 2115 832 ἄλλος
2171 753 2477 832 ἐνιαυτὸς
2541 754 2832 838 γένηται,

544 862 808 950 ἑτέρους
880 861 1191 947 τέτταρας
1261 860 1381 928 τὸν
1457 855 1668 927 αὐτὸν
1748 860 2022 945 τρόπον.
2122 857 2454 946 τεττάρων
2530 855 2591 927 δ’
2674 860 2832 926 ἐτῶν
2902 853 2913 857 ’

544 967 1029 1056 παρελθόντων
1075 966 1187 1034 καὶ
1234 968 1300 1047 ἓξ
1355 970 1589 1053 μηνῶν
1640 962 1860 1034 οὐκέτι
1905 966 2136 1052 βάλλει
2183 962 2459 1051 οὐδένα,
2517 980 2577 1033 et
2623 972 2831 1032 deinde

551 1078 678 1143 154
744 1070 1014 1162 ἀκμάζει
1048 1073 1145 1141 δὲ
1209 1073 1320 1140 καὶ
1367 1076 1564 1153 ἵππος
1625 1074 1738 1141 καὶ
1803 1070 2082 1160 ἡμίονος
2127 1070 2286 1159 μετὰ
2351 1071 2511 1153 τοὺς
2573 1071 2832 1159 βόλους.

548 1180 709 1250 ὅταν
759 1180 832 1249 δὲ
878 1180 1130 1261 πάντας
1169 1172 1291 1248 ῶσι
1339 1179 1754 1266 βεβληκότες,
1807 1176 1889 1248 οὐ
1936 1179 2178 1270 ῥᾴδιον
2223 1189 2479 1266 γνῶναι
2524 1179 2650 1266 τὴν
2699 1176 2829 1267 ἡλι-

544 1296 722 1374 κιάν,
772 1288 878 1356 διὸ
928 1289 1038 1355 καὶ
1087 1289 1356 1374 λέγουσι
1402 1287 1679 1374 γνώμην
1718 1292 1913 1375 ἔχειν,
1962 1286 2124 1356 ὅταν
2162 1285 2405 1372 ἇβολος
2441 1280 2508 1375 ᾖ·
2558 1284 2723 1355 ὅταν
2763 1286 2833 1353 δὲ

548 1396 905 1483 βεβληκώς,
953 1392 1075 1463 οὐκ
1124 1400 1316 1480 ἔχειν.
1410 1391 1578 1473 ὅλως
1633 1393 1707 1461 δὲ
1762 1393 2045 1480 μάλιστα
2092 1397 2477 1481 γνωρίζεται
2523 1389 2564 1479 ἡ
2614 1389 2837 1479 ἡλικία

548 1501 709 1591 μετὰ
775 1501 932 1582 τοὺς
997 1501 1242 1587 βόλους
1305 1504 1393 1592 τῷ
1462 1500 1850 1569 κυνόδοντι·
1918 1504 2057 1569 τῶν
2120 1498 2243 1587 μὲν
2307 1498 2436 1587 γὰρ
2495 1502 2836 1567 ίππαστῶν

541 1600 795 1695 γίνεται
841 1608 1081 1696 μικρὸς
1128 1607 1239 1676 διὰ
1287 1608 1412 1694 τὴν
1459 1621 1689 1695 τρῖψιν
1736 1607 1930 1698 (κατὰ
1975 1610 2220 1676 τοῦτον
2268 1603 2396 1693 γὰρ
2445 1606 2834 1693 ἐμβάλλεται

543 1714 577 1784 ὁ
617 1718 938 1803 χαλινός),
986 1720 1121 1784 τῶν
1172 1715 1244 1783 δὲ
1292 1714 1380 1801 μὴ
1430 1718 1776 1783 ίππαστῶν
1824 1717 2026 1802 μέγας
2072 1715 2222 1801 μέν,
2270 1711 2417 1781 ἀλλ’
2471 1711 2835 1802 ἀπηρτημέ-
2900 1778 2915 1785 -

543 1850 680 1908 νος,
728 1833 865 1890 τῶν
914 1821 988 1889 δὲ
1034 1824 1208 1889 νέων
1266 1819 1419 1903 ὀξὺς
1455 1821 1567 1889 καὶ
1616 1821 1863 1910 μικρός.
1957 1829 2101 1889 haec
2149 1847 2180 1888 a
2228 1828 2491 1888 Varrone
2539 1847 2836 1909 expressa,

545 1936 648 1997 sed
698 1937 982 2015 quaedam
1032 1935 1143 1995 alio
1183 1942 1435 1995 auctore
1483 1935 1746 1996 adhibito
1795 1935 1866 1995 ab
1917 1954 1986 1995 eo
2036 1935 2230 1996 addita
2278 1934 2371 1995 vel
2418 1944 2642 1996 mutata
2682 1944 2833 1996 sunt.

543 2044 679 2122 post
734 2042 1058 2102 Varronem
1115 2042 1188 2101 de
1244 2038 1454 2101 iisdem
1512 2041 1694 2102 rebus
1756 2044 2129 2121 scripserunt
2184 2040 2502 2102 Columella
2541 2040 2615 2100 VI
2655 2037 2836 2119 29‚4

544 2157 604 2210 et
652 2150 876 2211 Plinius
915 2148 994 2208 XI
1037 2147 1191 2230 168,
1249 2167 1320 2208 ex
1369 2148 1586 2227 quibus
1644 2168 1710 2209 ea
1759 2167 1909 2228 quae
1965 2149 2082 2210 huc
2138 2151 2443 2228 pertinent
2485 2155 2695 2227 postea
2742 2148 2832 2207 ad·

544 2257 821 2318 scribam.
914 2275 986 2317 ex
1044 2255 1323 2316 Varronis
1379 2258 1717 2335 praeceptis
1773 2257 2024 2335 plurima
2081 2256 2361 2317 translata
2419 2264 2560 2316 sunt
2620 2257 2684 2316 in
2741 2274 2833 2315 ex-

545 2373 745 2445 cerpta
799 2365 1036 2444 Apsyrti
1084 2381 1232 2441 quae
1282 2363 1560 2424 feruntur
1609 2366 1671 2424 in
1717 2365 2060 2444 geoponieis
2097 2362 2225 2423 XVI
2267 2361 2321 2424 1.
2419 2383 2491 2424 ex
2537 2362 2631 2423 his
2680 2380 2834 2422 nunc

544 2471 872 2532 adscribam
928 2472 1101 2552 haec,
1173 2469 1236 2552 1,
1281 2468 1362 2531 12
1417 2463 1538 2531 τὸν
1599 2463 1673 2531 δὲ
1728 2462 1980 2552 χρόνον
2036 2464 2146 2531 καὶ
2201 2466 2325 2550 τὴν
2381 2461 2648 2550 ἡλικίαν
2704 2466 2833 2529 τῶν

544 2575 764 2641 ἵππων
811 2571 920 2639 καὶ
966 2570 1238 2639 πάντων
1288 2575 1423 2639 τῶν
1470 2569 1910 2658 μονωνύχους
1954 2567 2070 2651 τὰς
2115 2567 2321 2651 ὁπλὰς
2359 2569 2651 2657 ἐχόντων
2699 2589 2835 2657 σχε-

548 2681 675 2746 δὸν
723 2678 833 2744 καὶ
879 2682 1013 2744 τῶν
1061 2677 1504 2765 κερασφόρων
1550 2677 1957 2765 γνωσόμεθα
2004 2675 2133 2746 ἀπὸ
2181 2680 2298 2765 τῆς
2342 2682 2479 2746 τῶν
2534 2676 2832 2746 ὀδόντων

547 2788 840 2872 ἐκβολῆς.
932 2783 997 2852 λ’
1046 2787 1168 2871 μὲν
1215 2784 1345 2873 γὰρ
1393 2789 1631 2872 μηνῶν
1676 2784 2039 2871 γενόμενος
2087 2782 2122 2853 ὅ
2170 2789 2392 2865 πῶλος
2428 2790 2837 2871 πρωτοβολεῖ

546 2896 682 2959 τῶν
748 2894 1211 2980 ἐμπροσθίων,
1279 2888 1398 2971 οὓς
1460 2895 1794 2979 καλοῦμεν
1862 2905 2112 2978 τομεῐς,
2182 2889 2340 2972 τοὺς
2404 2892 2648 2978 μέσους
2712 2889 2831 2958 δύο

545 2997 852 3066 κάτωθεν
917 3000 1026 3066 καὶ
1092 2996 1365 3066 άνωθεν
1434 2997 1557 3065 δύο
1627 2998 2049 3084 ἀποβάλλων.
2141 2996 2513 3085 ἀρχόμενος
2578 2996 2655 3066 δὲ
2715 3007 2831 3065 τοῦ

547 3105 864 3194 τετάρτου
912 3111 1099 3185 ἔτους
1147 3105 1450 3191 ἐκβάλλει
1494 3103 1700 3172 πάλιν
1747 3103 1992 3184 ἄλλους
2044 3105 2170 3172 δύο
2226 3103 2533 3173 κάτωθεν
2583 3106 2649 3185 ἐξ
2696 3104 2833 3171 ἑκα-

547 3214 747 3300 τέρου
793 3213 1036 3299 μέρους
1080 3214 1192 3279 καὶ
1231 3210 1505 3279 ἄνωθεν
1544 3210 1880 3291 ῶσαύτως.
1955 3213 2155 3298 φύειν
2203 3211 2277 3279 δὲ
2316 3214 2504 3279 δοκεῖ
2535 3210 2683 3279 τότε
2728 3210 2835 3278 καὶ

549 3317 706 3397 τοὺς
750 3317 1186 3397 κυνόδοντας.
1277 3317 1629 3397 τελειώσας
1686 3317 1760 3385 δὲ
1813 3317 1893 3385 τά
1944 3317 2009 3385 δ’
2060 3323 2168 3404 ἔτη
2214 3317 2326 3385 καὶ
2370 3329 2492 3386 τοῦ
2541 3320 2578 3385 έ
2622 3320 2832 3386 ἐπιλα-

549 3423 837 3511 βόμενος
881 3423 1037 3504 τοὺς
1080 3423 1356 3504 λοιποὺς
1402 3424 1705 3511 ἐκβάλλει
1751 3424 2061 3493 κάτωθεν
2107 3426 2216 3492 καὶ
2261 3422 2535 3492 ἄνωθεν
2584 3426 2651 3506 ἐξ,
2699 3426 2835 3493 ἑκα-

548 3534 746 3617 τέρου
795 3533 933 3617 ἕνα,
978 3529 1137 3611 τοὺς
1184 3531 1258 3600 δὲ
1306 3534 1690 3619 φυομένους
1732 3537 2000 3611 κοίλους
2048 3537 2197 3618 ἔχει.
2271 3530 2474 3617 ἐμβὰς
2511 3531 2586 3599 δὲ
2634 3537 2729 3612 εἰς
2764 3530 2834 3599 τὸ

550 3640 740 3706 ἕκτον
799 3645 943 3718 ἔτος
997 3635 1499 3726 ἀναπληροῦται
1554 3643 1691 3707 τῶν
1745 3637 2031 3725 πρώτων
2086 3637 2166 3706 τὰ
2224 3637 2622 3725 κοιλώματα.
2708 3642 2837 3707 ἐπι-

550 3744 778 3830 λαβὼν
836 3743 911 3812 δὲ
956 3750 1078 3813 τοῦ
1129 3745 1182 3826 ζ’
1231 3745 1483 3826 πάντας
1539 3751 1669 3831 ἔχει
1724 3746 2415 3832 συμπεπληρωμένους
2467 3745 2580 3812 καὶ
2638 3744 2838 3814 οὐδὲν

551 3851 724 3930 ὅλως
769 3857 1040 3938 ἔχοντας
1085 3857 1399 3939 κοίλωμα.
1492 3851 1736 3923 τούτου
1784 3851 1858 3919 δὲ
1905 3851 2275 3938 συμβάντος
2321 3849 2540 3919 οὐκέτι
2598 3851 2839 3941 ῥᾴδιον

552 3959 1016 4043 ἐπιγινώσκειν
1062 3959 1141 4027 τὰ
1191 3964 1320 4045 ἔτη.
1397 3966 1607 4026 similia
1655 3974 1795 4027 sunt
1834 3984 1983 4045 quae
2023 3966 2286 4026 eiusdem
2327 3966 2564 4045 Apsyrti
2602 3968 2837 4027 nomine

550 4071 920 4149 praescripto
988 4070 1267 4149 leguntur
1334 4073 1392 4130 in
1459 4070 1841 4151 Hippiatricis
1916 4091 1947 4130 a
2016 4071 2255 4132 Simone
2322 4072 2591 4152 Grynaeo
2669 4073 2838 4134 editis

551 4177 812 4238 Basileae
878 4196 927 4238 a.
979 4174 1145 4239 1537
1213 4197 1269 4258 p.
1315 4176 1475 4259 226,
1523 4171 1856 4261 ’Ἄψυρτος
1918 4173 2331 4261 Μενεκράτει
2407 4178 2836 4263 Κλαζομενίῳ

550 4283 827 4365 χαίρειν.
911 4278 1248 4364 βούλομαί
1291 4299 1363 4346 σε
1411 4280 1663 4347 εἰδέναι
1711 4281 1784 4347 ἐν
1830 4291 1972 4358 τοῖς
2016 4282 2239 4359 ἵπποις
2284 4279 2395 4345 καὶ
2441 4277 2672 4359 ἅλλοις
2718 4278 2836 4347 ὅσα

552 4383 862 4471 μώνυχας
910 4381 1116 4463 ὁπλὰς
1161 4388 1292 4471 ἔχει
1338 4383 1453 4464 τὰς
1498 4395 1636 4452 τῶν
1675 4382 1977 4452 ὀδόντων
2018 4385 2326 4471 ἐκφύσεις
2352 4386 2462 4454 καὶ
2501 4390 2634 4454 τῶν
2673 4389 2833 4455 ἐτῶν

551 4491 952 4576 προσθέσεις
990 4514 1116 4575 sqq.
