3178 5185
580 445 709 510 228
1528 447 1902 502 VARRONIS

527 616 785 674 6vorem
843 615 1039 674 carnis
1095 615 1249 673 ferre
1306 621 1622 693 nequeant.
1713 614 1825 674 hoc
1881 633 2065 692 pecus
2122 615 2300 675 alitur
2351 618 2602 675 maxime
2649 616 2883 696 glande,

579 720 792 780 deinde
849 719 978 780 faba
1036 730 1097 782 et
1151 722 1374 782 hordeo
1433 730 1493 781 et
1548 729 1750 781 cetero
1809 723 2135 801 frumentO,
2191 741 2343 802 quae
2393 741 2488 782 res
2537 741 2653 783 non
2703 723 2880 783 modo

580 827 1056 905 pinguitudinem
1132 829 1424 908 efficiunt,
1501 829 1607 888 sed
1683 815 1898 889 etiam.
1934 833 2130 890 carnis
2195 831 2521 891 iucundum
2588 848 2883 908 saporem.

580 941 812 1011 pastum
863 937 1106 1014 exigunt
1155 944 1377 996 aestate
1425 955 1596 997 mane
1644 945 1730 1017 et,
1788 945 2102 1016 antequam
2152 945 2351 998 aestus
2398 939 2672 1018 incipiat,
2722 936 2883 998 subi-

581 1048 728 1118 gunt
783 1042 844 1101 in
908 1042 1251 1102 umbrosum
1301 1043 1523 1125 locum,
1581 1046 1831 1104 maxime
1881 1044 1983 1104 ubi
2031 1063 2180 1124 aqua
2229 1047 2331 1104 sit:
2387 1052 2523 1123 post
2570 1044 2881 1104 meridiem

583 1166 794 1207 rursus
853 1148 1035 1208 lenito
1094 1150 1322 1211 fervore
1379 1160 1649 1230 pascunt.
1742 1151 2020 1212 hiberno,
2052 1160 2318 1231 tempore
2376 1170 2496 1210 non
2545 1153 2716 1229 prius
2762 1153 2881 1211 exi-

581 1263 731 1333 gunt
789 1264 1053 1337 pastum,
1112 1275 1287 1336 quam
1342 1260 1556 1337 pruina
1614 1261 1852 1319 evanuit
1908 1277 1974 1318 ac
2031 1237 2460 1338 conliquefacta
2509 1267 2600 1318 est
2647 1257 2881 1336 glacies,

534 1365 567 1420 7
596 1361 667 1421 ad
726 1362 977 1423 feturam
1035 1381 1235 1424 verres
1291 1365 1524 1426 duobus
1579 1365 1885 1426 mensibus
1943 1374 2076 1425 ante
2133 1365 2500 1428 secernendi.
2593 1367 2881 1444 optimum

584 1468 653 1527 ad
718 1469 1107 1530 admissuram
1168 1479 1403 1550 tempus
1460 1492 1489 1532 a
1548 1473 1778 1532 favonio
1836 1474 1903 1532 ad
1965 1474 2407 1551 aequinoctium
2464 1491 2740 1532 vernum:
2804 1474 2883 1532 ita

584 1576 741 1635 enim
818 1579 1110 1655 contingit
1185 1587 1248 1638 ut
1315 1587 1535 1639 aestate
1603 1581 1809 1657 pariat.
1922 1588 2202 1659 quattuor
2266 1581 2424 1639 enim
2489 1598 2725 1640 menses
2792 1587 2883 1639 est

586 1701 873 1761 praegnas
932 1694 990 1745 et
1049 1693 1191 1746 tunc
1238 1688 1421 1766 parit,
1482 1706 1619 1747 cum
1676 1687 1892 1796 pabulo
1950 1686 2210 1747 abundat
2265 1695 2444 1747 terra.
2538 1706 2732 1765 neque
2782 1689 2884 1746 mi-

588 1808 765 1850 nores
813 1791 1209 1854 admittendae
1260 1812 1435 1872 quam
1483 1794 1819 1874 anniculae3
1876 1794 2087 1854 melius
2133 1796 2344 1872 viginti
2388 1813 2625 1855 menses
2674 1812 2883 1872 expec-

590 1904 734 1978 tare,
783 1906 848 1958 ut
894 1899 1086 1961 bimae
1125 1903 1375 1980 pariant.
1469 1920 1604 1962 cum
1646 1911 1990 1981 coeperunt,
2038 1902 2096 1961 id
2138 1903 2332 1961 facere
2373 1901 2657 1961 dicuntur
2697 1919 2884 1978 usque

535 2003 665 2063 8ad
727 2007 1041 2083 septimum
1100 2027 1317 2068 annum
1376 2016 1558 2068 recte.
1664 2008 2025 2068 admissuras
2081 2027 2215 2068 cum
2266 2009 2513 2087 faciunt,
2582 2006 2696 2085 [et]
2756 2026 2886 2086 pro·

587 2111 796 2190 digunt
852 2114 914 2172 in
971 2113 1197 2175 lutosos
1253 2115 1472 2175 limites
1528 2133 1596 2174 ac
1643 2114 1857 2195 lustra,
1917 2124 1982 2175 ut
2028 2115 2369 2175 volutentur
2416 2116 2477 2173 in
2526 2114 2678 2195 luto,
2737 2133 2885 2194 quae

588 2220 745 2278 enim
800 2219 1036 2280 illorum
1094 2224 1361 2303 requieS,
1419 2229 1486 2281 ut
1539 2220 1751 2281 lavatio
1797 2221 2071 2282 hominis,
2164 2241 2300 2282 cum
2348 2240 2554 2283 omnes
2602 2241 2885 2300 concepe-

587 2332 747 2405 runt,
796 2344 1006 2386 rursus
1056 2337 1370 2407 segregant
1417 2347 1638 2389 verres.
1729 2331 1921 2389 verris
1959 2339 2096 2390 octo
2136 2347 2408 2389 mensum
2447 2331 2657 2409 incipit
2696 2329 2887 2408 salire,

587 2441 895 2509 permanet
973 2432 1086 2511 [et]
1163 2443 1228 2495 ut
1301 2436 1361 2495 id
1436 2447 1598 2496 recte
1674 2437 1869 2496 facere
1935 2438 2125 2514 possit
2190 2437 2260 2497 ad
2326 2438 2599 2517 trimum,
2675 2436 2887 2496 deinde

733 2609 766 2658 8
805 2605 1080 2674 optimum
1117 2607 1189 2660 ad
1228 2606 1597 2663 admissuram
1636 2610 1858 2678 tempus
1901 2609 2055 2663 Plin.
2096 2615 2151 2675 8,
2188 2613 2303 2665 205

731 2771 763 2819 2
803 2767 1021 2822 caetero
1073 2767 1124 2819 V
1242 2767 1523 2823 frumento
1563 2785 1706 2837 quae
1743 2785 1832 2823 res
1869 2786 1964 2823 mv
2002 2769 2282 2823 frumento
2320 2786 2430 2838 que
2466 2786 2554 2824 res
2595 2769 2668 2839 A,
2706 2770 2799 2823 sed
2834 2772 2891 2822 to

589 2854 652 2907 in
690 2871 894 2909 rasura
930 2855 1013 2909 Α2
1048 2857 1327 2912 frumento
1366 2858 1626 2927 quodque
1663 2875 1750 2911 res
1791 2857 1909 2913 PB
2020 2864 2052 2911 3
2089 2858 2393 2932 iucundum
2442 2857 2554 2912 VA
2592 2857 2893 2936 iocundum

589 2941 729 2997 ΒΑ2
800 2949 835 2997 4
856 2944 1149 3014 exiguntB
1158 2963 1252 3000 mv
1274 2946 1622 3016 exsiguntA,
1641 2948 1769 3000 seds
1782 2952 2113 3015 expunctum
2126 2945 2545 3016 A2exsigunt1>
2605 2951 2637 3000 6
2658 2946 2893 3000 hiberno

590 3032 646 3085 Β
683 3033 876 3089 iberno
916 3037 969 3088 A
1010 3034 1256 3102 hyberno
1307 3034 1360 3088 V
1465 3042 1495 3090 7
1537 3035 1952 3104 conliquefacta
1989 3038 2043 3089 A
2083 3036 2482 3113 colliquefacta
2530 3035 2643 3089 VB
2754 3040 2787 3089 8
2824 3034 2895 3088 ad

592 3121 834 3176 feturam
852 3122 908 3176 Β
927 3123 1275 3193 adfecturam
1296 3122 1369 3191 A,
1396 3126 1489 3180 sed
1509 3143 1538 3179 o
1557 3132 1886 3194 expunctum
1907 3126 1990 3179 Α2
2008 3127 2078 3179 ad
2099 3126 2377 3181 foeturam
2409 3124 2462 3178 V
2476 3125 2827 3179 adfectui-am
2846 3142 2895 3177 m

602 3214 615 3227 ‘
737 3212 1011 3279 optimum
1053 3246 1115 3252 —
1157 3231 1385 3267 vernum
1425 3215 1487 3267 in
1523 3216 1773 3283 maryine
1818 3216 1874 3269 Β
1995 3223 2026 3269 9
2065 3217 2135 3269 ad
2175 3214 2568 3285 admissuram]
2609 3212 2895 3286 admimis·

594 3316 777 3353 suram
806 3301 862 3353 Β
969 3319 1035 3371 ac
1064 3300 1288 3356 fauonio
1324 3304 1394 3373 A,
1420 3305 1514 3358 sed
1544 3321 1572 3357 c
1602 3310 1931 3372 expunctum
1958 3302 2039 3358 A2
2139 3302 2492 3372 equinocium
2511 3304 2565 3357 A
2671 3310 2740 3358 10
2770 3320 2895 3358 eon-

594 3388 778 3458 tingat
814 3407 953 3446 corr.
996 3424 1060 3432 —
1099 3391 1147 3445 it
1176 3392 1230 3444 B
1375 3409 1592 3446 menses
1625 3393 1744 3446 AB
1781 3393 2062 3446 mensibus
2103 3393 2153 3446 V
2294 3398 2356 3445 11
2398 3408 2687 3461 praegnax
2717 3392 2897 3447 PAB

595 3494 907 3547 praegnans
944 3467 975 3534 ὺ
1085 3481 1278 3550 pabilo
1316 3498 1451 3537 corr.
1495 3481 1706 3551 pabulo
1736 3483 1790 3534 A
1902 3478 2154 3535 abundat
2193 3479 2246 3533 V
2279 3480 2571 3535 habundat
2597 3480 2721 3535 AB
2833 3488 2896 3534 13

595 3603 779 3658 bimae
807 3603 921 3658 VB
941 3583 1073 3659 biffe
1092 3604 1163 3673 A,
1182 3608 1275 3660 sed
1293 3623 1348 3658 m
1368 3608 1796 3675 superscriptum
1816 3613 1878 3660 ut
1897 3606 2112 3659 videtur
2131 3603 2213 3659 ΑΞ*
2236 3605 2397 3659 binae
2417 3623 2470 3659 m
2553 3622 2680 3659 cum
2702 3623 2896 3676 coepe-

595 3694 727 3746 runt
758 3693 814 3745 P
849 3709 974 3747 cum
1012 3696 1280 3766 ceperunt
1306 3695 1361 3748 Β
1400 3696 1774 3763 conceperunt
1803 3694 1856 3747 A
1886 3709 2011 3747 cum
2041 3693 2329 3762 coeperint
2354 3709 2387 3747 v
2500 3701 2566 3747 14
2604 3692 2818 3750 fatiunt
2844 3694 2897 3748 A

740 3786 797 3836 et
833 3798 931 3838 om.
963 3800 1014 3850 v,
1054 3785 1182 3838 add.
1218 3784 1402 3839 PAB
1551 3784 1617 3837 15
1656 3783 1873 3838 lutosus
1908 3782 2093 3838 PAB
2133 3784 2383 3838 lutuosos
2411 3800 2446 3838 v
2573 3783 2899 3839 uolutantur

606 3869 718 3924 VB
753 3870 1101 3927 uoluitentur
1129 3873 1184 3927 A
1331 3879 1396 3927 17
1438 3875 1738 3942 segregant
1775 3874 2070 3928 Iucundus
2108 3876 2369 3943 segregat·
2402 3872 2580 3928 VAB
2727 3874 2900 3928 uerris

596 3961 1024 4029 superscriptum
1060 3963 1123 4016 in
1160 3962 1213 4015 A
1361 3980 1615 4016 mensum
1645 3962 1759 4016 PA
1796 3962 2072 4016 mensium
2101 3963 2196 4017 Bv
2309 3967 2375 4016 18
2413 3965 2708 4031 permanet
2747 3964 2804 4016 et.
2839 3964 2902 4016 ut

600 4045 714 4101 PA
750 4052 1048 4118 parmanet
1085 4051 1142 4105 et
1180 4053 1244 4105 ut
1285 4052 1339 4104 Β
1376 4055 1779 4120 permanetque
1820 4053 1877 4105 et,
1912 4053 1977 4104 ut,
2013 4070 2043 4105 v
2081 4052 2372 4120 permanet
2409 4050 2472 4103 ut
2516 4050 2797 4106 Victorius

600 4136 671 4190 ad
720 4137 947 4192 trimum
986 4140 1233 4210 Scaliyer
1281 4141 1350 4194 ad
1397 4140 1642 4209 primum
1693 4140 1870 4192 VAB
1917 4158 2093 4209 usque
2145 4140 2213 4194 ad
2253 4141 2517 4208 quartum
2553 4156 2763 4194 annum
2802 4142 2902 4195 Iu·

601 4229 828 4282 cunduc.
902 4245 1085 4283 mares
1131 4248 1241 4283 non
1288 4230 1438 4283 ultra
1482 4228 1775 4283 trimatum
1823 4232 2094 4298 generant
2139 4229 2368 4284 Plinius
2421 4228 2597 4283 VIII
2641 4235 2762 4286 206

604 4316 817 4384 ‘Vsque
868 4317 1066 4387 [usque
1114 4320 1175 4372 in
1226 4320 1459 4373 editione
1500 4335 1601 4373 om.
1654 4319 1952 4387 Victorius]
1983 4320 2053 4373 ad
2092 4319 2334 4389 primum
2364 4342 2377 4373 ε
2408 4317 2610 4374 deinde
2648 4321 2696 4373 it
2732 4322 2900 4390 retro,

602 4406 786 4473 quoad
824 4405 1118 4475 perueniat
1151 4407 1223 4460 ad
1260 4407 1492 4461 lanium.
1551 4408 1667 4462 Hic
1696 4410 1846 4462 locus
1873 4410 1936 4462 in
1963 4410 2177 4463 excusis
2207 4409 2486 4463 codicibus
2513 4410 2679 4464 ualde
2707 4411 2900 4465 uaria-

604 4500 694 4549 tus
730 4499 865 4562 erat,
904 4497 1085 4563 culpa,
1121 4501 1184 4549 ut
1203 4501 1362 4563 puto,
1398 4496 1750 4551 sin-istrorum
1777 4500 2125 4567 quorundam
2152 4501 2510 4552 correctorum
2529 4498 2629 4551 :in
2657 4500 2904 4567 antiqtais

2917 1592 2971 1631 10

2917 2124 2969 2164 15

608 4585 766 4640 illum
795 4585 1071 4653 inteqrum
1098 4585 1321 4639 inueni:
1349 4584 1429 4653 Id,
1459 4590 1674 4640 tantum
1701 4588 1765 4641 in
1792 4588 1908 4642 illis
1929 4604 2034 4657 pro
2054 4588 2134 4655 It,
2160 4586 2423 4656 scriptum
2451 4585 2589 4640 erat’
2625 4586 2904 4642 Victorius
2955 4617 2968 4630 ·
