3178 5185
760 444 1020 499 RERVM
1057 443 1539 500 RVSTICARVM
1575 446 1710 502 LIB.
1749 447 1775 500 I
1819 444 2056 503 10—12
2459 438 2545 504 43

457 606 552 660 XII
595 597 624 659 1
697 600 801 660 Ita
848 609 1218 662 ut-contra
1265 609 1525 662 uentos
1583 603 1705 680 qui
1751 600 2217 663 saluberrimi
2263 605 2333 663 in
2382 622 2547 682 agro

304 707 548 769 flabunt
609 726 783 786 quae
849 710 1084 787 posita
1141 717 1250 769 est
1305 708 1386 768 ad
1445 701 1735 769 exortos
1793 709 2372 788 aequinoctiales
2433 729 2547 789 ap-

304 817 549 877 tissima
595 815 779 894 quod
829 824 1101 887 aestate
1142 815 1351 876 habet
1391 814 1738 893 umbram]
1791 819 1960 890 Quae
1990 821 2192 893 posita
2231 825 2318 878 est
2355 820 2549 877 omnia

303 922 615 1003 apographa,
679 941 837 997 quae
876 927 1097 1009 ‚posita
1151 927 1233 983 sit
1283 925 1346 982 in
1401 925 1672 1002 principe
1729 923 1987 985 editione
2049 923 2373 986 Politianus
2430 943 2549 984 non

303 1032 540 1090 correxit.
615 1032 756 1089 item
802 1033 987 1091 habet
1031 1029 1166 1091 libri
1213 1048 1389 1090 manu
1438 1032 1665 1110 scripti,
1711 1033 1936 1091 habeat
1983 1032 2138 1092 edita
2181 1039 2317 1093 ante
2357 1031 2549 1092 Victo·

301 1139 433 1197 rium
483 1134 861 1217 exemplaria,
917 1137 1074 1215 quod
1129 1136 1455 1197 Politianus
1522 1156 1642 1197 non
1701 1140 1977 1200 correxit.
2062 1142 2148 1200 ita
2208 1146 2275 1200 ut
2330 1145 2548 1200 contra

269 1252 487 1319 -vent08,
532 1248 640 1319 qui
682 1245 1076 1304 saluberrimi
1120 1247 1181 1304 in
1229 1262 1382 1319 aqro
1422 1246 1689 1326 flabunt,
1740 1249 1946 1322 posita
1992 1251 2085 1307 sit.
2159 1250 2246 1308 ad
2297 1254 2548 1307 exortus

299 1355 737 1426 aequinoctiales
785 1369 912 1429 sqq.
977 1349 1295 1411 IucunduS.
1375 1359 1636 1412 veterem
1710 1351 2025 1413 lectionem
2096 1352 2389 1413 Victorius
2454 1372 2547 1412 re·

299 1460 477 1519 stituit.
528 1463 684 1520 ritem
744 1464 813 1519 ut
869 1465 1086 1519 eontra
1142 1465 1348 1519 ventos
1414 1461 1644 1537 scripsi.
1719 1477 1854 1519 nam
1916 1461 2065 1521 duae
2131 1479 2228 1520 res
2287 1459 2358 1519 de
2415 1459 2546 1519 villa

297 1569 726 1646 praecipiuntur,
773 1567 1032 1645 primum
1080 1574 1147 1627 ut
1195 1565 1305 1626 sub
1354 1565 1653 1627 radicibus
1693 1570 1927 1650 montiS‚
1980 1566 2191 1627 deinde
2240 1574 2306 1627 ut
2342 1575 2548 1628 contra

299 1683 474 1734 ventos
516 1680 790 1753 ponatur.
868 1685 1062 1752 neque
1112 1677 1198 1733 ita
1245 1680 1313 1734 ut
1359 1675 1501 1733 siner
1536 1673 1716 1734 verbo
1765 1674 1881 1744 dici
1929 1684 2179 1753 poterat.

449 1781 562 1841 Sin
609 1799 882 1860 cogarev
926 1779 1320 1841 secundum
1378 1779 1647 1840 flumen
1706 1781 2098 1841 aedificare
2155 1783 2549 1843 curandum

298 1907 364 1946 ne
399 1889 769 1950 aduersum
818 1907 971 1949 eum
1018 1885 1282 1967 ponas]
1348 1888 1420 1947 Si
1464 1906 1693 1963 coqare
1740 1888 2019 1970 UrsinuS,
2077 1888 2235 1967 quod
2283 1873 2550 1968 probavit

299 1993 677 2057 SchneideruS.
756 2000 1078 2057 adversum
1130 2012 1269 2055 eum
1326 1994 1395 2054 ad
1448 1995 1672 2056 flumen
1727 1994 1941 2056 referri
1998 1994 2313 2056 voluerunt
2367 1998 2549 2057 inter-

297 2109 484 2185 preteS,
529 2105 629 2182 qui
677 2121 852 2163 omne
891 2120 1081 2181 genus
1129 2100 1534 2180 neglegentiae
1572 2102 1712 2162 huic
1754 2103 2033 2182 scriptori
2070 2102 2424 2185 concedunt,
2463 2107 2548 2165 sic

300 2211 439 2284 quasi
476 2213 729 2285 fluvium
775 2209 866 2270 vel
913 2227 1146 2270 amnem
1180 2217 1363 2269 ‘antea
1414 2210 1773 2291 scripsisset,
1821 2227 1937 2269 non
1971 2211 2215 2284 flumen.
2292 2210 2547 2289 pruden-

299 2316 397 2376 tius
432 2317 756 2378 Pontedera
804 2337 859 2397 p.
899 2314 983 2377 99
1023 2320 1346 2377 adversum
1384 2333 1517 2377 eam
1557 2315 1937 2376 scribendum
1976 2317 2248 2399 coniecit,
2288 2325 2353 2379 ut
2391 2325 2550 2379 esset

295 2417 379 2482 ‘ne
415 2424 718 2486 adversum
746 2394 978 2483 ’flumen
1016 2421 1208 2482 villam
1247 2417 1474 2500 ponas'.
1550 2440 1746 2501 neque
1788 2431 1982 2484 tamen
2021 2427 2343 2485 adversum
2380 2444 2546 2505 prae-

296 2533 573 2607 positionis
613 2531 706 2592 vel
749 2528 1013 2592 adverbii
1050 2529 1179 2590 loco
1217 2528 1542 2590 Varronem
1583 2530 1803 2590 dixisse
1843 2537 2005 2610 puto.
2078 2529 2369 2594 adversus
2407 2511 2547 2595 tcm-

291 2646 548 2713 pestatem
613 2642 903 2720 scrIptum
961 2647 1055 2699 est
1108 2639 1260 2698 infra
1317 2645 1377 2699 et
1430 2640 1642 2699 versus
1699 2657 1873 2719 saepe
1931 2658 2066 2700 cum
2122 2640 2401 2700 adverbio
2458 2642 2549 2701 vel

297 2745 462 2808 addita
504 2749 960 2828 praepositione,
1008 2744 1033 2804 I
1069 2743 1139 2825 2,
1169 2742 1210 2806 3
1257 2748 1347 2807 ad
1393 2749 1710 2807 meridiem
1756 2765 1993 2821 versus,
2051 2746 2077 2806 I
2114 2745 2218 2828 31,
2247 2744 2289 2809 5
2343 2766 2548 2810 susum

298 2870 492 2931 versus,
529 2853 581 2914 II
617 2852 675 2937 7,
704 2850 746 2915 5
782 2852 1063 2916 deorsum
1100 2871 1310 2914 versus
1348 2861 1408 2914 et
1448 2856 1608 2915 intro
1651 2872 1875 2928 versus,
1925 2853 2004 2913 111
2032 2850 2090 2935 5,
2127 2851 2206 2916 10
2236 2859 2298 2916 in
2323 2866 2571 2932 aarum·

297 2977 488 3038 versus,
534 2961 610 3023 ib.
655 2959 737 3023 12
786 2964 873 3023 ad
898 2965 1177 3039 porticus
1214 2979 1442 3037 versus,
1489 2961 1569 3023 111
1609 2959 1669 3043 9,
1700 2958 1739 3023 6
1788 2966 1876 3025 ad
1909 2966 2281 3024 exorientem
2318 2982 2546 3025 versuS.

297 3084 406 3129 nam
446 3071 823 3151 participium
861 3078 953 3130 est
997 3087 1232 3144 quoquo
1280 3087 1519 3130 versum
1566 3069 1593 3129 Ι
1634 3068 1736 3153 10,
1769 3070 1825 3153 1,
1871 3087 2111 3132 versum
2150 3073 2363 3131 dicunt
2407 3089 2544 3132 cen-

295 3180 397 3236 tum
430 3181 612 3254 pedes
658 3195 894 3253 quoquo
941 3194 1178 3238 versum
1224 3180 1615 3252 quadratum.
1690 3196 1871 3257 quare
1924 3197 2001 3240 ne
2047 3180 2368 3239 adversam
2414 3196 2547 3239 eam

289 3299 455 3356 ponas
508 3286 739 3370 scripsi.
826 3284 898 3345 de
964 3286 1080 3346 situ
1150 3284 1316 3345 villae
1383 3284 1589 3345 eadem
1655 3287 2171 3365 praescripserunt
2228 3283 2547 3346 Columella

294 3385 402 3473 15,
437 3389 477 3453 4
530 3392 866 3454 cavendum
923 3398 1122 3453 tamen
1187 3396 1309 3453 erit
1360 3399 1431 3453 ut
1483 3411 1523 3453 a
1579 3400 1752 3468 teryo
1801 3396 2004 3470 potius
2060 3411 2241 3468 quam
2278 3411 2439 3469 prae
2483 3412 2547 3454 se

291 3497 482 3566 flumen
527 3501 756 3561 habeat
799 3505 857 3560 et
912 3506 981 3560 ut
1037 3502 1312 3572 aedificii
1358 3499 1536 3575 frons
1583 3517 1805 3561 aversa
1860 3503 1938 3560 sit
1993 3501 2070 3560 ab
2128 3499 2362 3575 infestis
2417 3503 2547 3561 eius

296 3609 531 3678 reqionis
576 3609 768 3668 ventis
814 3613 874 3667 et
919 3609 1299 3669 amicissimis
1347 3610 1613 3667 adversa
1661 3613 1722 3666 et
1765 3606 1994 3667 Plinius
2041 3605 2222 3666 XVIII
2261 3604 2347 3668 33
2404 3626 2544 3669 con-
2639 3664 2645 3670 .

296 3717 429 3773 venit
470 3733 662 3790 neque
709 3718 886 3775 iuxta
925 3717 1184 3791 paludes
1232 3716 1579 3791 ponendam
1627 3731 1756 3776 esse
1811 3732 2005 3788 neque
2051 3717 2309 3775 adverso
2353 3732 2547 3776 amne.

297 3818 473 3881 eodem
518 3831 716 3883 autem
763 3820 998 3881 dicendi
1035 3840 1253 3901 genere
1297 3820 1477 3881 Varro
1516 3839 1662 3881 usus
1702 3829 1793 3881 est
1835 3820 1860 3880 I
1899 3818 2003 3904 55,
2034 3817 2075 3880 2
2111 3840 2189 3882 ne
2225 3824 2545 3882 adversam

297 3930 486 3990 caedat
529 3937 588 3990 et
624 3927 679 3987 11
717 3924 781 4008 9,
807 3925 849 3988 2
896 3935 1107 3989 tauros
1152 3910 1348 3990 solere
1395 3931 1683 3990 adversos
1729 3931 2043 3990 adsistere.

442 4032 481 4095 2
542 4034 1032 4095 Auertendum
1080 4037 1294 4095 etiam
1341 4037 1545 4114 siqua
1595 4044 1804 4096 erunt
1859 4036 2015 4096 loco
2071 4036 2425 4116 palustria
2475 4045 2546 4099 et

295 4151 561 4221 propter
605 4141 889 4203 easdem
936 4159 1191 4202 causas
1249 4150 1316 4203 et
1369 4143 1549 4221 quod
1598 4149 1944 4203 arescunt
1999 4153 2342 4204 crescunt
2399 4147 2544 4205 ani-

298 4247 476 4309 malia
525 4250 866 4330 quaedam
914 4247 1225 4327 minuta]
1282 4250 1733 4312 Advertendum
1790 4250 1945 4310 edita
2000 4248 2138 4310 inde
2194 4269 2226 4310 a
2273 4252 2543 4331 principe

300 4350 520 4416 editione
560 4356 932 4436 exemplaria.
1008 4360 1404 4419 avertendum
1441 4357 1514 4417 de
1553 4356 1685 4417 villa
1727 4375 1758 4417 a
1795 4355 2161 4436 palustribus
2198 4356 2345 4418 locis
2383 4377 2544 4419 aver-

247 4529 254 4541 *
298 4460 442 4521 tenda
506 4463 731 4525 dictum
786 4463 1168 4524 Zahlseldtius
1232 4472 1456 4544 quaest.
1506 4466 1639 4526 crit.
1685 4466 1747 4525 in
1796 4463 1964 4524 Varr.
2008 4484 2064 4544 p.
2116 4462 2197 4525 18
2265 4464 2544 4526 defendit.

298 4563 414 4628 mihi
455 4588 560 4632 nec
599 4570 836 4632 dicendi
884 4573 1047 4633 ratio*
1081 4572 1194 4632 hoc
1244 4572 1400 4633 ferre
1448 4571 1702 4653 videtur,
1748 4580 1814 4636 ut
1861 4570 2011 4652 villa,
2064 4590 2214 4650 quae
2262 4590 2464 4633 aversa
2511 4591 2544 4632 a
