3178 5185
636 416 761 480 150
1313 419 1698 475 COMMENT.
1738 420 1819 474 IN
1856 418 2230 474 VARRONIS

632 580 1072 657 praeqnatibus
1101 579 1265 652 quod
1289 581 1430 636 sunt
1460 579 1705 650 molesti,
1748 578 1976 649 obsunt,
2016 574 2070 635 h.
2102 593 2152 635 e.
2183 576 2400 665 arietes
2429 572 2644 633 obsunt
2679 583 2894 652 propte·

636 706 754 768 rea,
803 686 956 764 quod
1007 683 1213 744 ovibus
1260 691 1414 762 tum,
1470 701 1606 743 eum
1654 685 1769 742 iam
1825 690 2179 761 praegnates
2229 682 2416 741 factae
2465 689 2628 762 sunt,
2682 679 2895 740 molesti

638 799 792 853 sunt.
860 793 1304 869 praeqnatibus
1350 799 1547 850 autem
1597 791 1894 850 constanti
1948 807 2063 849 usu
2111 788 2390 855 Varronis
2438 797 2497 848 et
2543 789 2894 866 antiquorum

644 900 1030 978 scriptorum:
1072 915 1385 974 praeqnas
1424 896 1474 956 11
1505 893 1565 979 2,
1600 894 1699 957 14.
1746 893 1807 978 5,
1838 892 1894 956 6.
1942 895 2022 955 111
2056 894 2155 976 12,
2185 892 2245 976 5,
2282 896 2424 954 item
2473 893 2522 953 11
2561 892 2622 975 4,
2651 893 2686 956 7
2718 903 2773 954 et
2810 891 2899 973 14,

640 1005 741 1066 ubi
782 1023 1115 1082 praeqnax
1160 1007 1221 1065 in
1268 1003 1586 1083 archetypo
1636 1004 1773 1083 fuit,
1821 1009 2228 1080 praeqnatem
2276 1001 2328 1061 ΙΙ
2372 999 2477 1081 10,
2506 998 2567 1082 9,
2622 1000 2721 1061 ubi
2772 1003 2898 1060 item

635 1131 968 1190 praeqnax
1020 1114 1306 1190 scriptum
1364 1118 1516 1190 erat,
1562 1117 1940 1187 praeqnates
1986 1109 2036 1168 ll
2076 1106 2134 1189 5,
2168 1106 2268 1169 13.
2317 1105 2376 1189 6,
2402 1105 2462 1168 4.
2505 1106 2562 1190 7,
2593 1106 2689 1169 11.
2726 1104 2901 1188 9,11,

634 1213 1011 1296 praeanatia
1050 1227 1109 1278 et
1140 1221 1620 1295 praeqnationes
1658 1214 1815 1296 144,
1844 1215 1905 1298 4,
1934 1218 2386 1294 praeqnatibus
2421 1215 2472 1274 11
2505 1214 2562 1297 7,
2596 1213 2692 1276 10.
2733 1234 2899 1293 prae-

634 1333 923 1402 quantem
971 1325 1154 1386 semel
1203 1328 1491 1405 scripturn
1541 1326 1654 1385 fuit
1700 1324 1751 1384 ΙΙ
1793 1322 1982 1405 7,10,
2032 1323 2131 1384 ubi
2171 1331 2574 1400 praeanatem
2619 1323 2901 1383 Parisinus

639 1432 823 1493 codex
882 1432 1077 1493 habet.
1163 1431 1408 1492 eandem
1466 1432 1710 1492 formam
1782 1440 2031 1491 testatur
2088 1430 2314 1490 Plinius
2381 1430 2532 1508 apud
2593 1429 2902 1490 Charisium

634 1560 689 1619 p.
733 1537 876 1621 141,
905 1536 990 1601 28
1033 1543 1465 1615 praeqnatium
1511 1547 1579 1599 ut
1625 1542 2014 1616 optimatium.

813 1645 1200 1705 Deterrent
1247 1645 1326 1705 ab
1377 1645 1701 1728 saliendo
1751 1655 1819 1706 et
1858 1644 2138 1705 fiscella
2181 1647 2478 1705 seiuneo
2519 1643 2748 1704 aliaue
2788 1662 2904 1722 qua

635 1771 709 1811 re
741 1751 924 1830 quod
954 1751 1253 1831 alligant
1282 1753 1360 1813 ad
1393 1753 1754 1831 naturam]
1788 1755 2115 1814 Deterrent
2143 1771 2182 1812 a
2209 1754 2483 1813 saliendo
2513 1758 2571 1812 et
2601 1755 2853 1824 fiscellas
2878 1769 2907 1810 e

641 1863 820 1920 iunco
850 1864 1048 1921 aliave
1076 1879 1198 1935 qua
1228 1880 1314 1938 re,
1354 1865 1517 1935 quod
1547 1865 1798 1936 alliqent
1826 1859 2066 1938 Merula,
2098 1862 2409 1920 deterrent
2445 1877 2484 1918 a
2520 1861 2787 1919 saliendo
2816 1861 2907 1930 fis-

639 1968 804 2025 cellis
842 1984 877 2026 e
914 1968 1093 2027 iunco
1133 1970 1332 2028 aliave
1368 1986 1490 2042 qua
1537 1986 1625 2048 re,
1657 1986 1837 2043 quam
1876 1970 2132 2042 alliqant
2170 1965 2488 2026 iucundus
2563 1967 2791 2025 restitui
2828 1983 2905 2022 ve-

640 2082 828 2132 terem
884 2071 1227 2154 lectionem,
1275 2076 1333 2134 in
1384 2094 1497 2154 qua
1555 2079 1718 2150 quod
1769 2076 2163 2154 postpositum
2231 2071 2563 2133 editoribus
2619 2071 2908 2132 offensioni

641 2179 769 2258 suit,
817 2181 1128 2240 deterrent
1164 2182 1240 2240 ab
1278 2184 1567 2261 saltenda,
1598 2190 1657 2242 et
1678 2186 1944 2256 fiscellas
1982 2201 2015 2242 e
2053 2185 2233 2263 iunco
2275 2182 2479 2240 aliave
2512 2197 2634 2254 qua
2670 2199 2737 2240 re
2764 2180 2911 2254 quod

642 2288 898 2360 alliqant
944 2290 1031 2346 ad
1073 2294 1382 2361 naturum.
1456 2290 1672 2348 arietes
1730 2307 1803 2348 ne
1861 2289 2122 2347 minores
2181 2296 2320 2347 natu
2378 2286 2592 2346 saliant
2637 2287 2803 2345 etiam
2849 2302 2907 2373 ea

643 2410 708 2451 re
759 2391 1080 2474 deterrent,
1128 2394 1282 2472 quod
1324 2394 1573 2454 fiscellas
1623 2415 1653 2454 e
1701 2397 1878 2454 iunco
1928 2394 2106 2455 aliave
2147 2413 2261 2474 qua
2311 2412 2375 2453 re
2428 2394 2610 2453 factas
2648 2392 2714 2452 ad
2760 2401 2906 2451 natu-

640 2517 767 2559 ram
814 2501 1009 2560 ovium
1059 2499 1313 2579 alligant.
1389 2520 1581 2580 neque
1630 2510 1691 2563 et
1734 2520 1842 2582 pro
1892 2506 2072 2563 etiam
2121 2503 2379 2582 positum
2420 2520 2452 2561 a
2492 2500 2764 2560 Varronis
2798 2516 2908 2558 ser·

643 2625 815 2666 mone
865 2606 1123 2668 alienum
1169 2617 1277 2669 est.

829 2710 909 2774 15
973 2714 1267 2794 Inigunt
1330 2719 1398 2776 in
1469 2716 1749 2778 stabula
1816 2710 2038 2796 eaque
2094 2715 2362 2776 habent
2400 2699 2507 2775 ⁸ad
2577 2733 2717 2775 eam
2778 2730 2905 2773 rem

646 2819 964 2898 seclusa]
1016 2823 1310 2882 Iniieiunt
1348 2826 1408 2883 in
1448 2841 1521 2883 ea
1559 2825 1818 2898 stabula,
1866 2843 2024 2899 quae
2061 2826 2291 2884 habent
2325 2821 2646 2896 iucunduS‚
2693 2823 2909 2895 iniqunt

537 2957 541 2962 -
648 2932 709 2987 in
758 2930 998 2989 stabula
1046 2946 1137 3002 ea,
1185 2947 1343 3003 quae
1388 2931 1613 2989 habent
1657 2927 1969 2990 Victorius,

828 3032 908 3095 16
973 3035 1366 3112 Antequam
1424 3044 1685 3096 exeunt
1749 3046 2027 3115 pastum
2085 3047 2154 3098 et
2212 3055 2364 3096 oum
2424 3031 2906 3110 reuerterunt]

646 3142 892 3202 Exeant
936 3141 1090 3201 edita
1139 3150 1273 3202 ante
1314 3140 1639 3202 Victorium
1680 3144 2052 3224 exemplaria,
2101 3146 2256 3204 sicut
2295 3161 2473 3222 supra
2515 3144 2792 3221 seriptum
2826 3149 2907 3201 est

645 3254 970 3322 antequam
1017 3257 1241 3309 matres
1290 3252 1350 3309 in
1382 3252 1674 3325 pabulum
1712 3258 1950 3312 exeant.
2030 3251 2142 3311 hoc
2181 3250 2310 3310 loco
2353 3258 2596 3326 exeunt,
2638 3252 2686 3309 si
2722 3265 2903 3309 verum

648 3362 755 3435 est,
802 3364 1046 3433 propter
1094 3374 1161 3415 ea
1210 3373 1358 3434 quae
1406 3355 1599 3417 addita
1649 3366 1789 3418 sunt
1839 3377 1975 3419 cum
2022 3365 2424 3419 reverterunt.
2502 3357 2605 3417 sed
2654 3358 2901 3436 quoniam

649 3464 710 3521 in
776 3460 884 3521 bac
942 3464 1359 3523 coniunctione
1418 3466 1656 3543 saepius
1714 3464 1784 3524 ab
1847 3464 2174 3526 editoribus
2234 3472 2496 3525 erratum
2556 3482 2685 3524 esse
2743 3462 2903 3540 video,

651 3586 799 3647 quae
856 3566 928 3627 de
986 3587 1097 3629 usu
1156 3567 1434 3628 Varronis
1490 3572 1549 3629 in
1602 3569 1694 3629 his
1750 3569 1916 3630 libris
1974 3570 2281 3631 observavi
2337 3570 2561 3631 addam.
2645 3588 2807 3649 saepe
2856 3574 2906 3627 et

650 3677 947 3736 constanti
993 3675 1420 3754 propemodum
1472 3695 1585 3737 usu
1636 3685 1959 3752 antequam
2009 3696 2143 3738 eum
2192 3679 2569 3738 coniunctivo
2605 3677 2906 3757 praesentis

652 3783 938 3861 temporis
984 3785 1226 3860 ponitur
1273 3794 1510 3861 praeter
1558 3784 1703 3844 haee
1750 3803 1963 3866 pauca,
2021 3803 2170 3864 quae
2224 3785 2595 3845 manifestam
2652 3784 2907 3863 temporis

651 3890 1137 3966 significationem
1196 3888 1438 3970 habent,
1499 3888 1665 3970 140,
1694 3888 1736 3951 4
1795 3895 1861 3952 id
1907 3895 1983 3964 fit
2036 3899 2188 3972 tum,
2252 3899 2577 3966 antequam
2628 3909 2908 3968 ,qemmare

654 4004 763 4057 aut
801 4000 1031 4071 florere
1088 3999 1240 4071 quid
1284 4001 1523 4078 incipit,
1582 3997 1633 4057 11
1673 3997 1733 4080 2,
1768 3995 1847 4059 18
1910 4005 2195 4060 castrare
2250 4006 2485 4075 oportet
2538 4018 2756 4075 aqnum
2805 4016 2906 4058 non

653 4107 944 4193 minorem
991 4106 1255 4177 quinque
1300 4122 1582 4181 mensum,
1632 4124 1826 4180 neque
1873 4112 2196 4180 antequam
2245 4109 2482 4167 calores
2530 4116 2640 4168 aut
2685 4106 2906 4183 friqora

599 4227 603 4233 ·
650 4230 715 4271 se
747 4209 1089 4285 freqerunt,
1146 4208 1225 4269 111
1256 4206 1314 4292 5,
1346 4208 1390 4272 4
1429 4214 1638 4274 diebus
1678 4215 1892 4287 viqinti
1939 4219 2262 4286 antequam
2301 4215 2508 4274 tollere
2547 4218 2672 4275 vult
2705 4215 2906 4284 turdOS,

654 4320 891 4391 larqius
948 4320 1056 4377 dat
1111 4320 1336 4393 cibum,
1394 4318 1417 4377 1
1456 4315 1558 4399 29,
1603 4318 1635 4380 1
1696 4322 1802 4379 ubi
1842 4326 2039 4379 satum
2080 4318 2230 4395 fuit,
2288 4326 2612 4395 antequam
2663 4322 2907 4398 secunda

656 4427 939 4484 aratione
995 4431 1253 4485 novatur
1308 4444 1542 4486 rursus.
1619 4445 1752 4485 uam
1798 4424 1876 4484 111
1917 4424 1984 4507 7,
2027 4424 2105 4486 11
2165 4425 2318 4486 haud
2387 4426 2563 4488 dubie
2612 4435 2908 4504 antequam

657 4533 943 4603 aedifices
983 4531 1361 4594 scribendum
1409 4544 1515 4616 est,
1564 4553 1683 4594 non
1732 4537 2041 4607 aedifica&
2115 4541 2425 4613 praeterea
2472 4553 2607 4595 curn
2656 4537 2907 4596 coniunc-
