3178 5185
546 433 678 498 234
900 451 903 456 ’
1533 433 1907 489 VARRONIS

544 603 720 662 modo
773 603 1026 681 exempli
1073 622 1249 664 causa
1296 603 1506 662 dicam.
1600 604 1798 679 porcis
1846 600 2203 660 lactentibus
2251 601 2303 659 si
2351 602 2546 663 scrofa
2591 602 2683 663 lac
2724 621 2837 663 non

544 717 739 788 potest
796 710 1205 790 suppeditare,
1262 711 1528 770 triticum
1587 710 1829 769 frictum
1888 708 2017 767 dari
2073 715 2308 787 oportet
2354 701 2634 787 (crudum
2685 713 2838 771 enim

544 816 718 876 solvit
764 810 982 900 alvom)
1033 817 1121 876 vel
1170 817 1457 877 hordeum
1508 816 1663 877 obici
1712 835 1782 875 ex
1833 834 2011 895 aqua,
2062 815 2249 893 quaad
2297 816 2441 877 fiant
2490 819 2836 878 trimestres

445 928 526 984 22
550 925 621 984 de
672 942 919 984 numero
966 925 1027 983 in
1077 933 1314 984 centum
1366 942 1502 984 sues
1549 925 1755 984 decem
1806 940 2007 982 verres
2055 924 2197 982 satis
2245 941 2374 982 esse
2422 932 2662 1003 putant:
2715 927 2837 1004 qui·

541 1032 672 1092 dam
723 1033 898 1091 etiam
946 1031 1085 1090 hinc
1134 1031 1396 1091 demunt.
1481 1048 1692 1109 greges
1743 1029 2088 1107 [maiorum]
2138 1030 2542 1110 inaequabiles
2590 1031 2838 1114 habent3
2886 1054 2911 1092 5

540 1138 645 1198 sed
694 1156 803 1216 ego
849 1138 1152 1198 modicum
1199 1146 1343 1216 puto
1393 1139 1830 1198 centenarium:
1888 1137 2113 1216 aliquot
2159 1139 2413 1198 maiores
2460 1138 2714 1220 faciunt,
2761 1141 2837 1198 ita

540 1255 606 1306 ut
663 1253 754 1305 ter
811 1246 1261 1324 quinquagenos
1321 1244 1591 1305 habeant.
1689 1262 2005 1323 porcorum
2063 1262 2303 1323 gregem
2361 1245 2458 1305 alii
2516 1245 2838 1325 duplicant,

543 1352 641 1413 alii
706 1355 880 1412 etiam
956 1354 1238 1412 maiorem
1317 1353 1556 1413 faciunt.
1671 1353 1863 1411 minor
1936 1369 2079 1430 grex
2147 1370 2322 1430 quam
2390 1355 2576 1413 maior
2643 1355 2838 1414 minus

540 1467 957 1539 sumptuosuS‚
1024 1460 1181 1537 quod
1248 1461 1494 1519 comites
1563 1459 1852 1520 subulcus
1915 1460 2226 1537 pauciores
2285 1462 2533 1539 quaerit.
2636 1462 2840 1539 itaque

537 1569 736 1646 gregis
797 1580 1107 1626 numerum
1166 1575 1368 1645 pastor
1425 1566 1498 1626 ab
1557 1586 1663 1627 sua
1714 1566 1966 1627 utilitate
2015 1569 2351 1647 constituit,
2410 1585 2529 1627 non
2578 1574 2646 1626 ut
2696 1574 2840 1646 quot
2869 1587 2915 1626 ιο

538 1691 740 1732 verres
786 1672 1025 1734 habeat:
1073 1674 1131 1733 id
1183 1677 1337 1734 enim
1386 1673 1459 1733 ab
1509 1682 1718 1734 natura
1770 1675 2143 1735 sumendum.
2659 1655 2662 1658 Δ

484 1752 529 1838 V
727 1779 884 1841 Haec
931 1779 1044 1841 hic.
1138 1789 1196 1841 at
1243 1780 1497 1851 Quintus
1537 1780 1834 1841 Lucienus
1881 1789 2145 1861 senator,
2191 1781 2367 1840 homo
2416 1783 2684 1860 quamvis
2731 1781 2837 1841 hu-

536 1906 747 1947 manus
804 1907 870 1947 ac
931 1890 1198 1969 iocosuS‚
1261 1891 1578 1969 introienS,
1635 1887 1940 1948 familiaris
1987 1891 2249 1949 omnium
2281 1891 2597 1969 nostrum,
2657 1888 2836 1968 Syne-

536 1996 790 2074 pirotae‚
847 1997 1065 2076 inquit,
1120 1995 1407 2076 χαίρετε,
1457 2006 1518 2057 et
1564 1996 1888 2057 Varronem
1938 2003 2235 2075 nostrum,
2282 1997 2504 2075 inquit,
2549 1990 2834 2075 ποιμένα

535 2099 749 2181 λαῶν,
809 2102 1074 2163 Scrofam
1121 2106 1279 2164 enim
1337 2123 1506 2164 mane
1555 2097 1818 2163 salutavi.
1912 2103 2059 2163 Cum
2108 2101 2256 2162 alius
2304 2120 2440 2162 eum
2488 2102 2821 2182 salutasset,
2860 2119 2906 2158 15

535 2208 684 2269 alius
751 2212 1119 2271 conviciatus
1176 2220 1368 2290 esset,
1440 2214 1541 2290 qui
1610 2219 1725 2271 tam
1785 2229 1918 2270 sero
1974 2211 2235 2269 venisset
2291 2209 2362 2268 ad
2421 2211 2830 2291 constitutum,

533 2315 756 2376 Videbo
803 2320 918 2378 iam
965 2337 1086 2398 voS,
1135 2320 1345 2398 inquit,
1396 2318 1749 2399 balatroneS‚
1799 2327 1858 2378 et
1903 2317 2016 2377 hoc
2058 2315 2317 2377 adferam
2357 2334 2554 2376 meum
2594 2319 2825 2377 corium

679 2495 702 2539 1
756 2489 938 2556 porcis
975 2491 1132 2546 Bmv
1179 2496 1227 2545 et
1279 2492 1468 2545 addito
1505 2491 1552 2558 i,
1600 2496 1664 2544 ut
1708 2491 1948 2555 videtur,
1996 2491 2171 2543 altera
2207 2506 2379 2542 manu
2415 2489 2469 2540 A
2509 2504 2706 2558 porcos
2749 2491 2829 2543 vel

533 2592 700 2645 poros
743 2576 798 2629 P
940 2578 1280 2634 lactentibus
1315 2580 1414 2635 hoe
1451 2581 1564 2636 loeo
1613 2580 1790 2634 VAB
1936 2578 1983 2632 si
2021 2578 2172 2632 crofa
2208 2578 2264 2632 A
2407 2583 2438 2631 3
2482 2578 2668 2632 aluom
2713 2578 2827 2632 PA

534 2665 723 2718 aluum
761 2667 815 2719 Β
828 2685 856 2721 v
1003 2685 1069 2722 ex
1107 2686 1252 2736 aqna
1290 2701 1355 2709 --
1396 2686 1580 2724 verres
1618 2670 1680 2723 in
1716 2670 1964 2737 maryine
1999 2668 2208 2735 saepta
2244 2668 2306 2720 in
2334 2667 2389 2719 A
2498 2668 2681 2735 quaad
2711 2668 2824 2721 ΡΒ

533 2755 717 2822 quoad
745 2756 841 2810 Av
988 2764 1019 2811 5
1057 2776 1258 2828 greges
1296 2758 1570 2814 maiorum
1607 2759 1791 2812 PAB
1829 2774 2028 2826 greges
2074 2757 2312 2810 maiores
2341 2774 2373 2810 v
2411 2772 2612 2824 greges
2650 2757 2822 2810 maia-

531 2842 669 2897 lium
712 2845 1020 2901 Pontedera
1055 2865 1119 2916 p.
1167 2853 1279 2903 427
1309 2867 1313 2870 ’
1422 2846 1805 2916 inaequabiles
1854 2847 1973 2901 AB
2019 2846 2339 2915 inaequales
2386 2845 2439 2898 V
2574 2850 2606 2899 6
2645 2842 2822 2899 modi-

533 2948 660 2984 cum
703 2932 813 2986 VB
852 2935 1077 2989 modum
1116 2936 1172 2989 A
1334 2936 1552 3005 aliquot
1588 2934 1827 2990 maiores
1864 2952 1896 2989 v
1934 2933 2167 3002 aliquod
2204 2933 2441 2988 maiores
2479 2933 2656 2988 PAB

529 3021 737 3076 fatiunt
781 3024 835 3077 A
983 3030 1013 3078 7
1062 3026 1147 3079 ter
1200 3027 1631 3095 superscriptum
1676 3026 1740 3078 in
1776 3023 1830 3077 A
1975 3029 2006 3077 9
2054 3023 2204 3090 quod
2248 3021 2480 3077 comites
2528 3022 2641 3075 VB
2676 3022 2819 3091 quod

531 3110 680 3178 quod
712 3112 933 3167 comitit
959 3130 1097 3168 corr.
1129 3145 1195 3152 —
1230 3115 1302 3169 tis
1333 3116 1384 3167 A
1498 3121 1563 3168 10
1602 3114 1673 3168 ab
1712 3131 1812 3168 sua.
1849 3113 2093 3168 utilitate
2124 3112 2178 3167 A
2207 3112 2279 3166 ab
2308 3128 2463 3165 suam
2494 3111 2744 3166 utilitate
2775 3111 2829 3163 P

531 3216 566 3252 a
610 3216 709 3253 sua
755 3201 1002 3255 utilitate
1040 3203 1093 3255 Β
1133 3205 1204 3257 ad
1244 3220 1400 3257 suam
1440 3202 1747 3315 utillitatem
1785 3221 1818 3257 v
1996 3219 2109 3256 non
2146 3202 2210 3254 ut
2246 3202 2385 3268 quot
2419 3218 2607 3255 uerres
2647 3219 2677 3255 v
2715 3218 2822 3254 non
2875 3211 2888 3232 ¹

1439 3287 1528 3323 quo

529 3325 594 3376 ut
641 3324 791 3390 quod
838 3342 1022 3380 uerres
1064 3327 1180 3379 PB
1225 3344 1337 3380 non
1383 3330 1449 3380 ut
1493 3345 1682 3382 uerres
1720 3329 1777 3381 A
1822 3345 1934 3382 non
1976 3326 2112 3381 item
2151 3328 2289 3394 quot
2325 3342 2510 3379 uerres
2555 3325 2823 3379 Gesnerus

747 3418 810 3465 11
870 3414 1079 3468 habeat
1137 3416 1245 3469 VB
1302 3406 1548 3485 habeant
1593 3418 1649 3471 A
1702 3416 1951 3471 habeant
1993 3433 2046 3470 m
2262 3414 2332 3468 ab
2388 3417 2590 3468 natura
2639 3414 2753 3469 PA
2790 3431 2824 3466 a

528 3502 729 3555 natura
763 3502 861 3557 Bv

675 3595 738 3642 12
788 3591 849 3643 at
894 3591 1121 3658 quintus
1156 3610 1190 3646 v
1237 3591 1309 3646 ad
1353 3594 1579 3661 quintus
1620 3595 1805 3647 PAB
1986 3599 2051 3647 13
2097 3594 2349 3647 nostrum
2395 3591 2821 3659 superscriptam
2931 3604 2934 3613 ¹

525 3679 591 3732 in
624 3678 680 3731 B
864 3679 961 3733 Sin
1009 3679 1259 3749 epirotae
1305 3688 1355 3736 et
1399 3684 1462 3736 in
1497 3684 1745 3752 vnarqine
1782 3683 1827 3736 c'
1869 3683 2280 3749 συνηπειρῶπαι
2319 3682 2376 3735 Ρ
2416 3678 2721 3748 sinepirote
2767 3677 2820 3731 A

470 3776 473 3789 ¹
528 3768 615 3821 sin
680 3771 945 3837 epyrotae
1009 3770 1065 3822 Β
1131 3771 1221 3824 Sic
1285 3770 1533 3841 epirotae
1597 3790 1646 3826 v.
1756 3772 1773 3800 ‘
1791 3772 1954 3826 Vetus
2017 3773 2169 3825 lectio
2236 3768 2612 3839 Sinepirotae:
2686 3785 2821 3838 quae

521 3874 765 3925 paruum
810 3859 1013 3912 uitium
1058 3860 1252 3912 habuit
1279 3880 1295 3911 .·
1323 3876 1421 3913 nec
1462 3861 1606 3914 illud
1651 3861 1944 3914 librarium
1988 3860 2282 3926 fefellerat,
2341 3858 2595 3928 quamuis
2641 3857 2821 3910 tollere

524 3962 638 4000 ‘non
699 3948 965 4015 potuisset
1000 3949 1237 4002 :mendi
1296 3949 1437 4002 enim
1500 3954 1687 4002 notam
1751 3950 2096 4016 adposuerat.
2193 3946 2481 4016 Castiqaui
2544 3952 2684 4000 recte
2736 3949 2821 4009 (ut

526 4036 745 4102 opinor)
778 4036 1214 4105 συνηπειρῶται’
1249 4036 1525 4091 Victorius
1637 4042 1703 4089 14
1732 4036 1916 4104 inquit
1944 4037 2164 4105 χαίρετε
2196 4052 2226 4088 v
2257 4034 2440 4102 inquit
2459 4035 2685 4089 charete
2708 4035 2820 4089 ΡΒ

523 4124 720 4191 inquid
748 4124 806 4178 di
838 4126 847 4194 1
880 4124 1157 4192 charecte‚
1193 4126 1286 4179 sed
1316 4126 1383 4180 ch
1406 4131 1596 4195 postea
1624 4127 1688 4179 in
1713 4127 1959 4195 marqine
1987 4126 2167 4180 eadem
2200 4141 2371 4178 manu
2399 4125 2737 4193 adscriptum
2765 4124 2818 4177 A

525 4212 710 4280 inquit
757 4212 1109 4268 dichaerecte
1155 4231 1209 4267 m
1350 4198 1580 4281 fortasse
1628 4213 1877 4268 Scrofam
1927 4214 2072 4267 enim
2122 4218 2181 4268 et
2217 4215 2524 4268 Varronem
2566 4215 2815 4268 nostrum

525 4301 767 4371 ποιμένα
821 4304 972 4357 λαῶν
1022 4319 1183 4357 mane
1234 4303 1475 4357 salutavi
1553 4353 1559 4357 ,
1624 4309 1686 4356 15
1735 4303 1928 4373 inquid
1969 4304 2267 4372 posteriore
2313 4305 2427 4357 loco
2470 4301 2584 4355 PA
2635 4302 2815 4369 inquit

524 4396 750 4459 utroque
797 4394 909 4447 loeo
957 4392 1052 4446 Bv
1197 4388 1440 4459 ποιμένα
1487 4392 1638 4444 λαῶν
1693 4391 1747 4445 V
1783 4392 2187 4460 poemenalaon
2237 4391 2357 4444 AB
2505 4396 2568 4443 16
2626 4390 2811 4444 conui-

526 4477 706 4533 ciatus
757 4480 873 4532 PB
931 4478 1270 4533 conuitiatus
1318 4479 1413 4533 Av
1573 4485 1636 4533 17
1685 4478 1872 4549 inquit
1927 4478 2244 4534 balatrones
2291 4480 2344 4532 Β
2409 4478 2605 4546 inquid
2659 4480 2812 4534 bala-

526 4570 715 4622 trones
745 4568 798 4621 A
838 4566 1024 4635 inquit
1058 4567 1419 4623 balathrones
1458 4568 1511 4622 V
1647 4568 1757 4624 hoc
1794 4569 2041 4623 adferam
2069 4569 2189 4622 AB
2227 4570 2335 4624 hoc
2372 4568 2598 4623 afferam
2636 4570 2689 4623 V
