3178 5185
627 386 749 481 28'
1312 425 1694 480 COMMENT.
1734 427 1811 479 IN
1849 425 2225 480 VARRONIS

627 590 854 656 quarta
902 584 978 642 de
1024 583 1408 658 temporibus,
1457 599 1620 656 quae
1667 599 1795 660 sqq.
1887 583 2097 641 tertiae
2144 581 2331 660 partis
2378 580 2587 642 divisio
2636 581 2914 660 bipertita

628 699 718 748 est
774 687 846 748 de
904 689 978 748 iis
1033 686 1214 748 rebus
1271 706 1422 766 quae
1484 686 1922 766 praeparandae
1980 696 2039 748 et
2095 686 2198 748 ubi
2256 706 2358 748 eae
2414 688 2717 748 faciendae
2773 690 2917 767 sint,

626 797 768 855 item
808 771 1015 873 quarta
1063 794 1135 855 de
1184 794 1555 873 temporibus
1603 813 1753 873 quae
1802 794 1870 854 ad
1921 794 2105 855 solem
2155 804 2216 855 et
2260 812 2410 874 quae
2458 795 2528 854 ad
2577 795 2775 855 lunam
2822 815 2915 856 re·

627 903 918 963 feruntur.

804 1008 895 1069 De
963 1011 1215 1087 primis
1282 1016 1627 1088 quattuor
1693 1008 2027 1088 partibus
2092 1010 2293 1088 prius
2358 1007 2587 1069 dicam
2658 1008 2919 1069 deinde

625 1115 974 1176 subtilius
1021 1116 1101 1176 de
1159 1124 1318 1177 octo
1376 1115 1752 1193 secundis]
1817 1115 1900 1175 De
1950 1124 2230 1194 quattuor
2276 1114 2546 1195 partibus
2594 1118 2919 1194 separatim

626 1242 743 1283 non
793 1211 935 1303 dici,
993 1222 1095 1283 sed
1146 1224 1343 1302 statim
1391 1222 1765 1283 subtiliorem
1816 1222 1888 1283 de
1946 1232 2079 1283 octo
2135 1222 2403 1301 partibus
2451 1222 2920 1300 disputationem

624 1333 795 1409 sequi
851 1332 1043 1408 iisque
1101 1329 1372 1409 partibus
1428 1348 1607 1390 novas
1667 1328 1917 1391 subinde
1972 1340 2171 1408 partes
2220 1329 2412 1390 subici
2459 1329 2762 1391 Gesnerus
2819 1329 2919 1390 ad-

626 1439 860 1499 notavit.
949 1436 1106 1497 idem
1165 1432 1358 1497 tamen
1416 1438 1477 1497 in
1526 1445 1810 1518 quattuor
1863 1444 2064 1517 partes
2112 1455 2240 1496 eam
2288 1436 2752 1515 disputationem
2801 1438 2920 1497 dis-

624 1544 909 1605 tributam
946 1562 1078 1604 esse
1125 1544 1555 1604 animadvertit.
1630 1561 1766 1604 nam
1813 1543 1885 1604 de
1936 1545 2131 1622 prima
2165 1552 2332 1622 parte
2362 1545 2557 1621 agitur
2595 1563 2645 1605 6.
2678 1541 2923 1627 6-16,

624 1652 695 1712 de
728 1650 988 1712 secunda
1020 1669 1075 1711 6.
1110 1648 1390 1731 17-22,
1429 1651 1500 1711 de
1530 1653 1706 1711 tertia
1736 1666 1785 1713 6.
1816 1647 2099 1733 23-26,
2128 1650 2202 1710 de
2232 1660 2440 1730 quarta
2471 1670 2519 1711 c.
2550 1647 2841 1734 27—37,
2863 1650 2923 1714 3.

625 1767 906 1837 quattuor
945 1768 1144 1818 autem
1182 1768 1381 1837 partes
1418 1757 1709 1818 indicatae
1759 1765 1898 1845 sunt
1935 1760 2033 1838 ita,
2072 1764 2138 1818 ut
2179 1760 2358 1818 unius
2397 1759 2691 1838 cuiusque
2732 1762 2925 1843 partis

625 1865 832 1925 divisio
879 1868 941 1926 in
988 1865 1156 1925 binas
1203 1867 1460 1946 specieS,
1518 1867 1750 1926 etiamsi
1808 1868 2070 1944 ipsarum
2128 1883 2331 1925 rerum
2392 1869 2667 1926 tractatio
2723 1866 2924 1946 biper-

624 1975 789 2033 titam
840 1973 1189 2033 divisionem
1228 1992 1346 2033 non
1387 1979 1663 2034 accurate
1702 1981 2005 2052 sequatur,
2043 1979 2239 2032 tamen
2280 1981 2575 2055 appareat,
2622 1974 2688 2033 in
2728 1977 2922 2054 prima

622 2089 790 2159 parte
841 2078 898 2161 6,
936 2080 966 2141 1
1020 2085 1209 2156 ἐρέτην
1248 2084 1518 2158 primum
1567 2083 1643 2141 de
1688 2084 1813 2143 solo
1854 2080 2043 2155 fundi
2084 2083 2238 2141 haee
2285 2088 2575 2155 quattuor
2621 2089 2685 2141 et
2739 2080 2842 2162 11,
2881 2079 2923 2142 2

622 2192 764 2249 villa
803 2192 1230 2262 aedificanda;
1268 2191 1328 2247 in
1359 2187 1619 2248 secunda
1665 2186 1764 2269 17,
1795 2185 1831 2248 1
1875 2191 1949 2249 de
1981 2188 2170 2264 fundi
2206 2194 2496 2263 quattuor
2522 2191 2816 2265 partibus
2842 2223 2917 2232 —-

532 2282 533 2285 ¹
623 2299 786 2356 dixi:
833 2314 996 2356 nune
1046 2299 1264 2371 dicam,
1323 2300 1467 2371 aori
1511 2298 1729 2370 quibus
1776 2297 1960 2357 rebus
2006 2298 2290 2356 colantur
2337 2303 2397 2354 et
2450 2290 2555 2374 19,
2600 2293 2630 2354 1
2697 2298 2778 2356 de
2824 2315 2920 2357 re-

621 2407 788 2478 liqua
818 2410 1004 2479 parte
1041 2406 1429 2464 instrumenti
1435 2425 1458 2474 ;
1504 2405 1564 2462 in
1606 2405 1780 2462 tertia
1818 2399 1925 2483 23,
1968 2400 1999 2462 1
2052 2409 2112 2462 et
2147 2405 2432 2476 quoniam
2468 2403 2765 2462 habemus
2817 2406 2922 2463 illa

623 2514 741 2571 duo
798 2513 1007 2586 prima
1064 2529 1143 2571 ex
1199 2513 1493 2571 divisione
1538 2513 2022 2586 quadripertita,
2081 2513 2156 2570 de
2196 2509 2394 2585 fundo
2442 2515 2499 2569 et
2555 2512 2630 2569 de
2692 2513 2923 2569 instru-

623 2625 839 2691 mente,
887 2635 1003 2692 quo
1051 2621 1175 2678 coli
1214 2623 1379 2697 solet,
1428 2622 1504 2679 de
1550 2621 1734 2679 tertia
1775 2625 1959 2695 parte
2006 2626 2259 2694 expecto
2308 2625 2367 2676 et
2413 2615 2553 2676 ibid.
2602 2619 2726 2677 duo
2777 2635 2919 2678 eon-

621 2729 975 2801 sz'deranda,
1023 2744 1183 2800 quae
1238 2734 1297 2787 et
1341 2744 1457 2801 quo
1505 2729 1771 2800 quidque
1827 2730 1957 2786 loeo
2012 2727 2277 2785 maxime
2333 2725 2623 2798 expediat
2676 2742 2923 2785 serere:

623 2836 684 2892 in
724 2841 931 2910 quarta
963 2829 1067 2913 27,
1103 2832 1133 2893 1
1176 2840 1235 2894 et
1270 2837 1555 2909 quoniam
1597 2841 1868 2911 tempora
1899 2836 2159 2893 duorum
2191 2848 2490 2907 qenerum
2526 2838 2687 2905 sunt,
2729 2850 2922 2892 unum

620 2944 873 3018 annale,
930 2943 1096 3014 quod
1147 2945 1241 3000 sol
1291 2943 1557 3001 circuitu
1615 2958 1724 3000 suo
1765 2944 1932 3014 finit,
1988 2943 2249 2999 alterum
2294 2944 2693 3013 menstruum,
2756 2942 2924 3013 quod

620 3052 766 3108 luna
814 3050 1182 3109 circumiens
1222 3050 1609 3124 conprendit,
1655 3050 1835 3123 prius
1883 3050 2084 3107 dicam
2133 3049 2208 3106 de
2252 3049 2377 3107 sole
2425 3053 2484 3105 et
2538 3042 2641 3123 37,
2686 3043 2724 3106 1
2791 3049 2920 3107 dies

619 3159 869 3215 lunares
933 3173 1170 3230 quoque
1242 3141 1619 3214 observandi.
1736 3152 1992 3230 denique
2066 3151 2205 3212 huic
2273 3151 2685 3232 disputationi,
2768 3172 2917 3232 quae

624 3260 866 3320 Scrofae
915 3261 1136 3321 tributa
1185 3269 1306 3340 est,
1361 3260 1493 3319 finis
1539 3260 1864 3338 imponitur
1912 3256 2025 3341 37,
2063 3257 2106 3319 4
2153 3261 2291 3319 dixi
2335 3262 2410 3319 de
2455 3262 2919 3336 quadripertita

615 3365 821 3440 forma
870 3371 931 3426 in
979 3372 1228 3428 cultura
1274 3370 1434 3442 aeri.
1526 3385 1660 3427 nam
1708 3369 1768 3426 in
1817 3365 2045 3444 reliqua
2092 3374 2260 3445 parte
2317 3364 2455 3426 libri
2502 3364 2752 3427 Scrofae
2803 3367 2917 3427 dis·

621 3475 850 3551 putatio
900 3492 932 3533 a
971 3473 1214 3535 Stolone
1263 3492 1365 3534 sex
1412 3472 1693 3553 gradibus
1742 3473 2011 3533 culturae
2058 3475 2185 3552 agri
2223 3473 2539 3552 descriptis
2577 3474 2916 3552 suppletur.

796 3586 873 3639 VI
917 3579 947 3640 1
1019 3580 1208 3651 Quae
1256 3584 1352 3641 sit
1398 3580 1661 3658 forma]
1730 3583 1863 3653 Qua
1899 3584 1979 3641 sit
2012 3581 2218 3657 forma
2259 3568 2328 3640 ut
2364 3579 2738 3640 scriberetur
2779 3599 2915 3641 con·

619 3688 873 3748 cinnitas
921 3690 1206 3749 orationis
1252 3688 1553 3768 postulare
1600 3686 1925 3748 videbatur.

799 3795 1014 3866 Quam
1061 3794 1531 3875 persecutus]
1581 3812 1884 3870 quamque
1922 3803 2285 3870 prosecutus
2321 3791 2563 3873 Merula,
2612 3792 2721 3853 ubi
2759 3793 2910 3854 Poli-

620 3904 817 3962 tianus
864 3919 980 3976 que
1026 3900 1268 3977 delevit,
1317 3909 1681 3979 prosecutus
1728 3920 1846 3960 non
1894 3903 2177 3981 correxit,
2240 3900 2343 3960 sed
2392 3900 2427 3961 l’
2471 3920 2587 3977 per
2632 3919 2701 3960 se
2750 3909 2914 3961 tutus

620 4015 826 4087 postea
872 4007 1058 4069 rubro
1108 4008 1306 4068 colore
1346 4007 1676 4088 adscripsit.
1752 4027 1932 4083 quam
1970 4015 2329 4085 persecutus
2366 4006 2700 4086 apographa
2742 4008 2912 4067 ltalo-

619 4133 772 4196 rum,
837 4133 1018 4190 quam
1070 4135 1188 4192 per
1228 4134 1297 4176 se
1343 4123 1506 4176 tutus
1561 4115 1609 4175 A
1656 4135 1750 4193 m,
1796 4124 1864 4176 ut
1919 4114 2178 4195 videtur,
2226 4123 2286 4174 et
2332 4122 2641 4174 corrector
2688 4115 2913 4175 codicis

618 4220 965 4302 Florentini,
1022 4222 1177 4301 quod
1225 4222 1528 4282 Iucundos
1575 4224 1819 4302 recepit.
1912 4222 1983 4282 ad
2040 4221 2293 4282 tuendos
2341 4221 2558 4282 fundos
2604 4225 2912 4301 pertinent

619 4347 768 4406 quae
817 4331 1038 4409 scripta
1086 4338 1223 4390 sunt
1270 4349 1320 4390 6.
1362 4325 1642 4390 14-16,
2401 4393 2412 4404 ,

796 4433 836 4495 2
901 4434 1130 4514 Igitur
1199 4454 1352 4496 cum
1419 4437 1559 4495 tria
1625 4453 1886 4514 genera
1954 4436 2099 4495 sint
2153 4454 2185 4493 a
2244 4437 2485 4514 specie
2548 4435 2910 4514 simplicia

619 4560 952 4623 agrorum
1002 4552 1405 4622 campestre
1453 4542 1800 4602 collinum
1848 4551 2256 4603 montanum
2305 4552 2374 4603 et
2413 4561 2492 4602 ex
2541 4543 2632 4601 iis
2674 4542 2902 4602 tribus
