3178 5185
848 405 1105 460 RERVM
1142 405 1621 462 RVSTICARVM
1661 407 1795 462 LIB.
1834 408 1887 461 II
1929 404 1962 458 7
2433 408 2560 475 247

294 573 488 632 faciem
533 581 587 632 et
630 591 661 632 e
709 580 873 634 motu
920 574 1124 635 audire
1172 576 1453 653 crepitus,
1547 594 1683 636 cum
1731 577 1846 635 iam
1894 576 1965 635 ad
2012 595 2222 638 manus
2270 579 2555 639 accedere
2579 584 2659 640 13

293 680 631 759 consuerint,
678 680 978 741 interdum
1026 684 1314 761 inponere
1362 684 1436 742 iis
1482 701 1737 761 puerum
1786 683 1878 742 bis
1925 691 2027 743 aut
2074 693 2165 745 ter
2204 684 2558 764 [interdum]

290 804 525 865 pronum
569 788 628 846 in
674 794 960 868 ventrem,
1006 796 1211 867 postea
1258 791 1375 849 iam
1423 790 1745 851 sedentem.
1842 791 1987 852 haec
2034 792 2249 873 facere,
2296 812 2435 854 cum
2483 796 2560 855 sit

293 896 515 955 trimus:
573 901 698 954 tum
766 896 924 954 enim
991 898 1241 966 maxime
1299 915 1571 957 crescere
1631 916 1698 957 ac
1753 896 2112 958 lacertosum
2169 900 2317 961 fieri.
2420 909 2561 961 sunt

238 1022 261 1061 5
290 1004 386 1080 qui
427 1000 613 1062 dicant
656 1010 793 1080 post
840 1021 1060 1063 annum
1108 1011 1168 1064 et
1214 1019 1317 1064 sex
1364 1023 1602 1065 menses
1650 1004 1886 1066 eculum
1935 1005 2163 1066 domari
2211 1025 2404 1087 posse,
2452 1009 2556 1069 sed

285 1107 481 1168 melius
540 1118 670 1187 post
737 1111 1008 1191 trimum,
1074 1130 1103 1170 a
1163 1130 1280 1189 quo
1339 1120 1609 1191 tempore
1670 1114 1901 1191 farrago
1958 1113 2087 1173 dari
2142 1114 2309 1176 solet.
2412 1115 2556 1178 haec

284 1218 429 1276 enim
486 1218 755 1295 purgatio
823 1219 1075 1277 maxime
1134 1222 1470 1280 necessaria
1529 1221 1748 1299 equino
1808 1223 2028 1299 pecori.
2132 1222 2288 1301 quod
2346 1222 2557 1284 diebus

283 1323 472 1383 decem
522 1323 715 1384 facere
771 1306 1033 1404 oportet,
1089 1342 1199 1385 nec
1247 1328 1370 1404 pati
1416 1325 1596 1386 alium
1645 1326 1833 1387 ullum
1880 1327 2080 1388 cibum
2127 1338 2383 1407 gustare.
2475 1331 2548 1391 ab
2575 1334 2654 1390 14

283 1430 570 1490 undecimo
618 1430 714 1490 die
765 1448 956 1509 usque
1005 1431 1077 1491 ad
1126 1440 1404 1510 quartum
1453 1431 1749 1493 decimum
1800 1433 2057 1494 dandum
2106 1436 2413 1518 hordeum,
2462 1456 2557 1498 co-

215 1555 258 1593 ιο
283 1536 410 1597 tidie
455 1537 803 1598 adicientem
853 1538 1219 1599 minutatim:
1266 1539 1422 1617 quod
1472 1548 1685 1618 quarto
1729 1540 1824 1600 die
1863 1542 2095 1616 feceriS,
2143 1544 2203 1602 in
2245 1563 2312 1604 eo
2351 1545 2557 1605 decem

284 1644 475 1705 diebus
535 1646 824 1725 proximis
890 1645 1267 1706 manendum.
1368 1646 1441 1707 ab
1499 1666 1568 1706 eo
1627 1657 1895 1728 tempore
1951 1649 2335 1711 mediocriter
2391 1672 2555 1713 exer-

281 1753 512 1812 cendum
560 1761 645 1833 et,
693 1770 833 1812 cum
880 1752 1253 1833 consudarit,
1301 1755 1799 1832 perunguendum
1848 1756 1996 1817 oleo.
2090 1759 2139 1817 si
2187 1758 2376 1838 frigus
2424 1763 2555 1841 erit,

278 1860 332 1919 in
383 1860 556 1940 equili
609 1859 920 1920 faciendus
974 1861 1147 1938 ignis,
1239 1880 1271 1920 e
1329 1863 1462 1940 quis
1520 1863 1679 1940 quod
1735 1862 1833 1923 alii
1890 1871 2030 1924 sunt
2085 1864 2156 1924 ad
2213 1884 2340 1925 rem
2394 1867 2542 1927 mili·
2570 1872 2650 1929 15

280 1973 448 2027 tarem
493 1967 717 2048 idonei,
773 1966 872 2026 alii
918 1966 989 2026 ad
1038 1975 1371 2050 vecturam,
1419 1968 1519 2028 alii
1566 1967 1652 2030 ad
1696 1969 2106 2051 admissuram,
2154 1972 2253 2033 alii
2299 1974 2371 2033 ad
2420 1992 2553 2035 cur-

215 2087 486 2159 1⁵suram,
541 2094 659 2136 non
716 2077 860 2136 item
917 2083 1059 2136 sunt
1117 2075 1424 2155 spectandi
1480 2084 1658 2156 atque
1707 2077 1982 2139 habendi.
2073 2081 2274 2158 itaque
2323 2084 2553 2160 peritus

279 2181 402 2242 belli
454 2182 596 2244 alios
652 2183 819 2262 eligit
874 2191 1051 2263 atque
1110 2183 1214 2244 alit
1270 2202 1337 2244 ac
1393 2184 1595 2265 docet3
1651 2184 1821 2245 aliter
1879 2185 2291 2264 quadrigarius
2340 2207 2407 2248 ac
2455 2188 2552 2249 de-

280 2288 471 2371 sultor3
527 2309 723 2370 neque
770 2291 937 2351 idem
996 2293 1098 2370 qui
1155 2292 1450 2352 vectorios
1507 2291 1703 2352 facere
1762 2292 1885 2352 vult
1941 2292 2011 2353 ad
2060 2292 2404 2373 ephippium
2450 2303 2554 2356 aut

280 2395 339 2455 ad
382 2397 627 2478 raedam,
677 2398 834 2477 quod
883 2405 950 2458 ut
995 2398 1067 2459 ad
1116 2417 1242 2458 rem
1289 2397 1624 2479 militarem,
1671 2399 1827 2477 quod
1868 2399 1953 2459 ihi
1991 2400 2060 2459 ad
2100 2408 2293 2461 castra
2332 2401 2551 2463 habere

278 2504 458 2567 volunt
503 2524 691 2587 acreS,
740 2507 827 2566 sic
874 2514 1081 2566 contra
1127 2508 1190 2566 in
1237 2507 1348 2565 viis
1396 2505 1615 2566 hahere
1666 2505 1890 2567 malunt
1935 2507 2215 2587 placidos,
2306 2518 2552 2588 propter

217 2614 414 2690 20quod
463 2615 788 2675 discrimen
844 2616 1096 2675 maxime
1155 2617 1498 2675 institutum
1545 2622 1615 2675 ut
1661 2622 2001 2676 castrentur
2049 2618 2202 2695 equi.
2296 2616 2551 2696 demptis

279 2722 414 2780 enim
475 2721 770 2782 testiculis
838 2723 986 2782 flunt
1044 2723 1396 2802 quietioreS,
1468 2719 1580 2799 [et]
1642 2721 1775 2782 ideo
1832 2723 1988 2800 quod
2048 2724 2273 2784 semine
2329 2734 2551 2787 carent.

395 2969 424 3017 2
470 2963 871 3032 consueuerint
906 2950 961 3016 B
1104 2962 1390 3032 imponere
1437 2962 1508 3018 iis
1549 2963 1666 3017 PB
1712 2950 1980 3032 inponere
2028 2965 2134 3020 hiis
2170 2967 2225 3020 A
2263 2967 2550 3038 imponere

275 3052 348 3106 his
371 3070 400 3106 v
537 3051 631 3107 bis
671 3056 770 3109 aut
806 3055 892 3107 ter
928 3053 1219 3108 interdum·
1247 3070 1484 3121 pronum
1514 3052 1696 3107 PAB
1729 3051 1820 3106 bis
1857 3056 1957 3108 aut
1992 3057 2079 3110 ter
2113 3073 2350 3125 pronum
2379 3058 2549 3112 inter-

275 3141 386 3194 dum
421 3159 454 3197 v
496 3142 584 3197 bis
625 3145 724 3196 aut
758 3145 847 3197 ter
883 3160 1121 3213 pronum
1159 3143 1454 3197 Iucundus
1597 3147 1632 3195 4
1679 3141 1878 3196 trimus
1913 3159 1946 3196 v
1983 3143 2181 3198 trimas
2223 3146 2408 3200 PAR

275 3235 301 3283 5
325 3231 529 3285 eculum
560 3230 745 3286 PAR
773 3232 1036 3300 equulnm
1062 3249 1094 3286 v
1186 3231 1403 3285 domari
1429 3248 1461 3285 v
1490 3230 1717 3285 domare
1748 3247 1885 3286 corr.
1916 3263 1982 3271 —
2015 3231 2065 3286 ri
2092 3234 2147 3287 A
2175 3234 2402 3291 domare
2434 3237 2574 3292 PB·

364 3326 390 3375 ‘1
415 3319 767 3374 neccessaria
785 3321 840 3374 A
930 3328 961 3375 9
993 3318 1200 3374 cotidie
1220 3320 1340 3373 AB
1371 3318 1604 3374 cottidie
1632 3320 1686 3371 P
1720 3318 1973 3388 quotidie
1992 3339 2024 3376 v
2118 3331 2184 3378 10
2213 3325 2550 3393 adicientem

275 3444 321 3498 P
345 3443 732 3513 adicicientem
768 3445 824 3497 B
862 3422 1222 3503 addic¹entem
1255 3443 1313 3498 A
1350 3444 1665 3500 adiiciendo
1702 3462 1734 3499 v
1878 3451 1942 3499 11
1985 3449 2352 3503 exercendum
2387 3469 2420 3506 v
2458 3470 2548 3506 ex-

278 3533 532 3589 triendum
572 3534 690 3588 PB
737 3535 1066 3588 exmendum
1102 3534 1158 3588 A
1196 3533 1548 3588 eximendum
1586 3551 1655 3591 m.
1733 3535 1837 3589 ‘In
1873 3537 2084 3590 cunctis
2120 3555 2291 3593 manu
2326 3542 2549 3610 scriptis

277 3640 369 3679 ωηο
398 3629 615 3692 excepto
651 3622 1015 3677 Extriendum
1046 3645 1058 3676 ε
1088 3624 1152 3677 in
1196 3624 1293 3677 illo
1339 3628 1544 3691 autem,
1583 3625 1681 3692 qui
1717 3640 1744 3678 e
1779 3626 2092 3680 melioribus
2126 3643 2243 3683 non
2278 3634 2381 3697 est,
2421 3629 2550 3684 Exi-

277 3713 535 3766 mendum’
587 3712 863 3768 Victorius
1010 3717 1074 3766 12
1115 3729 1241 3767 cum
1278 3711 1601 3766 consudarit
1627 3712 1740 3766 PA
1777 3730 1905 3767 cum
1943 3717 2303 3783 consudarint
2326 3719 2382 3771 B
2422 3737 2548 3773 cum

277 3800 538 3855 sudauerit
565 3817 598 3855 v
742 3801 1164 3870 perungendum
1204 3801 1257 3855 V
1399 3808 1463 3854 13
1503 3819 1532 3855 e
1570 3801 1717 3871 quis]
1760 3803 1915 3871 equis
1957 3803 2134 3858 VAB
2162 3805 2291 3874 equi
2316 3824 2384 3861 m.
2446 3808 2550 3862 ‘In

277 3907 422 3944 manu
439 3891 664 3958 scriptis
690 3889 896 3958 Equis.
918 3890 1183 3945 Fortasse
1210 3907 1240 3945 e
1271 3890 1416 3959 quis’
1450 3891 1724 3946 Victorius
1798 3897 1865 3945 14
1893 3892 1992 3946 alii
2020 3894 2092 3948 ad
2121 3895 2488 3950 admissuram
2515 3913 2549 3951 v

277 3978 357 4032 alii
379 3979 750 4033 admissuram
780 3978 965 4034 PAB
1074 3984 1139 4033 15
1178 3982 1347 4048 atque
1376 3978 1620 4035 habendi
1648 3980 1746 4036 Bv
1774 3980 1961 4050 adque
1990 3982 2235 4037 habendi
2254 3984 2366 4039 PA
2458 3992 2546 4039 -16

278 4102 413 4172 eligit
453 4102 567 4157 VA
590 4078 762 4170 ‘’legit
805 4102 860 4155 B
1025 4109 1194 4172 atque
1240 4103 1348 4159 alit
1390 4104 1489 4160 Βυ
1534 4103 1722 4173 adque
1763 4105 1869 4160 alit
1914 4107 2028 4161 ΡΑ
2188 4125 2253 4163 ao
2300 4108 2548 4164 desultor

287 4191 459 4246 VA²m
497 4190 790 4247 adesultor
826 4192 948 4247 AB
1077 4199 1141 4248 17
1178 4211 1361 4262 neque
1397 4193 1535 4248 item
1573 4193 1846 4249 Gesnerus
1973 4197 2069 4264 qui
2104 4196 2385 4252 uectorios
2433 4197 2544 4251 VA

279 4279 525 4334 uectorios
566 4279 664 4348 qui
701 4295 838 4334 corr.
879 4281 978 4349 qui
1013 4282 1292 4337 uectorios
1318 4284 1376 4338 B
1486 4288 1551 4336 18
1592 4282 1664 4336 ad
1701 4283 1967 4352 praedam
2010 4285 2189 4340 VAB
2214 4286 2288 4341 ad
2314 4286 2547 4340 rhedam

289 4367 490 4424 Ursinus
583 4369 658 4422 ad
687 4385 808 4423 rem
834 4369 1136 4424 militarem
1167 4373 1318 4440 quod
1345 4374 1563 4428 seclusit
1582 4371 1856 4428 Gesnerus
1949 4379 2013 4428 19
2045 4390 2199 4428 acres
2228 4405 2296 4414 -
2326 4375 2547 4431 malunt

281 4458 329 4511 in
354 4459 595 4526 maryine
633 4455 690 4511 A
833 4464 903 4513 20
940 4461 1256 4515 castrentur
1302 4461 1414 4515 VB
1453 4462 1830 4515 castrarentur
1866 4461 1984 4516 Am
2128 4468 2194 4517 21
2236 4467 2295 4519 et
2329 4467 2546 4520 seclusit

285 4545 631 4603 Schneiderus.
761 4549 968 4603 semine
1008 4551 1195 4605 BA2v
1233 4550 1447 4604 semina
1482 4549 1538 4603 A
1574 4555 1625 4604 et
1661 4556 1723 4605 ut
1758 4552 1973 4607 videtur
2011 4551 2070 4605 P
