3178 5185
589 436 674 498 24
967 508 972 512 .
1274 444 1657 499 COMMENT.
1696 444 1775 497 IN
1811 442 2188 497 VARRONIS

597 601 893 660 sermonis
951 598 1242 659 tributum
1304 607 1431 658 erat
1486 618 1667 677 supra
1714 595 1773 678 2,
1802 595 1870 676 3,
1929 595 2001 656 ab
2058 596 2263 656 eodem
2322 596 2563 656 alteram
2627 596 2909 673 disputa-

593 708 773 768 tionis
811 715 1041 789 partem
1081 707 1274 784 repeti
1312 724 1417 783 par
1457 714 1602 765 erat.
1671 703 1882 765 deinde
1922 704 2193 763 ordinem
2233 703 2553 763 verborum
2587 705 2656 762 in
2691 701 2906 761 arche-

596 822 735 892 typo
782 811 1199 892 perturbatum
1255 811 1558 872 iucundus
1616 814 1679 871 in
1733 810 1941 871 Aldina
1999 810 2284 891 editione,
2340 812 2511 870 cuius
2568 810 2910 870 lectionem

593 939 624 979 a
673 919 919 998 reliquis
968 918 1298 979 editoribus
1355 918 1662 997 probatam
1718 920 1778 977 in
1836 917 2213 977 adnotatione
2270 917 2551 999 indicavi,
2608 918 2910 977 correxit.

592 1025 737 1085 illud
796 1043 1032 1104 quoque
1091 1025 1261 1106 vidit,
1327 1029 1392 1086 in
1448 1026 1948 1104 praepositionem
2010 1033 2160 1084 ante.
2200 1027 2457 1085 scientia
2512 1024 2724 1084 locum
2786 1042 2908 1083 non

591 1132 831 1213 habere,
878 1131 982 1193 ubi
1029 1151 1188 1207 quae
1225 1136 1287 1193 in
1334 1135 1593 1192 scientia
1638 1135 1761 1191 sint
1809 1133 2131 1210 scripserat
2169 1129 2410 1191 Merula.
2493 1130 2596 1191 sed
2648 1133 2717 1191 in
2771 1130 2912 1190 reli-

597 1242 730 1319 quis
779 1240 1148 1319 corrigendis
1161 1289 1179 1321 ,
1236 1249 1302 1299 ut
1349 1239 1524 1319 solet,
1580 1241 1756 1299 nimia
1806 1238 2041 1298 licentia
2100 1257 2244 1299 usus
2292 1248 2399 1300 est.
2491 1238 2668 1317 plura
2722 1240 2907 1298 etiam

597 1357 839 1409 auctore
887 1347 1219 1408 Pontedera
1266 1367 1321 1426 p.
1360 1344 1443 1408 51
1497 1348 1733 1406 novavit
1781 1346 2212 1427 SchneideruS,
2269 1351 2459 1423 ἐρέτην
2494 1379 2566 1387 -
2603 1349 2912 1421 quoniam

601 1459 948 1534 discretum,
997 1458 1072 1515 de
1120 1457 1195 1515 iis
1242 1456 1424 1515 rebus
1473 1456 1814 1528 dicendum,
1862 1472 2021 1528 quae
2069 1458 2129 1514 in
2176 1457 2434 1514 scientia
2479 1456 2616 1513 sint.
2687 1456 2910 1528 eequis

599 1567 661 1623 in
699 1565 950 1623 colendo
989 1580 1096 1622 nos
1135 1564 1311 1622 docet
1336 1580 1444 1621 ars
1471 1565 1564 1634 sit,
1597 1579 1678 1621 an
1709 1564 1861 1636 quid
1888 1564 2078 1642 aliud,
2116 1568 2175 1621 et
2201 1579 2240 1621 a
2269 1562 2489 1635 quibus
2526 1563 2909 1622 carceribus

598 1674 894 1730 decurrat
953 1672 1041 1729 ad
1091 1676 1295 1729 metas,
1389 1670 1586 1746 itaque
1648 1666 1842 1727 verbis
1899 1669 2275 1746 transpositis
2334 1677 2395 1728 et
2448 1670 2906 1748 praepositione

598 1781 659 1837 in
727 1774 916 1835 deleta
975 1777 1185 1835 docete
1230 1792 1338 1852 pro
1397 1775 1573 1834 docet
1629 1775 1858 1854 scripsi,
1919 1778 2204 1849 quoniam
2260 1777 2617 1849 discretum,
2688 1779 2769 1836 de
2831 1780 2907 1836 iis

599 1884 781 1943 rebus
802 1900 962 1956 quae
979 1878 1239 1941 scientia
1269 1884 1348 1940 sit
1377 1883 1438 1940 in
1460 1883 1712 1941 colendo
1742 1899 1848 1941 nos
1888 1885 2099 1942 docete
2124 1914 2197 1923 -—
2228 1884 2528 1942 decurrat
2563 1885 2649 1942 ad
2687 1891 2905 1943 metae.

602 1991 768 2050 Stolo
817 2006 953 2048 cum
993 1991 1330 2064 aspexisset
1357 2021 1444 2029 —
1475 1989 1586 2047 Ille
1624 2005 1742 2048 non
1778 1995 2078 2062 yravatus
2106 1992 2373 2065 primum
2405 1992 2616 2064 inquit.
2686 1990 2905 2049 eodem

600 2097 774 2157 modo
825 2113 1004 2174 supra
1054 2092 1112 2173 2,
1146 2092 1227 2156 12
1276 2097 1565 2174 scriptum
1615 2103 1743 2154 erat
1791 2098 2000 2155 docete
2045 2113 2182 2175 noa,
2238 2100 2384 2170 aare·
2424 2100 2674 2157 cultura
2714 2115 2904 2171 quam

599 2220 892 2265 summam
938 2204 1178 2263 habeat.
1253 2203 1314 2260 in
1363 2200 1611 2279 reliquis
1651 2203 2007 2280 scripturam
2047 2202 2350 2282 archetypi
2397 2204 2682 2281 expressi.
2763 2221 2901 2263 nam

604 2311 917 2371 disiunctis
967 2307 1038 2368 ab
1087 2310 1215 2386 agri
1254 2307 1486 2368 cultura
1523 2309 1597 2367 iis
1637 2326 1785 2386 quae
1825 2308 1896 2368 ad
1936 2326 2064 2369 eam
2104 2327 2221 2368 non
2268 2312 2571 2389 pertinent
2608 2311 2901 2389 Agrasius

603 2417 673 2478 ab
729 2419 804 2477 iis
861 2419 961 2495 qui
1019 2415 1211 2476 adhuc
1270 2415 1343 2474 de
1400 2415 1510 2475 hac
1566 2425 1733 2494 parte
1790 2415 2234 2495 disputaverant
2290 2419 2439 2495 petit
2495 2427 2561 2477 ut
2625 2417 2902 2497 doceant,

605 2543 755 2604 quae
803 2525 1049 2584 scientia
1099 2523 1172 2584 de
1219 2525 1293 2583 iis
1340 2523 1521 2584 rebus
1568 2525 1630 2582 in
1679 2522 1925 2583 colendo
1976 2525 2078 2606 sit,
2133 2523 2246 2584 hoc
2304 2514 2395 2584 est
2450 2524 2522 2584 de
2579 2527 2651 2584 iis
2712 2525 2898 2585 rebus

605 2651 755 2711 quae
812 2631 882 2691 ad
940 2631 1232 2692 culturam
1290 2634 1610 2710 pertinent.
1693 2631 1764 2691 ad
1832 2649 1981 2709 quae
2042 2631 2204 2691 Stolo
2270 2634 2350 2691 ita
2416 2633 2765 2712 respondet,
2834 2643 2901 2694 ut

607 2740 850 2800 Scrofae
907 2741 1127 2817 primas
1175 2748 1376 2819 partes
1433 2738 1737 2799 concedat.
1823 2742 2224 2815 diiunyenda,
2294 2759 2410 2800 non
2468 2744 2899 2817 disiunqenda,

604 2847 900 2907 constanti
948 2848 1009 2905 in
1055 2846 1170 2906 hoc
1218 2844 1397 2906 verbo
1446 2864 1579 2926 usu,
1628 2844 1653 2903 Ι
1691 2842 1796 2926 23,
1823 2842 1883 2906 4.
1931 2844 1983 2904 ΙΙ
2027 2843 2083 2927 1,
2112 2843 2216 2906 20.
2261 2843 2465 2925 9,12,
2524 2851 2801 2908 deiunetz‘
2843 2848 2898 2908 II

605 2952 662 3034 7,
696 2951 802 3033 123
850 2955 992 3012 item
1041 2956 1381 3027 deiunqunt
1417 2952 1466 3011 11
1506 2949 1564 3032 6,
1595 2950 1638 3012 4
1686 2952 1758 3012 de
1806 2954 2089 3013 iumentis
2134 2954 2272 3031 iugo
2320 2953 2548 3014 solutiS.

779 3059 1019 3137 anue
1078 3067 1187 3120 est
1247 3061 1560 3119 scientia
1631 3077 1807 3137 quae
1864 3061 2010 3119 sint
2067 3061 2137 3119 in
2205 3078 2485 3139 quoque
2527 3057 2720 3140 ¹agro
2787 3081 2894 3123 se-

608 3153 821 3228 ren'da
879 3185 955 3226 ac
1012 3166 1334 3226 facienda
1403 3183 1536 3244 que
1593 3174 1787 3226 terra
1844 3168 2178 3226 maximos
2244 3175 2596 3246 perpetuo
2646 3168 2899 3229 reddat

605 3272 924 3351 fructus]
1002 3275 1173 3346 Quae
1220 3281 1392 3334 terra
1442 3273 1486 3331 A
1525 3292 1613 3352 m,
1662 3276 1827 3348 quod
1879 3282 2051 3333 terra
2101 3292 2253 3334 corr.
2311 3293 2427 3348 que
2481 3282 2657 3335 terra
2712 3276 2894 3336 codex

611 3381 1018 3460 Florentinus,
1073 3397 1350 3454 quaeque
1405 3387 1579 3439 terra
1628 3381 1962 3439 recentiora
2018 3380 2351 3462 apographa
2404 3389 2464 3441 et
2510 3382 2690 3443 editio
2739 3384 2896 3462 prin·

609 3506 766 3566 cepS.
860 3506 1019 3562 quae
1067 3504 1229 3561 aqua
1277 3493 1450 3547 terra
1509 3504 1666 3545 unus
1714 3484 2042 3546 Politianns
2089 3485 2412 3568 adnotavit,
2469 3506 2680 3567 parum
2727 3507 2895 3549 accu-

609 3604 734 3655 rate
784 3593 938 3653 haud
997 3592 1194 3653 dubie.
1269 3611 1402 3652 nam
1461 3594 1523 3651 in
1580 3592 1901 3671 archetypo
1958 3612 2074 3668 que
2120 3600 2292 3654 terra
2349 3596 2608 3673 primum
2667 3596 2896 3656 videtur

611 3703 900 3779 scriptum
941 3701 1145 3782 fuisse,
1190 3708 1396 3777 postea
1444 3708 1782 3759 correctum
1832 3718 2110 3774 quaeque
2147 3708 2337 3777 terra,
2387 3701 2543 3778 quod
2583 3703 2644 3761 in
2695 3721 2891 3762 recen-

611 3810 796 3867 tiores
843 3806 1027 3866 libros
1075 3816 1383 3885 receptum
1432 3814 1540 3866 est.
1617 3824 1809 3881 eaque
1856 3815 1946 3867 est
1989 3812 2265 3882 scientia,
2313 3826 2474 3883 quae
2511 3811 2707 3889 docet,
2746 3829 2897 3885 quae

570 3981 571 3988 χ
612 3918 733 3975 sint
780 3917 841 3974 in
889 3931 1126 3988 quoque
1172 3931 1325 3987 aqro
1373 3917 1646 3974 seranda
1694 3920 1753 3974 et
1790 3912 2114 3988 faciunda,
2164 3933 2438 3989 quaeque
2485 3922 2658 3975 terra
2713 3920 2898 3976 maxi-

613 4039 737 4082 mos
768 4028 1065 4096 perpetuo
1103 4022 1328 4081 reddat
1357 4020 1605 4095 fructus
1634 4019 1877 4099 Merula,
1916 4019 2019 4081 ubi
2056 4023 2118 4081 in
2147 4039 2384 4096 quoquo
2415 4040 2569 4096 aqro
2600 4023 2898 4083 iucundus

614 4127 776 4187 dedit
823 4136 882 4186 et
930 4125 1142 4186 deinde
1194 4126 1408 4204 reliqui
1447 4126 1725 4187 editores.
1802 4126 2117 4186 lectionem
2156 4127 2459 4206 archetypi
2499 4131 2754 4209 restitui,
2797 4128 2895 4189 sed

613 4253 729 4310 quo
778 4242 949 4294 terra
987 4237 1281 4294 maximos
1321 4242 1619 4311 perpetuo
1666 4236 1892 4293 reddat
1920 4233 2168 4308 fructus
2205 4235 2436 4312 scripsi.
2510 4252 2644 4294 narn
2690 4236 2802 4296 hoc
2840 4238 2897 4295 in

616 4342 688 4399 iis
737 4358 886 4418 quae
935 4339 1148 4400 deinde
1188 4340 1567 4419 disputantur
1616 4342 1998 4420 praecipitur,
2038 4339 2180 4419 quid
2219 4342 2279 4400 in
2320 4359 2439 4401 uno
2479 4335 2718 4421 quoque
2762 4361 2898 4422 agro

615 4437 1053 4536 instituendum'
1097 4449 1192 4528 sit,
1241 4455 1307 4506 ut
1355 4455 1510 4506 terra
1561 4447 1867 4506 fructuosa
1916 4446 2040 4519 fiat,
2091 4465 2207 4506 non
2265 4447 2420 4523 quod
2469 4466 2661 4525 genus
2708 4459 2898 4509 terrae

618 4554 902 4611 maximos
952 4553 1185 4612 fructus
1233 4553 1399 4613 ferat.
1475 4572 1593 4630 quo
1642 4555 1767 4612 sine
1809 4555 2205 4632 comparativo
2253 4572 2360 4632 pro
2398 4563 2468 4615 ut
2511 4557 2771 4633 positum
2811 4564 2900 4616 est
