3178 5185
599 385 726 450 158
1280 397 1659 453 COMMENT.
1698 400 1776 453 IN
1814 400 2187 456 VARRONIS

781 548 821 613 3
887 552 975 611 Ab
1007 555 1177 613 initio
1209 556 1294 631 fit,
1318 557 1624 616 studiosus
1661 555 1994 634 apographa
2025 555 2322 639 Italorum,
2364 566 2423 618 et
2459 559 2538 617 ita
2578 559 2640 616 in
2679 558 2871 617 arche-

605 666 741 738 typo
790 660 1077 737 scriptum
1129 661 1309 720 fuisse
1358 661 1612 743 videtur,
1661 665 1737 723 ab
1786 666 1956 723 initio
1999 662 2355 738 fastidiosus
2403 663 2590 723 codex
2637 663 2875 724 Floren-

600 768 777 826 tiuus,
862 766 967 841 fui
1016 770 1345 842 studiosus,
1405 768 1562 848 quod
1622 772 1681 830 in
1738 772 2007 849 principe
2068 770 2326 832 editione
2382 770 2708 832 Politianus
2765 790 2875 831 non

600 875 877 954 correxit,
925 873 1182 935 Merulae
1232 879 1574 936 coniectura
1623 875 1856 936 videtur
1905 879 2210 937 inventum
2261 897 2409 938 esse.

776 980 1026 1041 Potius
1056 981 1136 1042 ab
1166 982 1509 1060 laniario]
1542 985 1817 1044 Lanario
1849 983 2182 1064 apographa
2211 987 2565 1066 recentiora,
2597 986 2701 1046 sed
2731 989 2874 1047 lani-

600 1091 735 1149 ario
757 1090 891 1168 Am,
915 1107 1104 1167 neque
1125 1089 1450 1151 Politianus
1473 1090 1585 1150 hoc
1615 1093 1675 1151 in
1698 1093 1968 1170 principe
1991 1091 2248 1152 editione
2275 1095 2607 1153 correxisse
2633 1092 2877 1154 videtur.

775 1195 1288 1276 Praeterquam
1337 1197 1645 1277 pedibus
1695 1197 1967 1277 capite]
2020 1200 2283 1260 Pedibus
2335 1208 2393 1263 et
2433 1203 2636 1277 capite
2674 1199 2881 1260 Iucun-

599 1303 727 1378 duS,
776 1302 931 1382 quod
984 1303 1386 1365 Schneiderus
1424 1307 1671 1384 recepit.
1745 1305 2069 1384 asyndeton
2108 1307 2167 1365 in
2207 1306 2385 1366 huius
2423 1305 2583 1366 modi
2627 1305 2884 1386 descrip-

598 1409 859 1471 tionibus
926 1419 984 1471 et
1048 1414 1382 1491 praeceptis
1447 1411 1876 1473 admittendum
1945 1414 2174 1494 putavi,
2239 1411 2317 1472 111
2366 1409 2434 1493 9,
2479 1409 2559 1472 14
2627 1432 2752 1489 qua
2818 1416 2887 1474 de

597 1520 875 1579 clunibus
907 1520 1149 1579 habere
1196 1523 1509 1596 coeperint
1536 1522 1780 1597 pinnas,
1828 1537 1861 1579 e
1900 1523 2116 1596 capite,
2158 1539 2190 1580 e
2227 1523 2379 1580 collo
2418 1538 2628 1581 eorum
2668 1522 2883 1581 crebro

596 1629 862 1700 eliqendi
898 1629 1101 1701 pedes,
1148 1624 1173 1685 I
1212 1623 1270 1707 6,
1300 1623 1341 1688 5
1381 1634 1571 1704 prata
1611 1629 1700 1687 ibi
1732 1628 2011 1706 herbosa,
2053 1630 2292 1703 putatio
2337 1629 2630 1688 arborum
2668 1631 2884 1689 tolera-

595 1735 790 1813 bilior,
839 1742 899 1793 et
945 1735 1003 1793 in
1062 1733 1365 1793 adiectivis
1411 1731 1542 1814 19,
1575 1730 1615 1794 5
1665 1741 1856 1809 putta
1911 1737 2226 1795 retorrida
2278 1752 2581 1810 muscosa,
2648 1734 2704 1794 11
2744 1732 2815 1816 3,
2844 1733 2882 1795 2

594 1841 917 1899 videndum
975 1847 1042 1901 ut
1085 1844 1208 1901 sint
1245 1845 1467 1915 firmae
1513 1859 1791 1920 maqnae,
1839 1842 1901 1900 in
1948 1839 2144 1900 verbis
2191 1839 2216 1899 I
2255 1838 2314 1921 2,
2344 1838 2428 1902 26
2470 1845 2658 1918 pedes
2697 1845 2882 1903 solent

593 1926 818 2020 dolere,
868 1951 930 2008 in
962 1945 1171 2023 fronte
1208 1951 1571 2009 contrahere
1609 1966 1817 2023 ruqas,
1866 1947 1889 2006 l
1933 1945 2035 2028 13,
2063 1945 2104 2008 2
2145 1951 2375 2023 aliquot
2410 1967 2513 2009 res
2550 1952 2878 2023 conficiun-

596 2060 713 2128 tur,
762 2056 932 2115 cibus
972 2063 1243 2131 paratur
1290 2074 1367 2116 ac
1415 2059 1678 2132 capitur.
1772 2055 1900 2136 alia,
1963 2073 2111 2134 quae
2169 2054 2323 2115 haud
2372 2054 2551 2115 dubie
2601 2064 2873 2134 corrupta

596 2170 793 2243 erant,
850 2161 1043 2222 addita
1101 2161 1308 2240 copula
1362 2165 1622 2241 correxi,
1689 2159 1924 2241 Ι41,6
1977 2180 2212 2237 qenera
2261 2165 2525 2235 ficorum
2582 2165 2760 2223 chiae
2805 2181 2876 2223 ac

594 2270 977 2330 chalcidicae
1022 2277 1082 2331 et
1125 2273 1330 2347 lydiae
1386 2277 1452 2330 et
1508 2269 1860 2345 africanae,
1917 2266 2063 2330 158
2105 2268 2262 2346 faba
2318 2277 2384 2330 et
2439 2274 2773 2350 lequmina,
2826 2270 2873 2329 11

593 2371 653 2454 3,
683 2372 723 2435 3
763 2379 823 2435 in
864 2377 1160 2438 Sauracti
1195 2386 1266 2439 et
1301 2381 1582 2459 Fiscello,
1629 2376 1680 2436 ll
1719 2375 1778 2458 9,
1812 2374 1894 2437 14
1933 2395 2176 2439 muscae
2214 2384 2272 2438 et
2307 2380 2498 2437 ricini
2532 2385 2599 2439 et
2628 2382 2872 2455 pulices,

594 2479 672 2540 ΙΙΙ
714 2479 813 2563 16,
843 2479 927 2543 23
975 2488 1146 2546 melle
1201 2493 1269 2546 et
1315 2470 1573 2563 propoli.
1669 2484 1939 2545 similiter
1994 2492 2053 2545 et
2098 2486 2155 2544 in
2215 2484 2532 2563 archetypo
2596 2486 2870 2544 omissum

594 2598 720 2649 erat
767 2587 897 2670 16,
936 2588 976 2651 6
1035 2600 1095 2653 et
1154 2596 1240 2653 ad
1292 2596 1635 2673 colendum,
1703 2588 1816 2673 27,
1854 2588 1894 2652 3
1944 2599 2003 2653 et
2053 2595 2281 2667 olacie,
2348 2589 2399 2650 11
2440 2588 2505 2671 7,
2544 2588 2584 2652 2
2641 2599 2701 2653 et
2741 2590 2874 2667 fere

595 2700 871 2778 omnium,
920 2695 978 2781 9,
1008 2697 1049 2760 2
1097 2708 1156 2761 et
1202 2718 1269 2762 eo
1318 2704 1587 2774 venisset,
1646 2698 1726 2759 ΙΙΙ
1768 2699 1826 2778 1,
1861 2696 1942 2759 10
1990 2706 2051 2760 et
2087 2717 2312 2776 parum
2351 2705 2657 2776 putasses,
2705 2695 2870 2781 2,16

594 2810 653 2864 et
696 2823 901 2887 spere,
957 2802 1016 2886 5,
1053 2804 1134 2868 13
1182 2815 1241 2868 et
1285 2812 1626 2869 exteriores
1673 2853 1685 2866 .
1735 2813 1919 2881 atque
1973 2804 2168 2865 addidi
2214 2805 2239 2865 I
2283 2802 2381 2887 17,
2409 2802 2453 2865 4
2508 2809 2617 2880 qui
2659 2808 2870 2866 litteris

593 2919 774 2987 atque
821 2916 1029 2988 aliqua
1074 2917 1196 2974 sint
1238 2917 1617 2975 humanitate
1664 2915 1890 2973 imbuti.

770 3019 1185 3082 Unicoloris
1235 3023 1477 3100 potius
1517 3038 1718 3099 quam
1758 3016 2038 3095 uarias]
2090 3019 2426 3079 Unicoloris
2455 3022 2660 3096 potius
2696 3038 2869 3095 quam

590 3130 756 3187 varii
796 3126 1038 3207 Merula,
1086 3131 1267 3188 unius
1312 3130 1537 3189 coloris
1573 3171 1576 3172 ⁷
1586 3130 1789 3203 potius
1835 3143 2017 3200 quam
2075 3128 2239 3184 varii
2281 3124 2600 3185 Iucundus.
2674 3127 2867 3187 arche-

529 3284 535 3292 ,
591 3235 714 3312 typi
763 3235 1117 3313 scripturam
1165 3233 1459 3295 Victorius
1509 3235 1789 3294 restituit.
1881 3236 2224 3293 unicolores
2273 3234 2500 3310 scripsi.
2585 3251 2719 3293 nam
2766 3252 2866 3294 nec

593 3344 706 3401 uni
750 3345 971 3402 coloris
1017 3343 1286 3420 genetivo
1335 3360 1475 3401 casu
1524 3359 1554 3400 a
1603 3340 1865 3400 Varrone
1915 3340 2137 3400 dictum
2187 3357 2317 3399 esse
2366 3337 2728 3400 credendum
2767 3350 2867 3418 est,

592 3466 945 3527 quamquam
983 3448 1010 3507 Ι
1041 3447 1141 3531 16,
1172 3446 1211 3510 6
1251 3449 1443 3509 dativo
1476 3468 1613 3509 casu
1646 3466 1766 3509 uno
1797 3450 2083 3525 operario
2113 3448 2401 3525 scriptum
2431 3454 2523 3507 est
2553 3456 2611 3508 et
2640 3446 2665 3506 1
2700 3446 2758 3529 2,
2789 3444 2864 3509 19

591 3557 865 3634 genetivo
923 3559 1034 3616 alii
1086 3559 1209 3633 dei,
1268 3575 1459 3636 neque
1510 3558 1844 3616 accusativo
1901 3573 2037 3615 casu
2089 3557 2436 3614 unicolori&
2522 3554 2625 3614 sed
2677 3557 2735 3615 in
2781 3555 2866 3614 his

592 3664 911 3723 accusativi
960 3663 1164 3723 formis
1212 3665 1419 3723 vitiose
1460 3665 1677 3742 scripta
1729 3647 1868 3723 sunt
1921 3661 2084 3742 haec,
2131 3660 2155 3720 Ι
2193 3658 2297 3741 44,
2326 3657 2369 3720 4
2409 3665 2867 3737 praegnationis

545 3777 649 3846 ‚et
696 3768 747 3828 11
786 3764 853 3851 5,
894 3766 974 3830 11
1034 3774 1321 3844 actionis,
1387 3772 1449 3830 in
1507 3770 1920 3849 comparativis
1966 3767 1991 3827 I
2035 3765 2134 3847 18,
2162 3765 2223 3828 4.
2270 3766 2295 3826 I
2334 3764 2444 3848 20,
2478 3766 2532 3829 1.
2582 3768 2661 3828 ΙΙΙ
2700 3767 2758 3850 2,
2795 3765 2864 3829 13

590 3880 840 3937 maioris
890 3886 948 3937 et
994 3880 1260 3953 minoris,
1308 3896 1458 3956 quae
1506 3880 1632 3955 ipsa
1671 3895 1909 3957 quoque
1950 3878 2140 3935 errori
2176 3877 2375 3955 potius
2412 3874 2658 3957 librarii,
2698 3894 2865 3956 quam

588 3983 837 4044 Varroni
884 3984 1195 4045 tribuenda
1244 4004 1373 4045 esse
1421 3993 1583 4066 puto,
1633 3986 1790 4044 sicut
1829 3967 1893 4043 in
1944 3982 2193 4043 ablativo
2240 3981 2265 4041 I
2303 3978 2407 4062 51,
2439 3980 2472 4043 1
2514 3986 2862 4045 sublimiori.

588 4100 817 4151 restant
863 4100 1099 4171 praeter
1146 4092 1428 4152 adiectiva
1474 4094 1535 4151 in
1584 4095 1634 4152 is
1682 4092 1992 4153 terminata
2040 4089 2204 4170 haec,
2253 4107 2402 4168 quae
2443 4109 2512 4149 ex
2553 4092 2862 4170 archetypo

587 4201 813 4280 recepi,
869 4197 894 4257 1
935 4196 990 4280 1,
1020 4195 1063 4258 4
1118 4200 1449 4274 Consentis,
1508 4195 1567 4280 6,
1597 4194 1639 4260 5
1687 4207 1746 4259 et
1784 4196 1863 4257 111
1903 4195 2004 4279 17,
2032 4195 2073 4258 3
2113 4179 2343 4274 pluris,
2399 4195 2424 4256 Ι
2468 4194 2576 4284 13,
2607 4196 2648 4258 6
2688 4216 2862 4275 prae·

585 4310 759 4383 sepis,
808 4304 859 4363 II
901 4302 956 4385 1,
994 4303 1074 4365 12
1116 4310 1332 4386 partis,
1379 4305 1461 4365 111
1503 4304 1558 4387 1,
1591 4303 1630 4366 6
1680 4307 1873 4383 collis,
1936 4300 2037 4383 12,
2067 4300 2107 4365 6
2157 4303 2348 4380 Alpis,
2404 4300 2503 4382 13,
2539 4301 2572 4364 1
2623 4308 2858 4377 cicuris,

590 4410 691 4494 16,
728 4410 807 4472 10
853 4415 1179 4487 locupletis,
1233 4411 1331 4495 16,
1361 4410 1447 4474 22
1486 4415 1797 4490 primoris,
1852 4407 1950 4490 17,
1979 4407 2057 4489 43
2107 4406 2142 4469 7
2178 4413 2384 4486 piscis.
2461 4409 2509 4469 ΙΙ
2553 4408 2611 4490 7,
2639 4408 2682 4471 4
2726 4429 2855 4471 con-

583 4522 862 4593 yruentis
910 4521 1163 4578 coniecit
1210 4520 1587 4580 Heidrichius
1638 4519 1977 4578 Varronian.
2018 4515 2041 4574 l
2081 4535 2135 4594 p.
2175 4515 2275 4578 39.
