3178 5185
798 399 1052 454 RERVM
1091 399 1565 456 RVSTICARVM
1604 400 1738 455 LIB.
1777 400 1802 453 I
1844 400 1997 461 8-—9
2432 403 2588 465 141'

278 573 367 624 aut
412 583 531 624 non
569 565 731 626 bona
770 569 860 628 sit.
935 587 1001 628 ea
1041 568 1235 629 tribus
1272 568 1464 629 modis
1503 569 1740 650 dicitur,
1787 571 2086 629 communi
2124 576 2184 628 et
2221 571 2463 648 proprio
2503 578 2562 629 et

277 673 465 731 mixto,
560 676 883 755 communi,
931 682 997 736 ut
1035 694 1172 736 cum
1210 676 1463 736 dicimus
1500 675 1708 735 orbem
1747 684 1940 736 terrae
1980 683 2041 735 et
2078 683 2298 735 terram
2335 676 2560 737 Italiam
2669 746 2672 749 ,

274 786 365 838 aut
419 797 597 857 quam
659 781 845 841 aliam.
938 785 998 841 in
1055 802 1122 842 ea
1179 785 1335 843 enim
1393 791 1453 843 et
1509 782 1658 862 lapis
1705 792 1764 843 et
1810 783 2030 843 harena
2079 791 2137 843 et
2185 790 2380 843 cetera
2429 785 2559 844 eius

272 887 499 963 generis
550 895 695 947 sunt
741 890 802 948 in
849 890 1205 950 nominando
1253 908 1602 968 conprensa.
1694 889 1879 949 altero
1928 890 2101 949 modo
2142 890 2360 951 dicitur
2399 897 2557 951 terra

227 1003 248 1041 5
273 995 505 1071 proprio
544 997 806 1075 nomine,
845 1015 993 1075 quae
1033 996 1194 1057 nullo
1233 996 1346 1056 alio
1385 996 1669 1057 vocabulo
1710 1015 1903 1075 neque
1941 998 2289 1074 cognomine
2329 995 2557 1056 adiecto

270 1099 610 1178 appellatur.
713 1104 891 1162 tertio
949 1103 1123 1163 modo
1181 1103 1400 1164 dicitur
1454 1110 1642 1184 terra,
1699 1122 1848 1183 quae
1907 1111 1998 1163 est
2054 1105 2261 1182 mixta,
2318 1105 2378 1163 in
2436 1122 2547 1182 qua
2573 1108 2608 1163 2

272 1208 380 1265 seri
427 1214 630 1284 potest
678 1209 819 1287 quid
869 1218 928 1269 et
976 1211 1155 1290 nasci,
1203 1219 1270 1270 ut
1307 1210 1579 1289 argillosa
1619 1218 1721 1269 aut
1759 1209 2038 1290 lapidosa,
2087 1212 2172 1270 sic
2211 1209 2375 1292 aliae,
2421 1229 2558 1269 cum

271 1315 323 1371 in
385 1313 494 1374 hac
566 1317 798 1394 species
865 1333 982 1376 non
1050 1319 1245 1376 minus
1302 1319 1423 1376 sint
1478 1316 1697 1376 multae
1753 1335 1928 1395 quam
1986 1319 2047 1376 in
2105 1317 2202 1377 illa
2258 1319 2558 1377 communi

205 1538 247 1575 1⁰
271 1536 460 1604 partes
507 1528 869 1609 permultae,
927 1532 989 1589 in
1038 1532 1169 1610 quis
1218 1529 1392 1610 lapis,
1441 1548 1725 1610 marmor,
1773 1530 1988 1609 ruduS,
2037 1530 2282 1610 harena,
2334 1530 2558 1610 sabulo,

270 1633 481 1715 argilla,
531 1635 790 1711 rubrica,
839 1636 1050 1719 pulviS,
1098 1644 1278 1717 creta,
1326 1639 1496 1717 igniS,
1543 1637 1960 1717 carbunculus,
2007 1637 2066 1696 id
2114 1645 2205 1697 est
2245 1657 2393 1717 quae
2435 1639 2556 1699 sole

269 1742 531 1819 perferve
588 1745 672 1803 ita
719 1744 812 1823 fit,
868 1753 935 1805 ut
982 1744 1211 1805 radices
1259 1751 1522 1804 satorum
1571 1744 1878 1805 conburat.
1971 1744 2043 1805 ab
2090 1747 2165 1805 iis
2213 1764 2363 1824 quae
2411 1765 2545 1824 pro·
2570 1750 2606 1806 3

270 1850 392 1925 prio
454 1852 697 1910 nomine
764 1850 983 1911 dicitur
1048 1860 1232 1931 terra,
1301 1871 1435 1912 cum
1503 1859 1595 1911 est
1658 1851 1914 1912 admixta
1979 1870 2049 1911 ex
2107 1853 2179 1912 iis
2236 1852 2556 1930 generibus

271 1953 455 2034 aliqua
505 1976 598 2038 re,
648 1976 786 2019 cum
834 1958 1056 2018 dieitur
1104 1968 1205 2019 aut
1252 1966 1483 2019 cretosa
1515 1977 1549 2016 *
1579 1960 1667 2018 sie
1716 1957 1788 2017 ab
1837 1958 1966 2018 aliis
2015 1976 2300 2036 generum
2348 1959 2556 2019 discri-

209 2068 249 2109 15
274 2063 523 2124 minibus
580 2066 789 2126 mixta:
854 2065 1066 2125 horum
1110 2068 1423 2127 ,varietatis
1478 2067 1556 2125 ita
1616 2083 1834 2142 genera
1890 2064 2060 2145 haec,
2126 2074 2191 2126 ut
2246 2073 2554 2143 praeterea

274 2169 571 2248 suptiliora
631 2174 751 2232 sint
807 2171 944 2252 alia,
1001 2173 1310 2232 minimum
1370 2174 1429 2231 in
1478 2170 1707 2250 singula
1759 2173 1937 2231 facies
1984 2178 2179 2251 terna,
2237 2171 2393 2250 quod
2443 2171 2555 2232 alia

276 2282 422 2336 terra
479 2286 570 2338 est
627 2277 793 2338 valde
854 2278 1139 2360 lapidosa,
1195 2278 1305 2339 alia
1353 2279 1762 2359 mediocriter,
1819 2278 1927 2337 alia
1975 2297 2161 2356 prope
2208 2298 2374 2358 pura.
2469 2281 2553 2339 sie

277 2381 339 2441 de
384 2383 511 2444 aliis
557 2385 878 2463 generibus
926 2386 1172 2465 reliquis
1219 2385 1510 2445 admixtae
1558 2392 1752 2444 terrae
1800 2394 1922 2445 tres
1969 2386 2187 2463 gradus
2226 2385 2554 2446 ascendunt

279 2491 519 2552 eosdem.
614 2500 922 2572 praeterea
968 2492 1077 2551 hae
1124 2495 1285 2571 ipsae
1333 2499 1536 2552 ternae
1585 2494 1815 2570 species
1862 2500 2061 2552 ternas
2109 2495 2168 2552 in
2218 2512 2280 2553 se
2328 2493 2605 2553 habent4

212 2603 255 2640 20
278 2595 428 2678 alias,
513 2600 670 2678 quod
748 2601 962 2677 partim
1040 2608 1178 2661 sunt
1252 2601 1601 2679 umidiores,
1675 2602 1891 2678 partim
1951 2602 2263 2682 aridioreS‚
2337 2604 2553 2679 partim

279 2705 609 2766 mediocres.
720 2725 913 2786 neque
988 2726 1108 2766 non
1180 2707 1325 2767 haee
1400 2709 1740 2767 discrimina
1815 2709 2118 2785 pertinent
2182 2709 2252 2769 ad
2320 2709 2553 2769 fructus
2659 2747 2666 2754 ·

275 2810 658 2874 vehementer.
749 2815 950 2893 itaque
1004 2815 1184 2894 periti
1238 2816 1300 2874 in
1358 2814 1487 2875 loco
1536 2814 1828 2875 umidiore
1877 2815 1965 2874 far
2023 2815 2305 2875 adoreum
2351 2817 2551 2894 potius

277 2928 470 2980 serunt
527 2938 707 3000 quam
764 2922 1056 2996 triticum,
1115 2929 1319 2982 contra
1380 2924 1441 2982 in
1490 2922 1747 2982 aridiore
1794 2922 2084 2982 hordeum
2130 2924 2330 3001 potius
2376 2940 2553 3001 quam

277 3023 377 3106 far,
428 3030 492 3087 in
547 3027 837 3087 mediocri
883 3036 1221 3107 utrumque.
1313 3036 1618 3108 praeterea
1667 3031 1841 3089 etiam
1891 3028 2233 3089 discrimina
2279 3031 2540 3089 omnium
2566 3033 2602 3090 5

214 3129 469 3194 2⁵horum
526 3152 814 3213 generum
873 3134 1181 3196 subtiliora
1228 3136 1364 3216 alia,
1429 3145 1495 3198 ut
1549 3139 1613 3197 in
1671 3136 1945 3222 sabulosa
2001 3144 2186 3216 terra,
2254 3135 2409 3214 quod
2468 3134 2553 3194 ibi

278 3240 446 3301 refert
500 3240 708 3301 sabulo
765 3241 933 3302 albus
989 3245 1066 3303 sit
1121 3262 1194 3303 an
1244 3244 1640 3327 rubicundus,
1697 3245 1855 3324 quod
1904 3243 2186 3304 subalbus
2234 3242 2303 3302 ad
2353 3261 2550 3302 seren-

403 3490 469 3538 22
508 3484 704 3553 itaque
740 3485 909 3555 periti
946 3485 1097 3541 Ptin.
1140 3491 1232 3554 18,
1269 3492 1378 3541 166
1415 3488 1563 3544 Non.
1599 3505 1657 3558 p.
1697 3493 1789 3557 52,
1829 3493 1899 3543 16

371 3723 396 3770 1
436 3734 505 3771 ea.
531 3718 713 3772 tribus
744 3719 1038 3774 Iucwndus
1065 3721 1123 3773 et
1151 3737 1185 3773 a
1212 3719 1389 3774 tribus
1429 3720 1539 3774 ΥΒ
1567 3720 1746 3776 tribus
1777 3720 1893 3775 Am
2001 3727 2032 3774 2
2072 3719 2355 3775 cummuni
2374 3724 2552 3789 poste·

274 3807 402 3861 riore
429 3809 543 3861 loco
572 3807 627 3860 A
737 3812 768 3860 3
807 3808 1018 3863 harena.
1045 3808 1161 3862 PA
1188 3824 1357 3864 arena
1383 3810 1480 3863 Bv
1592 3812 1816 3864 caetera.
1854 3809 1905 3862 V
2009 3815 2043 3861 4
2073 3826 2400 3880 comprensa
2439 3810 2551 3862 ΥΒ

275 3910 576 3964 compressa
612 3896 669 3949 A
706 3912 841 3951 corr.
881 3904 1171 3966 compressa
1209 3897 1289 3952 Α)
1433 3906 1464 3953 6
1512 3898 1687 3953 tercio
1726 3899 1781 3952 A
1926 3899 1981 3952 in
2018 3917 2129 3967 qua.
2164 3917 2219 3954 m
2256 3899 2552 3953 Iracundus

273 3982 322 4036 in
368 4001 475 4052 quo
525 3984 708 4038 VAB
851 3991 884 4039 8
931 3987 1137 4055 speties
1176 3987 1232 4040 Β
1375 3992 1406 4040 9
1456 3985 1610 4041 admi
1642 3988 1650 4056 Ι
1682 3986 1864 4041 tiones
1902 3988 1957 4041 A
2101 4005 2226 4042 cum
2273 3987 2387 4041 sint
2422 3986 2549 4040 Ges-

272 4091 421 4130 nerus
530 4075 764 4131 disimili
792 4076 848 4129 A
876 4078 944 4130 de
972 4074 1142 4128 simili
1165 4091 1218 4128 m
1329 4082 1396 4130 10
1423 4076 1634 4130 harena.
1652 4075 1707 4130 A
1734 4092 1904 4130 arena
1934 4076 2045 4130 ΥΒ
2153 4076 2347 4130 sabulo
2369 4074 2551 4129 PAR

274 4165 519 4220 sabulum
545 4184 578 4220 v
720 4173 785 4220 12
815 4165 1110 4220 comburat
1142 4162 1253 4217 ΥΒ
1283 4165 1578 4218 comburat
1606 4165 1661 4218 A
1790 4171 1856 4218 16
1894 4164 2189 4234 ευρίῑίΙίοτε,
2225 4162 2338 4216 PA
2376 4162 2550 4217 subti-

272 4253 401 4310 liora
436 4256 533 4310 Bv
690 4255 827 4325 sint]
877 4255 1008 4307 sunt
1043 4253 1098 4306 A
1242 4254 1474 4319 fortasse
1519 4255 1579 4307 in
1628 4253 1848 4324 singula,
1892 4254 2034 4307 facie
2072 4256 2233 4307 terna
2375 4251 2548 4307 facies

270 4344 421 4398 terna
466 4346 760 4401 Iuewndus
813 4343 988 4398 facies
1043 4344 1266 4396 terrena
1314 4341 1492 4396 VAB
1636 4345 1785 4410 quod
1840 4359 1940 4398 om.
1987 4343 2041 4394 A
2190 4348 2253 4395 19
2300 4343 2551 4397 habeant

273 4449 397 4488 corr.
427 4435 638 4490 habent
664 4435 721 4488 A
854 4438 923 4486 20
960 4430 1260 4486 umidiores
1292 4432 1407 4485 PA
1434 4432 1779 4487 humidior-es
1809 4433 1897 4486 Bv
2023 4436 2090 4483 22
2129 4431 2402 4485 umidiore
2435 4431 2550 4484 PA

273 4521 571 4578 humidiore
606 4525 706 4578 Bv
853 4528 922 4575 24
959 4522 1235 4588 utrunque
1284 4520 1335 4573 V
