<?xml version="1.0" encoding="UTF-8"?>
<!DOCTYPE html PUBLIC "-//W3C//DTD XHTML 1.0 Transitional//EN"
    "http://www.w3.org/TR/xhtml1/DTD/xhtml1-transitional.dtd">
<html xmlns="http://www.w3.org/1999/xhtml" xml:lang="en" lang="en">
 <head>
  <title>
</title>
<meta http-equiv="Content-Type" content="text/html;charset=utf-8" />
  <meta name='ocr-system' content='tesseract 3.04.00' />
  <meta name='ocr-capabilities' content='ocr_page ocr_carea ocr_par ocr_line ocrx_word'/>
</head>
<body>
  <div class='ocr_page' id='page_1' title='image "./mporcicatonisde01catogoog_0358.png"; bbox 0 0 3178 5185; ppageno 0'>
   <div class='ocr_carea' id='block_1_1' title="bbox 598 430 2188 494">
    <p class='ocr_par' dir='ltr' id='par_1_1' title="bbox 598 430 2188 494">
     <span class='ocr_line' id='line_1_1' title="bbox 598 430 2188 494; baseline -0.001 -1"><span class='ocrx_word' id='word_1_1' title='bbox 598 430 723 493; x_wconf 87' lang='grc'>106</span> <span class='ocrx_word' id='word_1_2' title='bbox 1280 437 1661 494; x_wconf 82' lang='lat' dir='ltr'>COMMENT.</span> <span class='ocrx_word' id='word_1_3' title='bbox 1699 439 1777 492; x_wconf 91' lang='lat' dir='ltr'>IN</span> <span class='ocrx_word' id='word_1_4' title='bbox 1814 437 2188 493; x_wconf 86' lang='lat' dir='ltr'><strong>VARRONIS</strong></span> 
     </span>
    </p>
   </div>
   <div class='ocr_carea' id='block_1_2' title="bbox 591 591 2886 4638">
    <p class='ocr_par' dir='ltr' id='par_1_2' title="bbox 592 591 2880 1299">
     <span class='ocr_line' id='line_1_2' title="bbox 772 591 2875 673; baseline -0.001 -18"><span class='ocrx_word' id='word_1_5' title='bbox 772 591 812 656; x_wconf 92' lang='lat'><strong>3</strong></span> <span class='ocrx_word' id='word_1_6' title='bbox 869 593 1172 654; x_wconf 79' lang='lat' dir='ltr'>Radices</span> <span class='ocrx_word' id='word_1_7' title='bbox 1210 601 1547 654; x_wconf 88' lang='lat' dir='ltr'>autumno</span> <span class='ocrx_word' id='word_1_8' title='bbox 1586 600 1711 653; x_wconf 89' lang='lat' dir='ltr'>aut</span> <span class='ocrx_word' id='word_1_9' title='bbox 1747 592 1976 653; x_wconf 90' lang='lat' dir='ltr'>hieme</span> <span class='ocrx_word' id='word_1_10' title='bbox 2016 595 2235 673; x_wconf 92' lang='lat' dir='ltr'>magis</span> <span class='ocrx_word' id='word_1_11' title='bbox 2275 592 2638 654; x_wconf 88' lang='lat' dir='ltr'>subterra</span> <span class='ocrx_word' id='word_1_12' title='bbox 2677 610 2875 672; x_wconf 89' lang='lat' dir='ltr'>quam</span> 
     </span>
     <span class='ocr_line' id='line_1_3' title="bbox 594 698 2877 780; baseline -0.002 -19"><span class='ocrx_word' id='word_1_13' title='bbox 594 719 810 780; x_wconf 89' lang='lat' dir='ltr'>supra</span> <span class='ocrx_word' id='word_1_14' title='bbox 859 699 1224 777; x_wconf 88' lang='lat' dir='ltr'>alescunt]</span> <span class='ocrx_word' id='word_1_15' title='bbox 1275 703 1644 762; x_wconf 85' lang='lat' dir='ltr'>Adolescunt</span> <span class='ocrx_word' id='word_1_16' title='bbox 1691 719 1761 760; x_wconf 88' lang='lat' dir='ltr'>ex</span> <span class='ocrx_word' id='word_1_17' title='bbox 1810 700 2068 761; x_wconf 92' lang='lat' dir='ltr'>secunda</span> <span class='ocrx_word' id='word_1_18' title='bbox 2117 700 2374 761; x_wconf 82' lang='lat' dir='ltr'>editione</span> <span class='ocrx_word' id='word_1_19' title='bbox 2412 699 2657 760; x_wconf 88' lang='lat' dir='ltr'>Victorii</span> <span class='ocrx_word' id='word_1_20' title='bbox 2703 698 2877 778; x_wconf 85' lang='lat' dir='ltr'>vulgo</span> 
     </span>
     <span class='ocr_line' id='line_1_4' title="bbox 592 806 2879 889; baseline -0.001 -20"><span class='ocrx_word' id='word_1_21' title='bbox 592 818 900 888; x_wconf 88' lang='lat' dir='ltr'>receptum</span> <span class='ocrx_word' id='word_1_22' title='bbox 958 815 1102 869; x_wconf 90' lang='lat' dir='ltr'>erat.</span> <span class='ocrx_word' id='word_1_23' title='bbox 1178 825 1309 867; x_wconf 92' lang='lat' dir='ltr'>nam</span> <span class='ocrx_word' id='word_1_24' title='bbox 1366 809 1425 867; x_wconf 92' lang='lat' dir='ltr'>in</span> <span class='ocrx_word' id='word_1_25' title='bbox 1484 810 1673 887; x_wconf 87' lang='lat' dir='ltr'>prima</span> <span class='ocrx_word' id='word_1_26' title='bbox 1732 808 2017 889; x_wconf 80' lang='lat' dir='ltr'>editione,</span> <span class='ocrx_word' id='word_1_27' title='bbox 2083 810 2239 869; x_wconf 91' lang='lat' dir='ltr'>sicut</span> <span class='ocrx_word' id='word_1_28' title='bbox 2303 809 2365 867; x_wconf 89' lang='lat' dir='ltr'>in</span> <span class='ocrx_word' id='word_1_29' title='bbox 2426 806 2879 887; x_wconf 67' lang='lat' dir='ltr'>antiquioribus»,</span> 
     </span>
     <span class='ocr_line' id='line_1_5' title="bbox 593 910 2875 993; baseline -0.001 -16"><span class='ocrx_word' id='word_1_30' title='bbox 593 920 870 977; x_wconf 86' lang='lat' dir='ltr'>alescunt</span> <span class='ocrx_word' id='word_1_31' title='bbox 913 913 1148 993; x_wconf 86' lang='lat' dir='ltr'>legitur.</span> <span class='ocrx_word' id='word_1_32' title='bbox 1223 933 1404 990; x_wconf 81' lang='lat' dir='ltr'>quam</span> <span class='ocrx_word' id='word_1_33' title='bbox 1450 934 1613 991; x_wconf 83' lang='lat' dir='ltr'>quae</span> <span class='ocrx_word' id='word_1_34' title='bbox 1657 933 1850 992; x_wconf 80' lang='lat' dir='ltr'>supra</span> <span class='ocrx_word' id='word_1_35' title='bbox 1898 917 2253 977; x_wconf 84' lang='lat' dir='ltr'>adolescunt</span> <span class='ocrx_word' id='word_1_36' title='bbox 2296 913 2625 975; x_wconf 80' lang='lat' dir='ltr'>Pontedera</span> <span class='ocrx_word' id='word_1_37' title='bbox 2662 933 2719 993; x_wconf 93' lang='lat' dir='ltr'>p.</span> <span class='ocrx_word' id='word_1_38' title='bbox 2754 910 2875 974; x_wconf 85' lang='lat'>161</span> 
     </span>
     <span class='ocr_line' id='line_1_6' title="bbox 592 1021 2880 1103; baseline -0 -19"><span class='ocrx_word' id='word_1_39' title='bbox 592 1031 652 1084; x_wconf 91' lang='lat' dir='ltr'>et</span> <span class='ocrx_word' id='word_1_40' title='bbox 709 1022 1129 1083; x_wconf 80' lang='lat' dir='ltr'>Schneiderus,</span> <span class='ocrx_word' id='word_1_41' title='bbox 1184 1053 1257 1063; x_wconf 92' lang='lat'>—</span> <span class='ocrx_word' id='word_1_42' title='bbox 1310 1021 1522 1083; x_wconf 91' lang='lat' dir='ltr'>deinde</span> <span class='ocrx_word' id='word_1_43' title='bbox 1580 1026 1745 1099; x_wconf 81' lang='lat' dir='ltr'>quod</span> <span class='ocrx_word' id='word_1_44' title='bbox 1788 1029 1984 1083; x_wconf 83' lang='lat' dir='ltr'>tectae</span> <span class='ocrx_word' id='word_1_45' title='bbox 2030 1022 2282 1101; x_wconf 85' lang='lat' dir='ltr'>plurima</span> <span class='ocrx_word' id='word_1_46' title='bbox 2340 1022 2701 1103; x_wconf 89' lang='lat' dir='ltr'>apographa,</span> <span class='ocrx_word' id='word_1_47' title='bbox 2763 1040 2880 1098; x_wconf 84' lang='lat' dir='ltr'>quo</span> 
     </span>
     <span class='ocr_line' id='line_1_7' title="bbox 593 1127 2878 1209; baseline -0.001 -18"><span class='ocrx_word' id='word_1_48' title='bbox 593 1137 790 1193; x_wconf 80' lang='lat' dir='ltr'>tectae</span> <span class='ocrx_word' id='word_1_49' title='bbox 837 1129 1021 1191; x_wconf 87' lang='lat' dir='ltr'>codex</span> <span class='ocrx_word' id='word_1_50' title='bbox 1071 1127 1378 1191; x_wconf 70' lang='lat' dir='ltr'>Caesenas</span> <span class='ocrx_word' id='word_1_51' title='bbox 1454 1148 1570 1205; x_wconf 80' lang='lat' dir='ltr'>quo</span> <span class='ocrx_word' id='word_1_52' title='bbox 1629 1131 1689 1190; x_wconf 97' lang='lat' dir='ltr'>in</span> <span class='ocrx_word' id='word_1_53' title='bbox 1748 1130 2016 1209; x_wconf 81' lang='lat' dir='ltr'>principe</span> <span class='ocrx_word' id='word_1_54' title='bbox 2070 1130 2328 1191; x_wconf 83' lang='lat' dir='ltr'>editione</span> <span class='ocrx_word' id='word_1_55' title='bbox 2375 1129 2705 1191; x_wconf 92' lang='lat' dir='ltr'>Politianus</span> <span class='ocrx_word' id='word_1_56' title='bbox 2760 1148 2878 1189; x_wconf 90' lang='lat' dir='ltr'>non</span> 
     </span>
     <span class='ocr_line' id='line_1_8' title="bbox 592 1239 868 1299; baseline -0.007 0"><span class='ocrx_word' id='word_1_57' title='bbox 592 1239 868 1299; x_wconf 85' lang='lat' dir='ltr'>correxit.</span> 
     </span>
    </p>

    <p class='ocr_par' dir='ltr' id='par_1_3' title="bbox 591 1342 2886 2923">
     <span class='ocr_line' id='line_1_9' title="bbox 771 1342 2886 1424; baseline -0 -19"><span class='ocrx_word' id='word_1_58' title='bbox 771 1344 997 1423; x_wconf 90' lang='lat' dir='ltr'>Supra</span> <span class='ocrx_word' id='word_1_59' title='bbox 1053 1352 1318 1405; x_wconf 88' lang='lat' dir='ltr'>terram</span> <span class='ocrx_word' id='word_1_60' title='bbox 1377 1363 1539 1405; x_wconf 92' lang='lat' dir='ltr'>aere</span> <span class='ocrx_word' id='word_1_61' title='bbox 1597 1343 1982 1424; x_wconf 83' lang='lat' dir='ltr'>frigidiore</span> <span class='ocrx_word' id='word_1_62' title='bbox 2041 1342 2455 1424; x_wconf 90' lang='lat' dir='ltr'>tinguntur]</span> <span class='ocrx_word' id='word_1_63' title='bbox 2521 1345 2886 1420; x_wconf 70' lang='lat' dir='ltr'>Tanyuntur</span> 
     </span>
     <span class='ocr_line' id='line_1_10' title="bbox 593 1451 2885 1535; baseline -0.001 -23"><span class='ocrx_word' id='word_1_64' title='bbox 593 1453 847 1513; x_wconf 89' lang='lat' dir='ltr'>coniecit</span> <span class='ocrx_word' id='word_1_65' title='bbox 895 1451 1211 1535; x_wconf 82' lang='lat' dir='ltr'>VictoriuS,</span> <span class='ocrx_word' id='word_1_66' title='bbox 1257 1456 1716 1528; x_wconf 58' lang='lat' dir='ltr'>restringuntur</span> <span class='ocrx_word' id='word_1_67' title='bbox 1765 1451 2044 1533; x_wconf 84' lang='lat' dir='ltr'>Scaliger,</span> <span class='ocrx_word' id='word_1_68' title='bbox 2098 1457 2486 1529; x_wconf 73' lang='lat' dir='ltr'>strinquntur</span> <span class='ocrx_word' id='word_1_69' title='bbox 2532 1451 2885 1531; x_wconf 86' lang='lat' dir='ltr'>Pontedera,</span> 
     </span>
     <span class='ocr_line' id='line_1_11' title="bbox 592 1557 2882 1638; baseline -0.001 -18"><span class='ocrx_word' id='word_1_70' title='bbox 592 1564 927 1636; x_wconf 72' lang='lat' dir='ltr'>cinquntur</span> <span class='ocrx_word' id='word_1_71' title='bbox 976 1558 1395 1620; x_wconf 79' lang='lat' dir='ltr'>Schneiderus,</span> <span class='ocrx_word' id='word_1_72' title='bbox 1470 1563 1822 1635; x_wconf 70' lang='lat' dir='ltr'>rinquntur,</span> <span class='ocrx_word' id='word_1_73' title='bbox 1872 1559 2026 1638; x_wconf 88' lang='lat' dir='ltr'>quod</span> <span class='ocrx_word' id='word_1_74' title='bbox 2078 1579 2146 1619; x_wconf 85' lang='lat' dir='ltr'>ex</span> <span class='ocrx_word' id='word_1_75' title='bbox 2187 1559 2391 1620; x_wconf 86' lang='lat' dir='ltr'>Aldina</span> <span class='ocrx_word' id='word_1_76' title='bbox 2432 1560 2694 1620; x_wconf 83' lang='lat' dir='ltr'>editione</span> <span class='ocrx_word' id='word_1_77' title='bbox 2744 1557 2882 1619; x_wconf 91' lang='lat' dir='ltr'>Ges-</span> 
     </span>
     <span class='ocr_line' id='line_1_12' title="bbox 594 1647 2885 1746; baseline 0 -20"><span class='ocrx_word' id='word_1_78' title='bbox 594 1685 776 1727; x_wconf 89' lang='lat' dir='ltr'>nerus</span> <span class='ocrx_word' id='word_1_79' title='bbox 841 1647 1094 1745; x_wconf 86' lang='lat' dir='ltr'>recepit,</span> <span class='ocrx_word' id='word_1_80' title='bbox 1162 1668 1350 1727; x_wconf 89' lang='lat' dir='ltr'>errori</span> <span class='ocrx_word' id='word_1_81' title='bbox 1408 1668 1612 1746; x_wconf 90' lang='lat' dir='ltr'>potius</span> <span class='ocrx_word' id='word_1_82' title='bbox 1679 1685 1852 1745; x_wconf 91' lang='lat' dir='ltr'>quam</span> <span class='ocrx_word' id='word_1_83' title='bbox 1919 1668 2296 1727; x_wconf 90' lang='lat' dir='ltr'>coniecturae</span> <span class='ocrx_word' id='word_1_84' title='bbox 2364 1666 2610 1727; x_wconf 81' lang='lat' dir='ltr'>editoris</span> <span class='ocrx_word' id='word_1_85' title='bbox 2676 1665 2885 1726; x_wconf 89' lang='lat' dir='ltr'>deberi</span> 
     </span>
     <span class='ocr_line' id='line_1_13' title="bbox 593 1765 2882 1855; baseline 0 -22"><span class='ocrx_word' id='word_1_86' title='bbox 593 1774 843 1835; x_wconf 85' lang='lat' dir='ltr'>videtur.</span> <span class='ocrx_word' id='word_1_87' title='bbox 918 1773 1215 1852; x_wconf 89' lang='lat' dir='ltr'>Theophr.</span> <span class='ocrx_word' id='word_1_88' title='bbox 1253 1774 1325 1834; x_wconf 92' lang='lat' dir='ltr'>de</span> <span class='ocrx_word' id='word_1_89' title='bbox 1366 1793 1524 1837; x_wconf 82' lang='lat' dir='ltr'>caus,</span> <span class='ocrx_word' id='word_1_90' title='bbox 1562 1774 1742 1854; x_wconf 86' lang='lat' dir='ltr'>plant.</span> <span class='ocrx_word' id='word_1_91' title='bbox 1780 1773 1805 1834; x_wconf 90' lang='lat'>1</span> <span class='ocrx_word' id='word_1_92' title='bbox 1847 1771 1947 1854; x_wconf 81' lang='grc'>12,</span> <span class='ocrx_word' id='word_1_93' title='bbox 1978 1770 2018 1849; x_wconf 89' lang='lat'><strong>3</strong></span> <span class='ocrx_word' id='word_1_94' title='bbox 2065 1766 2358 1846; x_wconf 82' lang='grc' dir='ltr'><strong><em>πιθανὸς</em></strong></span> <span class='ocrx_word' id='word_1_95' title='bbox 2404 1766 2478 1835; x_wconf 76' lang='grc' dir='ltr'>δὲ</span> <span class='ocrx_word' id='word_1_96' title='bbox 2524 1766 2631 1834; x_wconf 83' lang='grc' dir='ltr'>καὶ</span> <span class='ocrx_word' id='word_1_97' title='bbox 2673 1765 2882 1855; x_wconf 78' lang='grc' dir='ltr'><strong><em>ταύτῃ</em></strong></span> 
     </span>
     <span class='ocr_line' id='line_1_14' title="bbox 596 1869 2885 1962; baseline 0 -22"><span class='ocrx_word' id='word_1_98' title='bbox 596 1873 851 1955; x_wconf 82' lang='grc' dir='ltr'><strong><em>δόξειεν</em></strong></span> <span class='ocrx_word' id='word_1_99' title='bbox 898 1869 987 1941; x_wconf 70' lang='grc' dir='ltr'>ἂν</span> <span class='ocrx_word' id='word_1_100' title='bbox 1034 1871 1070 1941; x_wconf 80' lang='grc' dir='ltr'>ὁ</span> <span class='ocrx_word' id='word_1_101' title='bbox 1110 1872 1330 1961; x_wconf 72' lang='grc' dir='ltr'><em>λόγος,</em></span> <span class='ocrx_word' id='word_1_102' title='bbox 1379 1872 1481 1943; x_wconf 82' lang='grc' dir='ltr'>ὅτι</span> <span class='ocrx_word' id='word_1_103' title='bbox 1527 1873 1605 1942; x_wconf 77' lang='grc' dir='ltr'>τὰ</span> <span class='ocrx_word' id='word_1_104' title='bbox 1656 1874 1778 1962; x_wconf 75' lang='grc' dir='ltr'>μὲν</span> <span class='ocrx_word' id='word_1_105' title='bbox 1825 1873 1969 1942; x_wconf 77' lang='grc' dir='ltr'>ἄνω</span> <span class='ocrx_word' id='word_1_106' title='bbox 2016 1874 2341 1943; x_wconf 82' lang='grc' dir='ltr'><strong><em>κωλύεται</em></strong></span> <span class='ocrx_word' id='word_1_107' title='bbox 2389 1872 2499 1942; x_wconf 80' lang='grc' dir='ltr'>διὰ</span> <span class='ocrx_word' id='word_1_108' title='bbox 2536 1871 2656 1942; x_wconf 88' lang='grc' dir='ltr'>τὸν</span> <span class='ocrx_word' id='word_1_109' title='bbox 2697 1875 2885 1959; x_wconf 80' lang='grc' dir='ltr'><strong><em>πέριξ</em></strong></span> 
     </span>
     <span class='ocr_line' id='line_1_15' title="bbox 593 1978 2886 2071; baseline -0 -23"><span class='ocrx_word' id='word_1_110' title='bbox 593 1978 758 2071; x_wconf 77' lang='grc' dir='ltr'><strong><em>ἀέρα</em></strong></span> <span class='ocrx_word' id='word_1_111' title='bbox 806 1978 1066 2068; x_wconf 83' lang='grc' dir='ltr'><strong><em>ψυχρὸν</em></strong></span> <span class='ocrx_word' id='word_1_112' title='bbox 1114 1979 1299 2068; x_wconf 78' lang='grc' dir='ltr'><strong><em>ὄντα,</em></strong></span> <span class='ocrx_word' id='word_1_113' title='bbox 1347 1981 1425 2050; x_wconf 82' lang='grc' dir='ltr'>τὰ</span> <span class='ocrx_word' id='word_1_114' title='bbox 1477 1983 1551 2051; x_wconf 72' lang='grc' dir='ltr'>δὲ</span> <span class='ocrx_word' id='word_1_115' title='bbox 1598 1981 1774 2050; x_wconf 78' lang='grc' dir='ltr'><strong><em>κάτω</em></strong></span> <span class='ocrx_word' id='word_1_116' title='bbox 1823 1981 2263 2070; x_wconf 80' lang='grc' dir='ltr'><strong><em>στεγαζόμενοι</em></strong></span> <span class='ocrx_word' id='word_1_117' title='bbox 2311 1985 2389 2071; x_wconf 81' lang='grc' dir='ltr'>τῇ</span> <span class='ocrx_word' id='word_1_118' title='bbox 2447 1985 2532 2071; x_wconf 74' lang='grc' dir='ltr'>γῇ</span> <span class='ocrx_word' id='word_1_119' title='bbox 2586 1981 2700 2048; x_wconf 83' lang='grc' dir='ltr'>καὶ</span> <span class='ocrx_word' id='word_1_120' title='bbox 2751 1978 2886 2067; x_wconf 84' lang='grc' dir='ltr'>ἅμα</span> 
     </span>
     <span class='ocr_line' id='line_1_16' title="bbox 594 2085 2886 2178; baseline 0 -23"><span class='ocrx_word' id='word_1_121' title='bbox 594 2086 1241 2175; x_wconf 77' lang='grc' dir='ltr'><strong><em>συγκατακλειόμενα</em></strong></span> <span class='ocrx_word' id='word_1_122' title='bbox 1296 2086 1427 2157; x_wconf 86' lang='grc' dir='ltr'>ὑπὸ</span> <span class='ocrx_word' id='word_1_123' title='bbox 1485 2093 1609 2158; x_wconf 83' lang='grc' dir='ltr'>τοῦ</span> <span class='ocrx_word' id='word_1_124' title='bbox 1664 2094 1926 2178; x_wconf 81' lang='grc' dir='ltr'><strong><em>θερμοῦ</em></strong></span> <span class='ocrx_word' id='word_1_125' title='bbox 1984 2087 2096 2157; x_wconf 80' lang='grc' dir='ltr'>διὰ</span> <span class='ocrx_word' id='word_1_126' title='bbox 2155 2089 2275 2175; x_wconf 82' lang='grc' dir='ltr'>τὴν</span> <span class='ocrx_word' id='word_1_127' title='bbox 2342 2085 2886 2176; x_wconf 77' lang='grc' dir='ltr'><strong><em>ἀντιπερίστασιν</em></strong></span> 
     </span>
     <span class='ocr_line' id='line_1_17' title="bbox 591 2192 2884 2285; baseline -0 -23"><span class='ocrx_word' id='word_1_128' title='bbox 591 2199 670 2285; x_wconf 81' lang='grc' dir='ltr'>τῇ</span> <span class='ocrx_word' id='word_1_129' title='bbox 718 2221 785 2262; x_wconf 90' lang='grc' dir='ltr'>τε</span> <span class='ocrx_word' id='word_1_130' title='bbox 833 2192 1147 2282; x_wconf 81' lang='grc' dir='ltr'><strong><em>ὑγρότητι</em></strong></span> <span class='ocrx_word' id='word_1_131' title='bbox 1202 2195 1311 2262; x_wconf 84' lang='grc' dir='ltr'>καὶ</span> <span class='ocrx_word' id='word_1_132' title='bbox 1368 2208 1584 2284; x_wconf 79' lang='grc' dir='ltr'><strong><em>τροφῇ</em></strong></span> <span class='ocrx_word' id='word_1_133' title='bbox 1643 2196 2103 2282; x_wconf 82' lang='grc' dir='ltr'><strong><em>προσαύξεται.</em></strong></span> <span class='ocrx_word' id='word_1_134' title='bbox 2180 2202 2362 2263; x_wconf 92' lang='lat' dir='ltr'>Varro</span> <span class='ocrx_word' id='word_1_135' title='bbox 2420 2220 2536 2281; x_wconf 89' lang='lat' dir='ltr'>quo</span> <span class='ocrx_word' id='word_1_136' title='bbox 2592 2201 2884 2263; x_wconf 90' lang='lat' dir='ltr'>vocabulo</span> 
     </span>
     <span class='ocr_line' id='line_1_18' title="bbox 593 2302 2883 2390; baseline -0.001 -19"><span class='ocrx_word' id='word_1_137' title='bbox 593 2311 955 2389; x_wconf 86' lang='lat' dir='ltr'>expresserit</span> <span class='ocrx_word' id='word_1_138' title='bbox 1000 2309 1059 2369; x_wconf 94' lang='lat' dir='ltr'>id</span> <span class='ocrx_word' id='word_1_139' title='bbox 1111 2308 1268 2388; x_wconf 91' lang='lat' dir='ltr'>quod</span> <span class='ocrx_word' id='word_1_140' title='bbox 1318 2310 1471 2388; x_wconf 92' lang='lat' dir='ltr'>apud</span> <span class='ocrx_word' id='word_1_141' title='bbox 1512 2310 1987 2390; x_wconf 83' lang='lat' dir='ltr'>Theophrastum</span> <span class='ocrx_word' id='word_1_142' title='bbox 2025 2313 2334 2372; x_wconf 88' lang='lat' dir='ltr'>invenerat</span> <span class='ocrx_word' id='word_1_143' title='bbox 2370 2302 2715 2390; x_wconf 82' lang='grc' dir='ltr'><strong><em>κωλύεται,</em></strong></span> <span class='ocrx_word' id='word_1_144' title='bbox 2766 2328 2883 2371; x_wconf 91' lang='lat' dir='ltr'>non</span> 
     </span>
     <span class='ocr_line' id='line_1_19' title="bbox 593 2416 2882 2498; baseline -0 -21"><span class='ocrx_word' id='word_1_145' title='bbox 593 2417 765 2497; x_wconf 92' lang='lat' dir='ltr'>plane</span> <span class='ocrx_word' id='word_1_146' title='bbox 814 2426 1063 2478; x_wconf 88' lang='lat' dir='ltr'>constat.</span> <span class='ocrx_word' id='word_1_147' title='bbox 1137 2416 1239 2476; x_wconf 91' lang='lat' dir='ltr'>sed</span> <span class='ocrx_word' id='word_1_148' title='bbox 1279 2419 1652 2496; x_wconf 87' lang='lat' dir='ltr'>aptissimum</span> <span class='ocrx_word' id='word_1_149' title='bbox 1691 2417 1759 2478; x_wconf 87' lang='lat' dir='ltr'>ad</span> <span class='ocrx_word' id='word_1_150' title='bbox 1801 2419 1951 2479; x_wconf 91' lang='lat' dir='ltr'>hanc</span> <span class='ocrx_word' id='word_1_151' title='bbox 1982 2418 2442 2498; x_wconf 89' lang='lat' dir='ltr'>descriptionem</span> <span class='ocrx_word' id='word_1_152' title='bbox 2473 2417 2711 2477; x_wconf 90' lang='lat' dir='ltr'>videtur</span> <span class='ocrx_word' id='word_1_153' title='bbox 2752 2435 2882 2478; x_wconf 90' lang='lat' dir='ltr'>esse</span> 
     </span>
     <span class='ocr_line' id='line_1_20' title="bbox 594 2523 2882 2606; baseline 0 -22"><span class='ocrx_word' id='word_1_154' title='bbox 594 2523 751 2605; x_wconf 90' lang='lat' dir='ltr'>quod</span> <span class='ocrx_word' id='word_1_155' title='bbox 801 2525 1031 2606; x_wconf 89' lang='lat' dir='ltr'>scripsi,</span> <span class='ocrx_word' id='word_1_156' title='bbox 1081 2531 1413 2606; x_wconf 71' lang='lat' dir='ltr'>coquntur,</span> <span class='ocrx_word' id='word_1_157' title='bbox 1471 2525 1629 2604; x_wconf 90' lang='lat' dir='ltr'>quod</span> <span class='ocrx_word' id='word_1_158' title='bbox 1690 2525 1761 2585; x_wconf 90' lang='lat' dir='ltr'>de</span> <span class='ocrx_word' id='word_1_159' title='bbox 1818 2527 2039 2605; x_wconf 85' lang='lat' dir='ltr'>frigore</span> <span class='ocrx_word' id='word_1_160' title='bbox 2097 2524 2212 2586; x_wconf 92' lang='lat' dir='ltr'>dici</span> <span class='ocrx_word' id='word_1_161' title='bbox 2268 2535 2473 2586; x_wconf 88' lang='lat' dir='ltr'>notum</span> <span class='ocrx_word' id='word_1_162' title='bbox 2531 2529 2646 2601; x_wconf 85' lang='lat' dir='ltr'>est,</span> <span class='ocrx_word' id='word_1_163' title='bbox 2711 2525 2882 2604; x_wconf 90' lang='lat' dir='ltr'>Verg.</span> 
     </span>
     <span class='ocr_line' id='line_1_21' title="bbox 593 2627 2884 2717; baseline 0 -25"><span class='ocrx_word' id='word_1_164' title='bbox 593 2650 791 2712; x_wconf 87' lang='lat' dir='ltr'>georg.</span> <span class='ocrx_word' id='word_1_165' title='bbox 830 2631 903 2691; x_wconf 87' lang='lat' dir='ltr'>lv</span> <span class='ocrx_word' id='word_1_166' title='bbox 945 2627 1029 2693; x_wconf 86' lang='lat'>35</span> <span class='ocrx_word' id='word_1_167' title='bbox 1061 2630 1304 2707; x_wconf 73' lang='lat' dir='ltr'>friqore</span> <span class='ocrx_word' id='word_1_168' title='bbox 1341 2636 1517 2693; x_wconf 83' lang='lat' dir='ltr'>mella</span> <span class='ocrx_word' id='word_1_169' title='bbox 1555 2636 1721 2708; x_wconf 69' lang='lat' dir='ltr'>coqit</span> <span class='ocrx_word' id='word_1_170' title='bbox 1755 2636 1960 2707; x_wconf 80' lang='lat' dir='ltr'>hiems,</span> <span class='ocrx_word' id='word_1_171' title='bbox 2008 2632 2150 2695; x_wconf 90' lang='lat' dir='ltr'>Gell.</span> <span class='ocrx_word' id='word_1_172' title='bbox 2183 2632 2338 2694; x_wconf 90' lang='lat' dir='ltr'>XVII</span> <span class='ocrx_word' id='word_1_173' title='bbox 2378 2631 2436 2717; x_wconf 87' lang='lat'>8,</span> <span class='ocrx_word' id='word_1_174' title='bbox 2470 2630 2552 2695; x_wconf 90' lang='lat'>13</span> <span class='ocrx_word' id='word_1_175' title='bbox 2596 2636 2654 2693; x_wconf 88' lang='lat' dir='ltr'>si</span> <span class='ocrx_word' id='word_1_176' title='bbox 2690 2636 2884 2694; x_wconf 82' lang='lat' dir='ltr'>istaec</span> 
     </span>
     <span class='ocr_line' id='line_1_22' title="bbox 593 2740 2884 2816; baseline 0 -17"><span class='ocrx_word' id='word_1_177' title='bbox 593 2758 752 2815; x_wconf 80' lang='lat' dir='ltr'>quae</span> <span class='ocrx_word' id='word_1_178' title='bbox 797 2742 1099 2800; x_wconf 74' lang='lat' dir='ltr'>calidiora</span> <span class='ocrx_word' id='word_1_179' title='bbox 1146 2747 1287 2800; x_wconf 84' lang='lat' dir='ltr'>sunt</span> <span class='ocrx_word' id='word_1_180' title='bbox 1332 2740 1649 2816; x_wconf 80' lang='lat' dir='ltr'>difficilius</span> <span class='ocrx_word' id='word_1_181' title='bbox 1701 2746 1842 2816; x_wconf 62' lang='grc' dir='ltr'>θεῖα</span> <span class='ocrx_word' id='word_1_182' title='bbox 1891 2748 2221 2816; x_wconf 72' lang='lat' dir='ltr'>coquntur,</span> <span class='ocrx_word' id='word_1_183' title='bbox 2282 2758 2625 2816; x_wconf 71' lang='lat' dir='ltr'>conqraens</span> <span class='ocrx_word' id='word_1_184' title='bbox 2679 2748 2776 2801; x_wconf 84' lang='lat' dir='ltr'>est</span> <span class='ocrx_word' id='word_1_185' title='bbox 2820 2747 2884 2800; x_wconf 85' lang='lat' dir='ltr'>at</span> 
     </span>
     <span class='ocr_line' id='line_1_23' title="bbox 592 2846 1909 2923; baseline 0 -15"><span class='ocrx_word' id='word_1_186' title='bbox 592 2866 753 2922; x_wconf 82' lang='lat' dir='ltr'>quae</span> <span class='ocrx_word' id='word_1_187' title='bbox 791 2846 1130 2922; x_wconf 71' lang='lat' dir='ltr'>friqidiora</span> <span class='ocrx_word' id='word_1_188' title='bbox 1175 2855 1317 2908; x_wconf 88' lang='lat' dir='ltr'>sunt</span> <span class='ocrx_word' id='word_1_189' title='bbox 1354 2847 1546 2923; x_wconf 84' lang='lat' dir='ltr'>facile</span> <span class='ocrx_word' id='word_1_190' title='bbox 1592 2855 1909 2923; x_wconf 59' lang='lat' dir='ltr'>cogantur.</span> 
     </span>
    </p>

    <p class='ocr_par' dir='ltr' id='par_1_4' title="bbox 591 2952 2879 4638">
     <span class='ocr_line' id='line_1_24' title="bbox 769 2952 2879 3041; baseline -0 -26"><span class='ocrx_word' id='word_1_191' title='bbox 769 2954 1008 3032; x_wconf 89' lang='lat' dir='ltr'>Neque</span> <span class='ocrx_word' id='word_1_192' title='bbox 1056 2952 1332 3041; x_wconf 88' lang='lat' dir='ltr'>radices</span> <span class='ocrx_word' id='word_1_193' title='bbox 1378 2953 1667 3034; x_wconf 92' lang='lat' dir='ltr'>longius</span> <span class='ocrx_word' id='word_1_194' title='bbox 1713 2955 2119 3034; x_wconf 90' lang='lat' dir='ltr'>procedunt</span> <span class='ocrx_word' id='word_1_195' title='bbox 2167 2956 2311 3016; x_wconf 90' lang='lat' dir='ltr'>nisi</span> <span class='ocrx_word' id='word_1_196' title='bbox 2358 2972 2492 3033; x_wconf 88' lang='lat' dir='ltr'>quo</span> <span class='ocrx_word' id='word_1_197' title='bbox 2547 2961 2879 3033; x_wconf 89' lang='lat' dir='ltr'>tempore</span> 
     </span>
     <span class='ocr_line' id='line_1_25' title="bbox 593 3060 2878 3142; baseline -0.001 -20"><span class='ocrx_word' id='word_1_198' title='bbox 593 3064 795 3123; x_wconf 89' lang='lat' dir='ltr'>uenit</span> <span class='ocrx_word' id='word_1_199' title='bbox 858 3060 1034 3121; x_wconf 91' lang='lat' dir='ltr'>solis</span> <span class='ocrx_word' id='word_1_200' title='bbox 1103 3061 1362 3140; x_wconf 86' lang='lat' dir='ltr'>duplex</span> <span class='ocrx_word' id='word_1_201' title='bbox 1431 3079 1643 3122; x_wconf 88' lang='lat' dir='ltr'>causa</span> <span class='ocrx_word' id='word_1_202' title='bbox 1711 3061 2036 3123; x_wconf 89' lang='lat' dir='ltr'>radicum</span> <span class='ocrx_word' id='word_1_203' title='bbox 2111 3062 2295 3142; x_wconf 89' lang='lat' dir='ltr'>quod</span> <span class='ocrx_word' id='word_1_204' title='bbox 2361 3070 2435 3122; x_wconf 89' lang='lat' dir='ltr'>et</span> <span class='ocrx_word' id='word_1_205' title='bbox 2506 3063 2878 3121; x_wconf 86' lang='lat' dir='ltr'>materiem</span> 
     </span>
     <span class='ocr_line' id='line_1_26' title="bbox 593 3167 2879 3248; baseline -0.001 -19"><span class='ocrx_word' id='word_1_206' title='bbox 593 3169 801 3229; x_wconf 89' lang='lat' dir='ltr'>aliam</span> <span class='ocrx_word' id='word_1_207' title='bbox 841 3186 1045 3248; x_wconf 89' lang='lat' dir='ltr'>quam</span> <span class='ocrx_word' id='word_1_208' title='bbox 1075 3167 1282 3228; x_wconf 90' lang='lat' dir='ltr'>aliam</span> <span class='ocrx_word' id='word_1_209' title='bbox 1311 3168 1597 3247; x_wconf 90' lang='lat' dir='ltr'>longius</span> <span class='ocrx_word' id='word_1_210' title='bbox 1627 3171 1902 3248; x_wconf 87' lang='lat' dir='ltr'>proicit</span> <span class='ocrx_word' id='word_1_211' title='bbox 1930 3168 2220 3246; x_wconf 88' lang='lat' dir='ltr'>natura]</span> <span class='ocrx_word' id='word_1_212' title='bbox 2263 3168 2586 3230; x_wconf 85' lang='lat' dir='ltr'>Materiem</span> <span class='ocrx_word' id='word_1_213' title='bbox 2622 3168 2879 3248; x_wconf 90' lang='lat' dir='ltr'>plurima</span> 
     </span>
     <span class='ocr_line' id='line_1_27' title="bbox 595 3274 2877 3357; baseline -0.001 -20"><span class='ocrx_word' id='word_1_214' title='bbox 595 3275 944 3357; x_wconf 88' lang='lat' dir='ltr'>apographa,</span> <span class='ocrx_word' id='word_1_215' title='bbox 990 3279 1308 3336; x_wconf 79' lang='lat' dir='ltr'>materiam</span> <span class='ocrx_word' id='word_1_216' title='bbox 1367 3275 1551 3335; x_wconf 85' lang='lat' dir='ltr'>codex</span> <span class='ocrx_word' id='word_1_217' title='bbox 1601 3274 1892 3336; x_wconf 90' lang='lat' dir='ltr'>Caesenas</span> <span class='ocrx_word' id='word_1_218' title='bbox 1949 3284 2010 3335; x_wconf 88' lang='lat' dir='ltr'>et</span> <span class='ocrx_word' id='word_1_219' title='bbox 2065 3276 2245 3336; x_wconf 89' lang='lat' dir='ltr'>editio</span> <span class='ocrx_word' id='word_1_220' title='bbox 2301 3278 2580 3355; x_wconf 89' lang='lat' dir='ltr'>princeps</span> <span class='ocrx_word' id='word_1_221' title='bbox 2636 3294 2670 3335; x_wconf 92' lang='lat' dir='ltr'>a</span> <span class='ocrx_word' id='word_1_222' title='bbox 2727 3274 2877 3336; x_wconf 91' lang='lat' dir='ltr'>Poli-</span> 
     </span>
     <span class='ocr_line' id='line_1_28' title="bbox 594 3386 2878 3460; baseline -0.001 -15"><span class='ocrx_word' id='word_1_223' title='bbox 594 3386 752 3445; x_wconf 89' lang='lat' dir='ltr'>tiano</span> <span class='ocrx_word' id='word_1_224' title='bbox 801 3401 918 3443; x_wconf 93' lang='lat' dir='ltr'>non</span> <span class='ocrx_word' id='word_1_225' title='bbox 967 3391 1253 3443; x_wconf 88' lang='lat' dir='ltr'>correcta.</span> <span class='ocrx_word' id='word_1_226' title='bbox 1326 3402 1518 3457; x_wconf 80' lang='lat' dir='ltr'>neque</span> <span class='ocrx_word' id='word_1_227' title='bbox 1574 3386 1822 3444; x_wconf 83' lang='lat' dir='ltr'>radices</span> <span class='ocrx_word' id='word_1_228' title='bbox 1877 3386 2114 3458; x_wconf 70' lang='lat' dir='ltr'>lonyius</span> <span class='ocrx_word' id='word_1_229' title='bbox 2162 3386 2529 3460; x_wconf 84' lang='lat' dir='ltr'>procedunt,</span> <span class='ocrx_word' id='word_1_230' title='bbox 2585 3386 2711 3443; x_wconf 84' lang='lat' dir='ltr'>nisi</span> <span class='ocrx_word' id='word_1_231' title='bbox 2764 3401 2878 3458; x_wconf 82' lang='lat' dir='ltr'>quo</span> 
     </span>
     <span class='ocr_line' id='line_1_29' title="bbox 594 3492 2875 3567; baseline -0.001 -15"><span class='ocrx_word' id='word_1_232' title='bbox 594 3500 858 3567; x_wconf 80' lang='lat' dir='ltr'>tempore</span> <span class='ocrx_word' id='word_1_233' title='bbox 915 3492 1077 3551; x_wconf 85' lang='lat' dir='ltr'>venit</span> <span class='ocrx_word' id='word_1_234' title='bbox 1129 3493 1231 3550; x_wconf 86' lang='lat' dir='ltr'>sol.</span> <span class='ocrx_word' id='word_1_235' title='bbox 1324 3492 1417 3550; x_wconf 80' lang='lat' dir='ltr'>his</span> <span class='ocrx_word' id='word_1_236' title='bbox 1474 3493 1701 3567; x_wconf 81' lang='lat' dir='ltr'>duplex</span> <span class='ocrx_word' id='word_1_237' title='bbox 1755 3509 1971 3566; x_wconf 86' lang='lat' dir='ltr'>causa,</span> <span class='ocrx_word' id='word_1_238' title='bbox 2027 3493 2191 3566; x_wconf 81' lang='lat' dir='ltr'>quod</span> <span class='ocrx_word' id='word_1_239' title='bbox 2243 3498 2303 3550; x_wconf 82' lang='lat' dir='ltr'>et</span> <span class='ocrx_word' id='word_1_240' title='bbox 2355 3492 2638 3551; x_wconf 85' lang='lat' dir='ltr'>radicum</span> <span class='ocrx_word' id='word_1_241' title='bbox 2696 3498 2875 3550; x_wconf 81' lang='lat' dir='ltr'>maee-</span> 
     </span>
     <span class='ocr_line' id='line_1_30' title="bbox 593 3596 2874 3678; baseline -0.003 -17"><span class='ocrx_word' id='word_1_242' title='bbox 593 3603 753 3661; x_wconf 86' lang='lat' dir='ltr'>riam</span> <span class='ocrx_word' id='word_1_243' title='bbox 801 3616 927 3677; x_wconf 90' lang='lat' dir='ltr'>sqq.</span> <span class='ocrx_word' id='word_1_244' title='bbox 1003 3615 1073 3656; x_wconf 85' lang='lat' dir='ltr'>ex</span> <span class='ocrx_word' id='word_1_245' title='bbox 1121 3596 1330 3657; x_wconf 84' lang='lat' dir='ltr'>Aldina</span> <span class='ocrx_word' id='word_1_246' title='bbox 1390 3597 1650 3658; x_wconf 92' lang='lat' dir='ltr'>editione</span> <span class='ocrx_word' id='word_1_247' title='bbox 1707 3605 2012 3676; x_wconf 89' lang='lat' dir='ltr'>receptum</span> <span class='ocrx_word' id='word_1_248' title='bbox 2062 3603 2204 3678; x_wconf 89' lang='lat' dir='ltr'>erat,</span> <span class='ocrx_word' id='word_1_249' title='bbox 2262 3596 2362 3657; x_wconf 90' lang='lat' dir='ltr'>ubi</span> <span class='ocrx_word' id='word_1_250' title='bbox 2411 3600 2532 3657; x_wconf 86' lang='lat' dir='ltr'>nisi</span> <span class='ocrx_word' id='word_1_251' title='bbox 2574 3614 2693 3671; x_wconf 80' lang='lat' dir='ltr'>quo</span> <span class='ocrx_word' id='word_1_252' title='bbox 2736 3615 2874 3673; x_wconf 85' lang='lat' dir='ltr'>per-</span> 
     </span>
     <span class='ocr_line' id='line_1_31' title="bbox 593 3701 2875 3787; baseline -0.003 -20"><span class='ocrx_word' id='word_1_253' title='bbox 593 3710 756 3768; x_wconf 81' lang='lat' dir='ltr'>venit</span> <span class='ocrx_word' id='word_1_254' title='bbox 809 3708 902 3765; x_wconf 86' lang='lat' dir='ltr'>sol</span> <span class='ocrx_word' id='word_1_255' title='bbox 953 3705 1206 3765; x_wconf 89' lang='lat' dir='ltr'>coniecit</span> <span class='ocrx_word' id='word_1_256' title='bbox 1262 3702 1549 3787; x_wconf 89' lang='lat' dir='ltr'>Scaliger,</span> <span class='ocrx_word' id='word_1_257' title='bbox 1618 3708 1739 3765; x_wconf 87' lang='lat' dir='ltr'>nisi</span> <span class='ocrx_word' id='word_1_258' title='bbox 1790 3722 1905 3779; x_wconf 81' lang='lat' dir='ltr'>quo</span> <span class='ocrx_word' id='word_1_259' title='bbox 1962 3712 2166 3780; x_wconf 81' lang='lat' dir='ltr'>tepore</span> <span class='ocrx_word' id='word_1_260' title='bbox 2220 3707 2382 3765; x_wconf 84' lang='lat' dir='ltr'>venit</span> <span class='ocrx_word' id='word_1_261' title='bbox 2432 3707 2527 3765; x_wconf 85' lang='lat' dir='ltr'>sol</span> <span class='ocrx_word' id='word_1_262' title='bbox 2575 3701 2875 3763; x_wconf 89' lang='lat' dir='ltr'>Victorius</span> 
     </span>
     <span class='ocr_line' id='line_1_32' title="bbox 595 3806 2874 3892; baseline -0.002 -18"><span class='ocrx_word' id='word_1_263' title='bbox 595 3833 714 3874; x_wconf 87' lang='lat' dir='ltr'>var.</span> <span class='ocrx_word' id='word_1_264' title='bbox 762 3812 896 3872; x_wconf 89' lang='lat' dir='ltr'>lect.</span> <span class='ocrx_word' id='word_1_265' title='bbox 938 3806 1041 3892; x_wconf 86' lang='lat'>35,</span> <span class='ocrx_word' id='word_1_266' title='bbox 1070 3808 1110 3873; x_wconf 92' lang='lat'><strong>3</strong></span> <span class='ocrx_word' id='word_1_267' title='bbox 1159 3818 1218 3871; x_wconf 91' lang='lat' dir='ltr'>et</span> <span class='ocrx_word' id='word_1_268' title='bbox 1264 3812 1483 3871; x_wconf 90' lang='lat' dir='ltr'>omisso</span> <span class='ocrx_word' id='word_1_269' title='bbox 1541 3813 1739 3890; x_wconf 90' lang='lat' dir='ltr'>priore</span> <span class='ocrx_word' id='word_1_270' title='bbox 1786 3809 1915 3870; x_wconf 92' lang='lat' dir='ltr'>loco</span> <span class='ocrx_word' id='word_1_271' title='bbox 1964 3814 2201 3885; x_wconf 58' lang='lat' dir='ltr'>longius</span> <span class='ocrx_word' id='word_1_272' title='bbox 2248 3808 2527 3890; x_wconf 84' lang='lat' dir='ltr'>UrsinuS,</span> <span class='ocrx_word' id='word_1_273' title='bbox 2583 3813 2708 3871; x_wconf 84' lang='lat' dir='ltr'>nisi</span> <span class='ocrx_word' id='word_1_274' title='bbox 2760 3828 2874 3886; x_wconf 84' lang='lat' dir='ltr'>quo</span> 
     </span>
     <span class='ocr_line' id='line_1_33' title="bbox 591 3907 2873 3998; baseline -0.003 -15"><span class='ocrx_word' id='word_1_275' title='bbox 591 3931 761 3998; x_wconf 79' lang='lat' dir='ltr'>tepor</span> <span class='ocrx_word' id='word_1_276' title='bbox 809 3921 971 3981; x_wconf 84' lang='lat' dir='ltr'>venit</span> <span class='ocrx_word' id='word_1_277' title='bbox 1013 3920 1153 3977; x_wconf 85' lang='lat' dir='ltr'>solis</span> <span class='ocrx_word' id='word_1_278' title='bbox 1198 3915 1447 3998; x_wconf 89' lang='lat' dir='ltr'>Popma,</span> <span class='ocrx_word' id='word_1_279' title='bbox 1505 3921 1627 3978; x_wconf 85' lang='lat' dir='ltr'>nisi</span> <span class='ocrx_word' id='word_1_280' title='bbox 1671 3924 1963 3993; x_wconf 78' lang='lat' dir='ltr'>quotenus</span> <span class='ocrx_word' id='word_1_281' title='bbox 2001 3907 2283 3993; x_wconf 63' lang='lat' dir='ltr'>pervenit</span> <span class='ocrx_word' id='word_1_282' title='bbox 2332 3922 2426 3978; x_wconf 86' lang='lat' dir='ltr'>sol</span> <span class='ocrx_word' id='word_1_283' title='bbox 2471 3916 2873 3978; x_wconf 89' lang='lat' dir='ltr'>Schneiderus</span> 
     </span>
     <span class='ocr_line' id='line_1_34' title="bbox 596 3998 2871 4104; baseline -0.002 -16"><span class='ocrx_word' id='word_1_284' title='bbox 596 4028 868 4089; x_wconf 90' lang='lat' dir='ltr'>coniecit.</span> <span class='ocrx_word' id='word_1_285' title='bbox 943 4031 1292 4103; x_wconf 88' lang='lat' dir='ltr'>recuperata</span> <span class='ocrx_word' id='word_1_286' title='bbox 1330 4025 1584 4104; x_wconf 90' lang='lat' dir='ltr'>genuina</span> <span class='ocrx_word' id='word_1_287' title='bbox 1624 4023 1844 4084; x_wconf 90' lang='lat' dir='ltr'>codicis</span> <span class='ocrx_word' id='word_1_288' title='bbox 1884 4024 2177 4101; x_wconf 88' lang='lat' dir='ltr'>scriptura</span> <span class='ocrx_word' id='word_1_289' title='bbox 2216 4031 2460 4103; x_wconf 88' lang='lat' dir='ltr'>apparet</span> <span class='ocrx_word' id='word_1_290' title='bbox 2496 4042 2704 4085; x_wconf 88' lang='lat' dir='ltr'>verum</span> <span class='ocrx_word' id='word_1_291' title='bbox 2743 3998 2871 4084; x_wconf 81' lang='lat' dir='ltr'>esse</span> 
     </span>
     <span class='ocr_line' id='line_1_35' title="bbox 594 4129 2871 4214; baseline -0.002 -19"><span class='ocrx_word' id='word_1_292' title='bbox 594 4134 749 4214; x_wconf 91' lang='lat' dir='ltr'>quod</span> <span class='ocrx_word' id='word_1_293' title='bbox 784 4132 1029 4212; x_wconf 91' lang='lat' dir='ltr'>·Popma</span> <span class='ocrx_word' id='word_1_294' title='bbox 1085 4134 1419 4211; x_wconf 87' lang='lat' dir='ltr'>invenerat,</span> <span class='ocrx_word' id='word_1_295' title='bbox 1478 4139 1651 4208; x_wconf 85' lang='lat' dir='ltr'>tepor</span> <span class='ocrx_word' id='word_1_296' title='bbox 1716 4134 1878 4192; x_wconf 83' lang='lat' dir='ltr'>venit</span> <span class='ocrx_word' id='word_1_297' title='bbox 1929 4134 2096 4212; x_wconf 75' lang='lat' dir='ltr'>soliS,</span> <span class='ocrx_word' id='word_1_298' title='bbox 2160 4138 2221 4190; x_wconf 90' lang='lat' dir='ltr'>et</span> <span class='ocrx_word' id='word_1_299' title='bbox 2283 4129 2425 4210; x_wconf 88' lang='lat' dir='ltr'>legit</span> <span class='ocrx_word' id='word_1_300' title='bbox 2481 4130 2591 4192; x_wconf 90' lang='lat' dir='ltr'>hoc</span> <span class='ocrx_word' id='word_1_301' title='bbox 2646 4130 2871 4192; x_wconf 89' lang='lat' dir='ltr'>Plinius</span> 
     </span>
     <span class='ocr_line' id='line_1_36' title="bbox 591 4236 2869 4314; baseline -0.002 -12"><span class='ocrx_word' id='word_1_302' title='bbox 591 4241 719 4302; x_wconf 86' lang='lat' dir='ltr'>XVI</span> <span class='ocrx_word' id='word_1_303' title='bbox 751 4236 876 4301; x_wconf 79' lang='lat'>129</span> <span class='ocrx_word' id='word_1_304' title='bbox 927 4241 1174 4314; x_wconf 82' lang='lat' dir='ltr'>quidam</span> <span class='ocrx_word' id='word_1_305' title='bbox 1210 4256 1331 4299; x_wconf 91' lang='lat' dir='ltr'>non</span> <span class='ocrx_word' id='word_1_306' title='bbox 1379 4241 1561 4299; x_wconf 83' lang='lat' dir='ltr'>altius</span> <span class='ocrx_word' id='word_1_307' title='bbox 1601 4240 1971 4299; x_wconf 81' lang='lat' dir='ltr'>descendere</span> <span class='ocrx_word' id='word_1_308' title='bbox 2007 4240 2269 4313; x_wconf 86' lang='lat' dir='ltr'>radices,</span> <span class='ocrx_word' id='word_1_309' title='bbox 2308 4255 2488 4313; x_wconf 81' lang='lat' dir='ltr'>quam</span> <span class='ocrx_word' id='word_1_310' title='bbox 2520 4241 2663 4299; x_wconf 85' lang='lat' dir='ltr'>solis</span> <span class='ocrx_word' id='word_1_311' title='bbox 2700 4243 2869 4300; x_wconf 88' lang='lat' dir='ltr'>calor</span> 
     </span>
     <span class='ocr_line' id='line_1_37' title="bbox 593 4347 2866 4427; baseline -0.003 -17"><span class='ocrx_word' id='word_1_312' title='bbox 593 4347 944 4427; x_wconf 81' lang='lat' dir='ltr'>tepefaciat,</span> <span class='ocrx_word' id='word_1_313' title='bbox 991 4348 1171 4420; x_wconf 81' lang='lat' dir='ltr'>idque</span> <span class='ocrx_word' id='word_1_314' title='bbox 1215 4352 1446 4405; x_wconf 87' lang='lat' dir='ltr'>natura</span> <span class='ocrx_word' id='word_1_315' title='bbox 1493 4348 1615 4406; x_wconf 82' lang='lat' dir='ltr'>loci</span> <span class='ocrx_word' id='word_1_316' title='bbox 1649 4348 1942 4406; x_wconf 83' lang='lat' dir='ltr'>tenuioris</span> <span class='ocrx_word' id='word_1_317' title='bbox 1980 4347 2266 4420; x_wconf 81' lang='lat' dir='ltr'>crassive,</span> <span class='ocrx_word' id='word_1_318' title='bbox 2307 4348 2538 4406; x_wconf 80' lang='lat' dir='ltr'>dixere.</span> <span class='ocrx_word' id='word_1_319' title='bbox 2577 4380 2664 4388; x_wconf 95' lang='lat'>—</span> <span class='ocrx_word' id='word_1_320' title='bbox 2700 4348 2866 4405; x_wconf 84' lang='lat' dir='ltr'>radi-</span> 
     </span>
     <span class='ocr_line' id='line_1_38' title="bbox 593 4448 2866 4532; baseline -0.003 -15"><span class='ocrx_word' id='word_1_321' title='bbox 593 4460 753 4517; x_wconf 88' lang='lat' dir='ltr'>cium</span> <span class='ocrx_word' id='word_1_322' title='bbox 809 4454 1043 4513; x_wconf 88' lang='lat' dir='ltr'>restitui</span> <span class='ocrx_word' id='word_1_323' title='bbox 1104 4471 1175 4511; x_wconf 87' lang='lat' dir='ltr'>ex</span> <span class='ocrx_word' id='word_1_324' title='bbox 1231 4450 1496 4512; x_wconf 88' lang='lat' dir='ltr'>Charisio</span> <span class='ocrx_word' id='word_1_325' title='bbox 1555 4470 1610 4529; x_wconf 88' lang='lat' dir='ltr'>p.</span> <span class='ocrx_word' id='word_1_326' title='bbox 1665 4448 1819 4532; x_wconf 80' lang='lat'>142,</span> <span class='ocrx_word' id='word_1_327' title='bbox 1860 4449 1943 4511; x_wconf 92' lang='grc'>14</span> <span class='ocrx_word' id='word_1_328' title='bbox 1999 4452 2328 4512; x_wconf 84' lang='lat' dir='ltr'>Radicium</span> <span class='ocrx_word' id='word_1_329' title='bbox 2401 4452 2598 4512; x_wconf 86' lang='lat' dir='ltr'>Varro</span> <span class='ocrx_word' id='word_1_330' title='bbox 2663 4469 2866 4512; x_wconf 84' lang='lat' dir='ltr'>rerum</span> 
     </span>
     <span class='ocr_line' id='line_1_39' title="bbox 595 4557 2868 4638; baseline -0.002 -17"><span class='ocrx_word' id='word_1_331' title='bbox 595 4563 970 4621; x_wconf 79' lang='lat' dir='ltr'>rusticarum</span> <span class='ocrx_word' id='word_1_332' title='bbox 1002 4560 1042 4618; x_wconf 95' lang='lat' dir='ltr'><em>I</em></span> <span class='ocrx_word' id='word_1_333' title='bbox 1063 4566 1121 4620; x_wconf 86' lang='lat' dir='ltr'>et</span> <span class='ocrx_word' id='word_1_334' title='bbox 1149 4560 1269 4619; x_wconf 91' lang='lat' dir='ltr'>III.</span> <span class='ocrx_word' id='word_1_335' title='bbox 1305 4591 1378 4601; x_wconf 95' lang='lat'>—</span> <span class='ocrx_word' id='word_1_336' title='bbox 1415 4562 1700 4619; x_wconf 84' lang='lat' dir='ltr'>materies</span> <span class='ocrx_word' id='word_1_337' title='bbox 1739 4559 1865 4618; x_wconf 92' lang='lat' dir='ltr'>sine</span> <span class='ocrx_word' id='word_1_338' title='bbox 1903 4558 2297 4638; x_wconf 88' lang='lat' dir='ltr'>discrepantia</span> <span class='ocrx_word' id='word_1_339' title='bbox 2335 4557 2623 4618; x_wconf 88' lang='lat' dir='ltr'>librorum</span> <span class='ocrx_word' id='word_1_340' title='bbox 2659 4558 2868 4638; x_wconf 84' lang='lat' dir='ltr'>legitur</span> 
     </span>
    </p>
   </div>
  </div>
 </body>
</html>
