<?xml version="1.0" encoding="UTF-8"?>
<!DOCTYPE html PUBLIC "-//W3C//DTD XHTML 1.0 Transitional//EN"
    "http://www.w3.org/TR/xhtml1/DTD/xhtml1-transitional.dtd">
<html xmlns="http://www.w3.org/1999/xhtml" xml:lang="en" lang="en">
 <head>
  <title>
</title>
<meta http-equiv="Content-Type" content="text/html;charset=utf-8" />
  <meta name='ocr-system' content='tesseract 3.04.00' />
  <meta name='ocr-capabilities' content='ocr_page ocr_carea ocr_par ocr_line ocrx_word'/>
</head>
<body>
  <div class='ocr_page' id='page_1' title='image "./mporcicatonisde01catogoog_0416.png"; bbox 0 0 3178 5185; ppageno 0'>
   <div class='ocr_carea' id='block_1_1' title="bbox 451 4241 460 4276">
    <p class='ocr_par' dir='ltr' id='par_1_1' title="bbox 451 4241 460 4276">
     <span class='ocr_line' id='line_1_1' title="bbox 451 4241 460 4276; baseline 0 0"><span class='ocrx_word' id='word_1_1' title='bbox 451 4241 460 4276; x_wconf 66' lang='lat' dir='ltr'><em>i</em></span> 
     </span>
    </p>
   </div>
   <div class='ocr_carea' id='block_1_2' title="bbox 609 395 2211 460">
    <p class='ocr_par' dir='ltr' id='par_1_2' title="bbox 609 395 2211 460">
     <span class='ocr_line' id='line_1_2' title="bbox 609 395 2211 460; baseline -0.001 -2"><span class='ocrx_word' id='word_1_2' title='bbox 609 395 734 460; x_wconf 80' lang='grc'><em>162</em></span> <span class='ocrx_word' id='word_1_3' title='bbox 1291 403 1672 458; x_wconf 81' lang='grc' dir='ltr'><strong>ΟΟΜΜΕΝΤ.</strong></span> <span class='ocrx_word' id='word_1_4' title='bbox 1710 403 1791 457; x_wconf 88' lang='lat' dir='ltr'><em>IN</em></span> <span class='ocrx_word' id='word_1_5' title='bbox 1836 402 2211 458; x_wconf 81' lang='lat' dir='ltr'><strong>VARRONIS</strong></span> 
     </span>
    </p>
   </div>
   <div class='ocr_carea' id='block_1_3' title="bbox 596 557 2887 962">
    <p class='ocr_par' dir='ltr' id='par_1_3' title="bbox 596 557 2887 961">
     <span class='ocr_line' id='line_1_3' title="bbox 606 557 2883 641; baseline 0 -23"><span class='ocrx_word' id='word_1_6' title='bbox 606 577 793 633; x_wconf 84' lang='lat' dir='ltr'><em>usque</em></span> <span class='ocrx_word' id='word_1_7' title='bbox 847 561 1000 619; x_wconf 85' lang='lat' dir='ltr'><em>adeo</em></span> <span class='ocrx_word' id='word_1_8' title='bbox 1047 557 1299 620; x_wconf 88' lang='lat' dir='ltr'><em>Ursinus</em></span> <span class='ocrx_word' id='word_1_9' title='bbox 1307 606 1326 641; x_wconf 96' lang='lat'><em>,</em></span> <span class='ocrx_word' id='word_1_10' title='bbox 1381 562 1630 622; x_wconf 87' lang='lat' dir='ltr'><em>insalita</em></span> <span class='ocrx_word' id='word_1_11' title='bbox 1686 562 1749 620; x_wconf 90' lang='lat' dir='ltr'><em>in</em></span> <span class='ocrx_word' id='word_1_12' title='bbox 1803 562 2073 635; x_wconf 89' lang='lat' dir='ltr'><em>scrobes,</em></span> <span class='ocrx_word' id='word_1_13' title='bbox 2122 567 2300 620; x_wconf 87' lang='lat' dir='ltr'><em>terna</em></span> <span class='ocrx_word' id='word_1_14' title='bbox 2358 564 2540 633; x_wconf 82' lang='lat' dir='ltr'><em>atque</em></span> <span class='ocrx_word' id='word_1_15' title='bbox 2587 564 2883 633; x_wconf 82' lang='lat' dir='ltr'><em>quaterna</em></span> 
     </span>
     <span class='ocr_line' id='line_1_4' title="bbox 602 665 2885 748; baseline 0 -23"><span class='ocrx_word' id='word_1_16' title='bbox 602 669 808 748; x_wconf 82' lang='lat' dir='ltr'><em>millia,</em></span> <span class='ocrx_word' id='word_1_17' title='bbox 852 667 1052 727; x_wconf 83' lang='lat' dir='ltr'><em>Gallia</em></span> <span class='ocrx_word' id='word_1_18' title='bbox 1098 670 1409 728; x_wconf 82' lang='lat' dir='ltr'><em>succidias</em></span> <span class='ocrx_word' id='word_1_19' title='bbox 1454 669 1702 742; x_wconf 81' lang='lat' dir='ltr'><em>habere,</em></span> <span class='ocrx_word' id='word_1_20' title='bbox 1740 685 1842 728; x_wconf 93' lang='lat' dir='ltr'><em>sus</em></span> <span class='ocrx_word' id='word_1_21' title='bbox 1880 685 2070 742; x_wconf 83' lang='lat' dir='ltr'><em>usque</em></span> <span class='ocrx_word' id='word_1_22' title='bbox 2108 670 2260 726; x_wconf 84' lang='lat' dir='ltr'><em>adeo</em></span> <span class='ocrx_word' id='word_1_23' title='bbox 2298 665 2536 746; x_wconf 91' lang='lat' dir='ltr'><em>Popma,</em></span> <span class='ocrx_word' id='word_1_24' title='bbox 2585 667 2648 725; x_wconf 92' lang='lat' dir='ltr'><em>in</em></span> <span class='ocrx_word' id='word_1_25' title='bbox 2693 667 2885 727; x_wconf 86' lang='lat' dir='ltr'><em>Gallia</em></span> 
     </span>
     <span class='ocr_line' id='line_1_5' title="bbox 601 774 2885 850; baseline 0 -16"><span class='ocrx_word' id='word_1_26' title='bbox 601 774 891 835; x_wconf 83' lang='lat' dir='ltr'><em>Insubres</em></span> <span class='ocrx_word' id='word_1_27' title='bbox 947 782 1125 836; x_wconf 89' lang='lat' dir='ltr'><em>terna</em></span> <span class='ocrx_word' id='word_1_28' title='bbox 1183 781 1365 850; x_wconf 85' lang='lat' dir='ltr'><em>atque</em></span> <span class='ocrx_word' id='word_1_29' title='bbox 1419 781 1723 850; x_wconf 83' lang='lat' dir='ltr'><em>quaterna</em></span> <span class='ocrx_word' id='word_1_30' title='bbox 1787 777 1976 835; x_wconf 85' lang='lat' dir='ltr'><em>millia</em></span> <span class='ocrx_word' id='word_1_31' title='bbox 2041 776 2236 835; x_wconf 85' lang='lat' dir='ltr'><em>lautia</em></span> <span class='ocrx_word' id='word_1_32' title='bbox 2299 775 2583 834; x_wconf 77' lang='lat' dir='ltr'><em>succidia</em></span> <span class='ocrx_word' id='word_1_33' title='bbox 2648 774 2885 834; x_wconf 80' lang='lat' dir='ltr'><em>habere.</em></span> 
     </span>
     <span class='ocr_line' id='line_1_6' title="bbox 596 878 2887 962; baseline -0 -21"><span class='ocrx_word' id='word_1_34' title='bbox 596 899 699 942; x_wconf 88' lang='lat' dir='ltr'><em>sus</em></span> <span class='ocrx_word' id='word_1_35' title='bbox 763 900 953 957; x_wconf 83' lang='lat' dir='ltr'><em>usque</em></span> <span class='ocrx_word' id='word_1_36' title='bbox 1018 885 1172 943; x_wconf 87' lang='lat' dir='ltr'><em>adeo</em></span> <span class='ocrx_word' id='word_1_37' title='bbox 1235 882 1567 943; x_wconf 82' lang='lat' dir='ltr'><strong>Pontedera</strong></span> <span class='ocrx_word' id='word_1_38' title='bbox 1622 901 1677 961; x_wconf 92' lang='lat' dir='ltr'><em>p.</em></span> <span class='ocrx_word' id='word_1_39' title='bbox 1717 878 1875 962; x_wconf 84' lang='lat'><em>426,</em></span> <span class='ocrx_word' id='word_1_40' title='bbox 1942 885 2006 942; x_wconf 90' lang='lat' dir='ltr'><em>in</em></span> <span class='ocrx_word' id='word_1_41' title='bbox 2063 883 2309 942; x_wconf 88' lang='lat' dir='ltr'><em>Italiam</em></span> <span class='ocrx_word' id='word_1_42' title='bbox 2367 881 2658 941; x_wconf 82' lang='lat' dir='ltr'><em>Insubres</em></span> <span class='ocrx_word' id='word_1_43' title='bbox 2716 888 2887 941; x_wconf 89' lang='lat' dir='ltr'><em>terna</em></span> 
     </span>
    </p>
   </div>
   <div class='ocr_carea' id='block_1_4' title="bbox 600 978 3011 1064">
    <p class='ocr_par' dir='ltr' id='par_1_4' title="bbox 600 978 3011 1064">
     <span class='ocr_line' id='line_1_7' title="bbox 600 978 3011 1064; baseline -0 -16"><span class='ocrx_word' id='word_1_44' title='bbox 600 994 783 1062; x_wconf 82' lang='lat' dir='ltr'><em>atque</em></span> <span class='ocrx_word' id='word_1_45' title='bbox 841 996 1145 1064; x_wconf 85' lang='lat' dir='ltr'><em>quaterna</em></span> <span class='ocrx_word' id='word_1_46' title='bbox 1200 993 1367 1050; x_wconf 86' lang='lat' dir='ltr'><em>milia</em></span> <span class='ocrx_word' id='word_1_47' title='bbox 1430 992 1850 1051; x_wconf 84' lang='lat' dir='ltr'><em>succidiarum</em></span> <span class='ocrx_word' id='word_1_48' title='bbox 1917 990 2254 1059; x_wconf 81' lang='lat' dir='ltr'><em>advehere;</em></span> <span class='ocrx_word' id='word_1_49' title='bbox 2315 1006 2419 1048; x_wconf 86' lang='lat' dir='ltr'><em>sus</em></span> <span class='ocrx_word' id='word_1_50' title='bbox 2484 1005 2676 1063; x_wconf 83' lang='lat' dir='ltr'><em>usque</em></span> <span class='ocrx_word' id='word_1_51' title='bbox 2741 989 2888 1047; x_wconf 81' lang='lat' dir='ltr'><em>adeo</em></span> <span class='ocrx_word' id='word_1_52' title='bbox 3004 978 3011 988; x_wconf 79' lang='lat'>&#39;</span> 
     </span>
    </p>
   </div>
   <div class='ocr_carea' id='block_1_5' title="bbox 592 1082 2890 2460">
    <p class='ocr_par' dir='ltr' id='par_1_5' title="bbox 592 1082 2890 2243">
     <span class='ocr_line' id='line_1_8' title="bbox 598 1082 2890 1177; baseline 0.001 -23"><span class='ocrx_word' id='word_1_53' title='bbox 598 1093 884 1156; x_wconf 87' lang='lat' dir='ltr'><em>lordanus</em></span> <span class='ocrx_word' id='word_1_54' title='bbox 949 1082 1149 1157; x_wconf 88' lang='lat' dir='ltr'><em>Caton.</em></span> <span class='ocrx_word' id='word_1_55' title='bbox 1202 1096 1407 1173; x_wconf 84' lang='lat' dir='ltr'><strong>fragm.</strong></span> <span class='ocrx_word' id='word_1_56' title='bbox 1453 1114 1510 1174; x_wconf 93' lang='lat' dir='ltr'><em>p.</em></span> <span class='ocrx_word' id='word_1_57' title='bbox 1553 1092 1663 1177; x_wconf 86' lang='lat'><em>11,</em></span> <span class='ocrx_word' id='word_1_58' title='bbox 1728 1099 1790 1157; x_wconf 88' lang='lat' dir='ltr'><em>in</em></span> <span class='ocrx_word' id='word_1_59' title='bbox 1853 1097 2052 1156; x_wconf 87' lang='lat' dir='ltr'><em>Gallia</em></span> <span class='ocrx_word' id='word_1_60' title='bbox 2110 1095 2401 1156; x_wconf 82' lang='lat' dir='ltr'><em>Insubres</em></span> <span class='ocrx_word' id='word_1_61' title='bbox 2465 1101 2646 1157; x_wconf 86' lang='lat' dir='ltr'><em>terna</em></span> <span class='ocrx_word' id='word_1_62' title='bbox 2714 1103 2890 1171; x_wconf 83' lang='lat' dir='ltr'><em>atque</em></span> 
     </span>
     <span class='ocr_line' id='line_1_9' title="bbox 598 1199 2889 1277; baseline -0.001 -16"><span class='ocrx_word' id='word_1_63' title='bbox 598 1209 905 1276; x_wconf 83' lang='lat' dir='ltr'><em>quaterna</em></span> <span class='ocrx_word' id='word_1_64' title='bbox 972 1206 1139 1264; x_wconf 88' lang='lat' dir='ltr'><em>milia</em></span> <span class='ocrx_word' id='word_1_65' title='bbox 1203 1205 1431 1263; x_wconf 87' lang='lat' dir='ltr'><em>saliunt</em></span> <span class='ocrx_word' id='word_1_66' title='bbox 1492 1205 1941 1263; x_wconf 83' lang='lat' dir='ltr'><em>succidiarum:</em></span> <span class='ocrx_word' id='word_1_67' title='bbox 2004 1221 2108 1264; x_wconf 88' lang='lat' dir='ltr'><em>sus</em></span> <span class='ocrx_word' id='word_1_68' title='bbox 2171 1220 2360 1277; x_wconf 83' lang='lat' dir='ltr'><em>usque</em></span> <span class='ocrx_word' id='word_1_69' title='bbox 2424 1204 2578 1262; x_wconf 84' lang='lat' dir='ltr'><em>adeo</em></span> <span class='ocrx_word' id='word_1_70' title='bbox 2642 1199 2889 1261; x_wconf 85' lang='lat' dir='ltr'><em>Peterus</em></span> 
     </span>
     <span class='ocr_line' id='line_1_10' title="bbox 595 1306 2886 1389; baseline 0 -22"><span class='ocrx_word' id='word_1_71' title='bbox 595 1308 802 1369; x_wconf 85' lang='lat' dir='ltr'><em>histor.</em></span> <span class='ocrx_word' id='word_1_72' title='bbox 842 1308 1087 1370; x_wconf 85' lang='lat' dir='ltr'><em>Roman.</em></span> <span class='ocrx_word' id='word_1_73' title='bbox 1125 1310 1229 1370; x_wconf 89' lang='lat' dir='ltr'><em>rel.</em></span> <span class='ocrx_word' id='word_1_74' title='bbox 1259 1309 1367 1370; x_wconf 85' lang='lat' dir='ltr'><em>v.1</em></span> <span class='ocrx_word' id='word_1_75' title='bbox 1404 1329 1459 1389; x_wconf 89' lang='lat' dir='ltr'><em>p.</em></span> <span class='ocrx_word' id='word_1_76' title='bbox 1492 1306 1594 1370; x_wconf 83' lang='lat'><em>62.</em></span> <span class='ocrx_word' id='word_1_77' title='bbox 1649 1309 1933 1370; x_wconf 84' lang='lat' dir='ltr'><em>Insubres</em></span> <span class='ocrx_word' id='word_1_78' title='bbox 1969 1310 2031 1369; x_wconf 91' lang='lat' dir='ltr'><em>in</em></span> <span class='ocrx_word' id='word_1_79' title='bbox 2060 1308 2221 1369; x_wconf 90' lang='lat' dir='ltr'><em>Italia</em></span> <span class='ocrx_word' id='word_1_80' title='bbox 2260 1307 2597 1369; x_wconf 84' lang='lat' dir='ltr'><em>habitantes</em></span> <span class='ocrx_word' id='word_1_81' title='bbox 2636 1309 2886 1388; x_wconf 90' lang='lat' dir='ltr'><em>scripse-</em></span> 
     </span>
     <span class='ocr_line' id='line_1_11' title="bbox 600 1415 2888 1497; baseline -0 -21"><span class='ocrx_word' id='word_1_82' title='bbox 600 1425 691 1476; x_wconf 85' lang='lat' dir='ltr'><em>rat</em></span> <span class='ocrx_word' id='word_1_83' title='bbox 738 1415 898 1497; x_wconf 90' lang='lat' dir='ltr'><em>Cato,</em></span> <span class='ocrx_word' id='word_1_84' title='bbox 946 1419 1050 1495; x_wconf 90' lang='lat' dir='ltr'><em>qui</em></span> <span class='ocrx_word' id='word_1_85' title='bbox 1097 1418 1400 1496; x_wconf 85' lang='lat' dir='ltr'><em>regionem</em></span> <span class='ocrx_word' id='word_1_86' title='bbox 1446 1416 1647 1477; x_wconf 87' lang='lat' dir='ltr'><em>Italiae</em></span> <span class='ocrx_word' id='word_1_87' title='bbox 1698 1419 1935 1478; x_wconf 91' lang='lat' dir='ltr'><em>nomine</em></span> <span class='ocrx_word' id='word_1_88' title='bbox 1984 1416 2499 1497; x_wconf 83' lang='lat' dir='ltr'><em>comprehensam,</em></span> <span class='ocrx_word' id='word_1_89' title='bbox 2548 1434 2668 1476; x_wconf 92' lang='lat' dir='ltr'><em>non</em></span> <span class='ocrx_word' id='word_1_90' title='bbox 2719 1417 2888 1493; x_wconf 91' lang='lat' dir='ltr'><em>origi-</em></span> 
     </span>
     <span class='ocr_line' id='line_1_12' title="bbox 596 1516 2887 1605; baseline -0 -22"><span class='ocrx_word' id='word_1_91' title='bbox 596 1541 732 1583; x_wconf 87' lang='lat' dir='ltr'><em>nem</em></span> <span class='ocrx_word' id='word_1_92' title='bbox 792 1525 985 1602; x_wconf 87' lang='lat' dir='ltr'><em>gentis</em></span> <span class='ocrx_word' id='word_1_93' title='bbox 1044 1523 1373 1603; x_wconf 83' lang='lat' dir='ltr'><em>spectabat:</em></span> <span class='ocrx_word' id='word_1_94' title='bbox 1437 1523 1604 1585; x_wconf 76' lang='lat' dir='ltr'><em>SerV.</em></span> <span class='ocrx_word' id='word_1_95' title='bbox 1661 1526 1722 1584; x_wconf 91' lang='lat' dir='ltr'><em>in</em></span> <span class='ocrx_word' id='word_1_96' title='bbox 1769 1523 1938 1603; x_wconf 82' lang='lat' dir='ltr'><em>Verg.</em></span> <span class='ocrx_word' id='word_1_97' title='bbox 1985 1524 2126 1585; x_wconf 85' lang='lat' dir='ltr'><em>Aen.</em></span> <span class='ocrx_word' id='word_1_98' title='bbox 2166 1522 2217 1582; x_wconf 92' lang='lat' dir='ltr'>X</span> <span class='ocrx_word' id='word_1_99' title='bbox 2259 1520 2340 1584; x_wconf 84' lang='lat'><em>13</em></span> <span class='ocrx_word' id='word_1_100' title='bbox 2398 1516 2630 1605; x_wconf 84' lang='lat' dir='ltr'><em>(Caton.</em></span> <span class='ocrx_word' id='word_1_101' title='bbox 2688 1522 2887 1601; x_wconf 87' lang='lat' dir='ltr'><em>fragm.</em></span> 
     </span>
     <span class='ocr_line' id='line_1_13' title="bbox 599 1623 2886 1713; baseline -0 -24"><span class='ocrx_word' id='word_1_102' title='bbox 599 1631 744 1708; x_wconf 91' lang='lat' dir='ltr'><em>orig.</em></span> <span class='ocrx_word' id='word_1_103' title='bbox 774 1628 849 1690; x_wconf 94' lang='lat' dir='ltr'><em>IV</em></span> <span class='ocrx_word' id='word_1_104' title='bbox 881 1628 957 1691; x_wconf 90' lang='lat'><em>11</em></span> <span class='ocrx_word' id='word_1_105' title='bbox 1003 1629 1091 1691; x_wconf 90' lang='lat' dir='ltr'><em>ed.</em></span> <span class='ocrx_word' id='word_1_106' title='bbox 1130 1623 1391 1713; x_wconf 90' lang='lat' dir='ltr'><em>Iordan).</em></span> <span class='ocrx_word' id='word_1_107' title='bbox 1450 1631 1690 1692; x_wconf 91' lang='lat' dir='ltr'><em>eosdem</em></span> <span class='ocrx_word' id='word_1_108' title='bbox 1730 1630 1913 1690; x_wconf 88' lang='lat' dir='ltr'><em>Varro</em></span> <span class='ocrx_word' id='word_1_109' title='bbox 1954 1648 2094 1691; x_wconf 89' lang='lat' dir='ltr'><em>suae</em></span> <span class='ocrx_word' id='word_1_110' title='bbox 2133 1632 2341 1690; x_wconf 85' lang='lat' dir='ltr'><em>aetatis</em></span> <span class='ocrx_word' id='word_1_111' title='bbox 2379 1648 2607 1690; x_wconf 90' lang='lat' dir='ltr'><em>morem</em></span> <span class='ocrx_word' id='word_1_112' title='bbox 2647 1637 2886 1691; x_wconf 89' lang='lat' dir='ltr'><em>secutus</em></span> 
     </span>
     <span class='ocr_line' id='line_1_14' title="bbox 602 1736 2884 1817; baseline -0 -21"><span class='ocrx_word' id='word_1_113' title='bbox 602 1737 819 1797; x_wconf 89' lang='lat' dir='ltr'><em>Galliae</em></span> <span class='ocrx_word' id='word_1_114' title='bbox 866 1736 1093 1798; x_wconf 90' lang='lat' dir='ltr'><em>tribuit.</em></span> <span class='ocrx_word' id='word_1_115' title='bbox 1186 1737 1401 1798; x_wconf 89' lang='lat' dir='ltr'><em>deinde</em></span> <span class='ocrx_word' id='word_1_116' title='bbox 1447 1737 1521 1798; x_wconf 91' lang='lat' dir='ltr'><em>de</em></span> <span class='ocrx_word' id='word_1_117' title='bbox 1570 1736 1849 1798; x_wconf 88' lang='lat' dir='ltr'><em>saliendis</em></span> <span class='ocrx_word' id='word_1_118' title='bbox 1896 1739 2097 1817; x_wconf 90' lang='lat' dir='ltr'><em>pernis</em></span> <span class='ocrx_word' id='word_1_119' title='bbox 2144 1736 2290 1798; x_wconf 91' lang='lat' dir='ltr'><em>haec</em></span> <span class='ocrx_word' id='word_1_120' title='bbox 2347 1736 2502 1798; x_wconf 87' lang='lat' dir='ltr'><em>dicta</em></span> <span class='ocrx_word' id='word_1_121' title='bbox 2564 1755 2698 1797; x_wconf 89' lang='lat' dir='ltr'><em>esse</em></span> <span class='ocrx_word' id='word_1_122' title='bbox 2756 1755 2884 1816; x_wconf 89' lang='lat' dir='ltr'><em>pro-</em></span> 
     </span>
     <span class='ocr_line' id='line_1_15' title="bbox 596 1843 2881 1924; baseline -0.001 -19"><span class='ocrx_word' id='word_1_123' title='bbox 596 1844 871 1905; x_wconf 89' lang='lat' dir='ltr'><em>babiliter</em></span> <span class='ocrx_word' id='word_1_124' title='bbox 909 1843 1159 1913; x_wconf 89' lang='lat' dir='ltr'><em>Peterus</em></span> <span class='ocrx_word' id='word_1_125' title='bbox 1197 1846 1467 1906; x_wconf 90' lang='lat' dir='ltr'><em>coniecit.</em></span> <span class='ocrx_word' id='word_1_126' title='bbox 1541 1847 1742 1924; x_wconf 91' lang='lat' dir='ltr'><em>itaque</em></span> <span class='ocrx_word' id='word_1_127' title='bbox 1783 1844 1976 1905; x_wconf 90' lang='lat' dir='ltr'><em>deleto</em></span> <span class='ocrx_word' id='word_1_128' title='bbox 2016 1864 2066 1904; x_wconf 88' lang='lat' dir='ltr'><em>v.</em></span> <span class='ocrx_word' id='word_1_129' title='bbox 2116 1848 2302 1920; x_wconf 84' lang='lat' dir='ltr'><em>aulia,</em></span> <span class='ocrx_word' id='word_1_130' title='bbox 2342 1844 2498 1923; x_wconf 90' lang='lat' dir='ltr'><em>quod</em></span> <span class='ocrx_word' id='word_1_131' title='bbox 2549 1864 2621 1905; x_wconf 86' lang='lat' dir='ltr'><em>ex</em></span> <span class='ocrx_word' id='word_1_132' title='bbox 2668 1845 2881 1924; x_wconf 89' lang='lat' dir='ltr'><em>repeti-</em></span> 
     </span>
     <span class='ocr_line' id='line_1_16' title="bbox 600 1951 2886 2033; baseline -0.001 -20"><span class='ocrx_word' id='word_1_133' title='bbox 600 1954 761 2013; x_wconf 90' lang='lat' dir='ltr'><em>tione</em></span> <span class='ocrx_word' id='word_1_134' title='bbox 823 1952 1234 2031; x_wconf 91' lang='lat' dir='ltr'><em>praecedentis</em></span> <span class='ocrx_word' id='word_1_135' title='bbox 1281 1951 1552 2014; x_wconf 83' lang='lat' dir='ltr'><em>vocabuli</em></span> <span class='ocrx_word' id='word_1_136' title='bbox 1598 1955 1767 2013; x_wconf 87' lang='lat' dir='ltr'><em>milia</em></span> <span class='ocrx_word' id='word_1_137' title='bbox 1814 1960 2012 2014; x_wconf 85' lang='lat' dir='ltr'><em>ortum</em></span> <span class='ocrx_word' id='word_1_138' title='bbox 2061 1970 2191 2012; x_wconf 91' lang='lat' dir='ltr'><em>esse</em></span> <span class='ocrx_word' id='word_1_139' title='bbox 2248 1952 2510 2033; x_wconf 86' lang='lat' dir='ltr'><em>videtur,</em></span> <span class='ocrx_word' id='word_1_140' title='bbox 2557 1952 2774 2030; x_wconf 89' lang='lat' dir='ltr'><em>scripsi</em></span> <span class='ocrx_word' id='word_1_141' title='bbox 2829 1954 2886 2011; x_wconf 87' lang='lat' dir='ltr'><em>in</em></span> 
     </span>
     <span class='ocr_line' id='line_1_17' title="bbox 596 2059 2883 2136; baseline -0 -16"><span class='ocrx_word' id='word_1_142' title='bbox 596 2061 782 2120; x_wconf 88' lang='lat' dir='ltr'><em>Italia</em></span> <span class='ocrx_word' id='word_1_143' title='bbox 822 2059 1113 2121; x_wconf 86' lang='lat' dir='ltr'><em>Insubres</em></span> <span class='ocrx_word' id='word_1_144' title='bbox 1161 2067 1339 2120; x_wconf 90' lang='lat' dir='ltr'><em>terna</em></span> <span class='ocrx_word' id='word_1_145' title='bbox 1387 2066 1571 2135; x_wconf 83' lang='lat' dir='ltr'><em>atque</em></span> <span class='ocrx_word' id='word_1_146' title='bbox 1617 2066 1922 2136; x_wconf 83' lang='lat' dir='ltr'><em>quaterna</em></span> <span class='ocrx_word' id='word_1_147' title='bbox 1970 2062 2140 2120; x_wconf 86' lang='lat' dir='ltr'><em>milia</em></span> <span class='ocrx_word' id='word_1_148' title='bbox 2185 2061 2605 2121; x_wconf 84' lang='lat' dir='ltr'><em>succidiarum</em></span> <span class='ocrx_word' id='word_1_149' title='bbox 2650 2062 2883 2131; x_wconf 74' lang='lat' dir='ltr'><em>saliere,</em></span> 
     </span>
     <span class='ocr_line' id='line_1_18' title="bbox 592 2169 2144 2243; baseline -0.003 -12"><span class='ocrx_word' id='word_1_150' title='bbox 592 2186 696 2233; x_wconf 79' lang='lat' dir='ltr'><em>sus</em></span> <span class='ocrx_word' id='word_1_151' title='bbox 741 2185 931 2242; x_wconf 83' lang='lat' dir='ltr'><em>usque</em></span> <span class='ocrx_word' id='word_1_152' title='bbox 978 2169 1132 2228; x_wconf 85' lang='lat' dir='ltr'><em>adeo</em></span> <span class='ocrx_word' id='word_1_153' title='bbox 1171 2169 1608 2243; x_wconf 73' lang='lat' dir='ltr'><em>pinquitudine</em></span> <span class='ocrx_word' id='word_1_154' title='bbox 1653 2185 1937 2229; x_wconf 88' lang='lat' dir='ltr'><em>crescere</em></span> <span class='ocrx_word' id='word_1_155' title='bbox 1981 2170 2144 2228; x_wconf 87' lang='lat' dir='ltr'><em>solet.</em></span> 
     </span>
    </p>

    <p class='ocr_par' dir='ltr' id='par_1_6' title="bbox 593 2271 2883 2460">
     <span class='ocr_line' id='line_1_19' title="bbox 773 2271 2881 2353; baseline -0.001 -19"><span class='ocrx_word' id='word_1_156' title='bbox 773 2273 1020 2352; x_wconf 90' lang='lat' dir='ltr'><em>Siquis</em></span> <span class='ocrx_word' id='word_1_157' title='bbox 1067 2292 1203 2352; x_wconf 88' lang='lat' dir='ltr'><em>quo</em></span> <span class='ocrx_word' id='word_1_158' title='bbox 1250 2276 1569 2335; x_wconf 83' lang='lat' dir='ltr'><em>traicere</em></span> <span class='ocrx_word' id='word_1_159' title='bbox 1618 2271 1852 2352; x_wconf 88' lang='lat' dir='ltr'><em>uolet]</em></span> <span class='ocrx_word' id='word_1_160' title='bbox 1915 2274 2069 2334; x_wconf 85' lang='lat' dir='ltr'><em>Velit</em></span> <span class='ocrx_word' id='word_1_161' title='bbox 2111 2272 2355 2353; x_wconf 86' lang='lat' dir='ltr'><em>Merula,</em></span> <span class='ocrx_word' id='word_1_162' title='bbox 2406 2276 2534 2334; x_wconf 84' lang='lat' dir='ltr'><em>vult</em></span> <span class='ocrx_word' id='word_1_163' title='bbox 2578 2271 2881 2333; x_wconf 76' lang='lat' dir='ltr'><em>Victorius,</em></span> 
     </span>
     <span class='ocr_line' id='line_1_20' title="bbox 593 2379 2883 2460; baseline -0.001 -19"><span class='ocrx_word' id='word_1_164' title='bbox 593 2399 703 2460; x_wconf 94' lang='lat' dir='ltr'><em>pro</em></span> <span class='ocrx_word' id='word_1_165' title='bbox 749 2380 863 2441; x_wconf 90' lang='lat' dir='ltr'><em>hoc</em></span> <span class='ocrx_word' id='word_1_166' title='bbox 909 2384 1031 2442; x_wconf 85' lang='lat' dir='ltr'><em>volt</em></span> <span class='ocrx_word' id='word_1_167' title='bbox 1074 2379 1454 2441; x_wconf 90' lang='lat' dir='ltr'><em>scribendum</em></span> <span class='ocrx_word' id='word_1_168' title='bbox 1494 2399 1627 2441; x_wconf 91' lang='lat' dir='ltr'><em>esse</em></span> <span class='ocrx_word' id='word_1_169' title='bbox 1669 2380 1812 2441; x_wconf 87' lang='lat' dir='ltr'><em>vidit</em></span> <span class='ocrx_word' id='word_1_170' title='bbox 1848 2380 2134 2441; x_wconf 87' lang='lat' dir='ltr'><em>Iordanus</em></span> <span class='ocrx_word' id='word_1_171' title='bbox 2180 2380 2216 2440; x_wconf 90' lang='lat' dir='ltr'><em>l.</em></span> <span class='ocrx_word' id='word_1_172' title='bbox 2248 2399 2299 2442; x_wconf 92' lang='lat' dir='ltr'><em>c.</em></span> <span class='ocrx_word' id='word_1_173' title='bbox 2336 2380 2550 2441; x_wconf 91' lang='lat' dir='ltr'><em>deinde</em></span> <span class='ocrx_word' id='word_1_174' title='bbox 2598 2383 2883 2441; x_wconf 87' lang='lat' dir='ltr'><em>ulteriore</em></span> 
     </span>
    </p>
   </div>
   <div class='ocr_carea' id='block_1_6' title="bbox 509 2486 2878 2570">
    <p class='ocr_par' dir='ltr' id='par_1_7' title="bbox 509 2486 2878 2570">
     <span class='ocr_line' id='line_1_21' title="bbox 509 2486 2878 2570; baseline -0.002 -21"><span class='ocrx_word' id='word_1_175' title='bbox 509 2520 514 2521; x_wconf 28' lang='lat' dir='ltr'><em>ff</em></span> <span class='ocrx_word' id='word_1_176' title='bbox 596 2496 732 2567; x_wconf 91' lang='lat' dir='ltr'><em>post</em></span> <span class='ocrx_word' id='word_1_177' title='bbox 767 2488 1092 2548; x_wconf 84' lang='lat' dir='ltr'><em>Lusitania</em></span> <span class='ocrx_word' id='word_1_178' title='bbox 1130 2489 1329 2566; x_wconf 87' lang='lat' dir='ltr'><em>inepte</em></span> <span class='ocrx_word' id='word_1_179' title='bbox 1369 2490 1709 2570; x_wconf 90' lang='lat' dir='ltr'><em>repetitum,</em></span> <span class='ocrx_word' id='word_1_180' title='bbox 1749 2487 1907 2566; x_wconf 91' lang='lat' dir='ltr'><em>quod</em></span> <span class='ocrx_word' id='word_1_181' title='bbox 1955 2487 2188 2567; x_wconf 87' lang='lat' dir='ltr'><em>inclusi,</em></span> <span class='ocrx_word' id='word_1_182' title='bbox 2226 2486 2530 2548; x_wconf 88' lang='lat' dir='ltr'><em>Iucundus</em></span> <span class='ocrx_word' id='word_1_183' title='bbox 2568 2486 2878 2548; x_wconf 83' lang='lat' dir='ltr'><em>deleverat.</em></span> 
     </span>
    </p>
   </div>
   <div class='ocr_carea' id='block_1_7' title="bbox 577 2595 2881 4611">
    <p class='ocr_par' dir='ltr' id='par_1_8' title="bbox 595 2595 2881 2890">
     <span class='ocr_line' id='line_1_22' title="bbox 784 2595 2879 2675; baseline 0 -20"><span class='ocrx_word' id='word_1_184' title='bbox 784 2596 1091 2657; x_wconf 87' lang='lat' dir='ltr'><em>Volumnio</em></span> <span class='ocrx_word' id='word_1_185' title='bbox 1147 2614 1218 2656; x_wconf 83' lang='lat' dir='ltr'><em>ex</em></span> <span class='ocrx_word' id='word_1_186' title='bbox 1283 2595 1487 2657; x_wconf 86' lang='lat' dir='ltr'><em>codice</em></span> <span class='ocrx_word' id='word_1_187' title='bbox 1542 2615 1601 2656; x_wconf 91' lang='lat' dir='ltr'><em>m</em></span> <span class='ocrx_word' id='word_1_188' title='bbox 1667 2598 1728 2656; x_wconf 91' lang='lat' dir='ltr'><em>in</em></span> <span class='ocrx_word' id='word_1_189' title='bbox 1796 2598 2127 2675; x_wconf 87' lang='lat' dir='ltr'><em>principem</em></span> <span class='ocrx_word' id='word_1_190' title='bbox 2193 2596 2512 2657; x_wconf 87' lang='lat' dir='ltr'><em>editionem</em></span> <span class='ocrx_word' id='word_1_191' title='bbox 2579 2604 2879 2675; x_wconf 88' lang='lat' dir='ltr'><em>receptum</em></span> 
     </span>
     <span class='ocr_line' id='line_1_23' title="bbox 597 2702 2881 2784; baseline -0.002 -19"><span class='ocrx_word' id='word_1_192' title='bbox 597 2722 789 2783; x_wconf 90' lang='lat' dir='ltr'><em>neque</em></span> <span class='ocrx_word' id='word_1_193' title='bbox 829 2722 860 2763; x_wconf 98' lang='lat' dir='ltr'><em>a</em></span> <span class='ocrx_word' id='word_1_194' title='bbox 899 2702 1187 2775; x_wconf 87' lang='lat' dir='ltr'><em>Politiano</em></span> <span class='ocrx_word' id='word_1_195' title='bbox 1235 2710 1525 2764; x_wconf 88' lang='lat' dir='ltr'><em>mutatum</em></span> <span class='ocrx_word' id='word_1_196' title='bbox 1566 2711 1677 2784; x_wconf 92' lang='lat' dir='ltr'><em>est,</em></span> <span class='ocrx_word' id='word_1_197' title='bbox 1714 2706 2041 2779; x_wconf 87' lang='lat' dir='ltr'><em>ualumnio,</em></span> <span class='ocrx_word' id='word_1_198' title='bbox 2081 2702 2240 2782; x_wconf 89' lang='lat' dir='ltr'><em>quod</em></span> <span class='ocrx_word' id='word_1_199' title='bbox 2278 2702 2500 2763; x_wconf 91' lang='lat' dir='ltr'><em>hahent</em></span> <span class='ocrx_word' id='word_1_200' title='bbox 2537 2702 2881 2782; x_wconf 88' lang='lat' dir='ltr'><em>apographa,</em></span> 
     </span>
     <span class='ocr_line' id='line_1_24' title="bbox 595 2810 1552 2890; baseline -0.001 -19"><span class='ocrx_word' id='word_1_201' title='bbox 595 2813 657 2871; x_wconf 91' lang='lat' dir='ltr'><em>in</em></span> <span class='ocrx_word' id='word_1_202' title='bbox 705 2810 1024 2890; x_wconf 80' lang='lat' dir='ltr'><em>archetypo</em></span> <span class='ocrx_word' id='word_1_203' title='bbox 1074 2813 1360 2890; x_wconf 88' lang='lat' dir='ltr'><em>scriptum</em></span> <span class='ocrx_word' id='word_1_204' title='bbox 1410 2818 1552 2871; x_wconf 91' lang='lat' dir='ltr'><em>erat.</em></span> 
     </span>
    </p>

    <p class='ocr_par' dir='ltr' id='par_1_9' title="bbox 591 2915 2880 3424">
     <span class='ocr_line' id='line_1_25' title="bbox 779 2915 2874 2996; baseline 0 -18"><span class='ocrx_word' id='word_1_205' title='bbox 779 2915 859 2978; x_wconf 80' lang='lat'><em>12</em></span> <span class='ocrx_word' id='word_1_206' title='bbox 919 2916 1083 2978; x_wconf 90' lang='lat' dir='ltr'><em>Scio</em></span> <span class='ocrx_word' id='word_1_207' title='bbox 1130 2936 1234 2978; x_wconf 92' lang='lat' dir='ltr'><em>me</em></span> <span class='ocrx_word' id='word_1_208' title='bbox 1282 2936 1440 2979; x_wconf 89' lang='lat' dir='ltr'><em>esse</em></span> <span class='ocrx_word' id='word_1_209' title='bbox 1489 2924 1893 2996; x_wconf 88' lang='lat' dir='ltr'><em>spectatum</em></span> <span class='ocrx_word' id='word_1_210' title='bbox 1942 2915 2162 2995; x_wconf 90' lang='lat' dir='ltr'><em>suem]</em></span> <span class='ocrx_word' id='word_1_211' title='bbox 2205 2918 2347 2980; x_wconf 88' lang='lat' dir='ltr'><em>Scio</em></span> <span class='ocrx_word' id='word_1_212' title='bbox 2384 2936 2512 2979; x_wconf 90' lang='lat' dir='ltr'><em>esse</em></span> <span class='ocrx_word' id='word_1_213' title='bbox 2548 2924 2874 2995; x_wconf 84' lang='lat' dir='ltr'><em>spectatam</em></span> 
     </span>
     <span class='ocr_line' id='line_1_26' title="bbox 593 3020 2879 3102; baseline -0 -16"><span class='ocrx_word' id='word_1_214' title='bbox 593 3034 759 3087; x_wconf 88' lang='lat' dir='ltr'><em>suem</em></span> <span class='ocrx_word' id='word_1_215' title='bbox 803 3023 1124 3085; x_wconf 76' lang='lat' dir='ltr'><em>IucunduS.</em></span> <span class='ocrx_word' id='word_1_216' title='bbox 1198 3028 1325 3087; x_wconf 89' lang='lat' dir='ltr'><em>scio</em></span> <span class='ocrx_word' id='word_1_217' title='bbox 1373 3028 1489 3086; x_wconf 89' lang='lat' dir='ltr'><em>isse</em></span> <span class='ocrx_word' id='word_1_218' title='bbox 1533 3031 1872 3102; x_wconf 84' lang='lat' dir='ltr'><em>spectatum</em></span> <span class='ocrx_word' id='word_1_219' title='bbox 1917 3043 1989 3085; x_wconf 83' lang='lat' dir='ltr'><em>ex</em></span> <span class='ocrx_word' id='word_1_220' title='bbox 2038 3022 2271 3086; x_wconf 72' lang='lat' dir='ltr'><em>‘vetere</em></span> <span class='ocrx_word' id='word_1_221' title='bbox 2311 3020 2546 3087; x_wconf 90' lang='lat' dir='ltr'><em>codice&#39;</em></span> <span class='ocrx_word' id='word_1_222' title='bbox 2587 3027 2879 3087; x_wconf 86' lang='lat' dir='ltr'><em>adnotavit</em></span> 
     </span>
     <span class='ocr_line' id='line_1_27' title="bbox 595 3130 2880 3214; baseline 0 -22"><span class='ocrx_word' id='word_1_223' title='bbox 595 3132 862 3193; x_wconf 82' lang='lat' dir='ltr'><em>UrsinuS.</em></span> <span class='ocrx_word' id='word_1_224' title='bbox 955 3130 1259 3211; x_wconf 83' lang='lat' dir='ltr'><em>archetypi</em></span> <span class='ocrx_word' id='word_1_225' title='bbox 1324 3131 1642 3192; x_wconf 87' lang='lat' dir='ltr'><em>lectionem</em></span> <span class='ocrx_word' id='word_1_226' title='bbox 1707 3130 2005 3192; x_wconf 89' lang='lat' dir='ltr'><em>Victorius</em></span> <span class='ocrx_word' id='word_1_227' title='bbox 2071 3133 2365 3214; x_wconf 85' lang='lat' dir='ltr'><em>restituit,</em></span> <span class='ocrx_word' id='word_1_228' title='bbox 2431 3151 2607 3212; x_wconf 89' lang='lat' dir='ltr'><em>quam</em></span> <span class='ocrx_word' id='word_1_229' title='bbox 2674 3132 2880 3194; x_wconf 90' lang='lat' dir='ltr'><em>deinde</em></span> 
     </span>
     <span class='ocr_line' id='line_1_28' title="bbox 593 3237 2876 3319; baseline 0 -20"><span class='ocrx_word' id='word_1_230' title='bbox 593 3240 959 3319; x_wconf 87' lang='lat' dir='ltr'><em>grammatici</em></span> <span class='ocrx_word' id='word_1_231' title='bbox 1013 3255 1123 3317; x_wconf 94' lang='lat' dir='ltr'><em>pro</em></span> <span class='ocrx_word' id='word_1_232' title='bbox 1181 3238 1449 3317; x_wconf 83' lang='lat' dir='ltr'><em>exemplo</em></span> <span class='ocrx_word' id='word_1_233' title='bbox 1508 3237 1862 3316; x_wconf 88' lang='lat' dir='ltr'><em>deponentis</em></span> <span class='ocrx_word' id='word_1_234' title='bbox 1922 3238 2086 3299; x_wconf 89' lang='lat' dir='ltr'><em>verbi</em></span> <span class='ocrx_word' id='word_1_235' title='bbox 2140 3257 2364 3318; x_wconf 89' lang='lat' dir='ltr'><em>ponere</em></span> <span class='ocrx_word' id='word_1_236' title='bbox 2425 3246 2876 3301; x_wconf 85' lang='lat' dir='ltr'><em>consueverunt.</em></span> 
     </span>
     <span class='ocr_line' id='line_1_29' title="bbox 591 3347 1680 3424; baseline -0.002 -17"><span class='ocrx_word' id='word_1_237' title='bbox 591 3349 718 3407; x_wconf 89' lang='lat' dir='ltr'><em>scio</em></span> <span class='ocrx_word' id='word_1_238' title='bbox 764 3364 861 3406; x_wconf 80' lang='lat' dir='ltr'><em>me·</em></span> <span class='ocrx_word' id='word_1_239' title='bbox 903 3349 1019 3406; x_wconf 88' lang='lat' dir='ltr'><em>isse</em></span> <span class='ocrx_word' id='word_1_240' title='bbox 1062 3351 1399 3422; x_wconf 82' lang='lat' dir='ltr'><em>spectatum</em></span> <span class='ocrx_word' id='word_1_241' title='bbox 1446 3347 1680 3424; x_wconf 88' lang='lat' dir='ltr'><em>scripsi.</em></span> 
     </span>
    </p>

    <p class='ocr_par' dir='ltr' id='par_1_10' title="bbox 592 3451 2874 3642">
     <span class='ocr_line' id='line_1_30' title="bbox 769 3451 2874 3532; baseline 0 -21"><span class='ocrx_word' id='word_1_242' title='bbox 769 3452 845 3511; x_wconf 92' lang='lat' dir='ltr'><em>ln</em></span> <span class='ocrx_word' id='word_1_243' title='bbox 892 3454 1136 3512; x_wconf 90' lang='lat' dir='ltr'><em>uineta</em></span> <span class='ocrx_word' id='word_1_244' title='bbox 1185 3451 1477 3531; x_wconf 84' lang='lat' dir='ltr'><em>factum]</em></span> <span class='ocrx_word' id='word_1_245' title='bbox 1529 3452 1894 3532; x_wconf 87' lang='lat' dir='ltr'><em>Corruptum</em></span> <span class='ocrx_word' id='word_1_246' title='bbox 1941 3471 2072 3514; x_wconf 89' lang='lat' dir='ltr'><em>esse</em></span> <span class='ocrx_word' id='word_1_247' title='bbox 2120 3471 2337 3514; x_wconf 90' lang='lat' dir='ltr'><em>nomen</em></span> <span class='ocrx_word' id='word_1_248' title='bbox 2384 3454 2646 3532; x_wconf 89' lang='lat' dir='ltr'><em>regionis</em></span> <span class='ocrx_word' id='word_1_249' title='bbox 2694 3453 2874 3515; x_wconf 90' lang='lat' dir='ltr'><em>Victo-</em></span> 
     </span>
     <span class='ocr_line' id='line_1_31' title="bbox 592 3557 2725 3642; baseline -0.001 -19"><span class='ocrx_word' id='word_1_250' title='bbox 592 3564 717 3623; x_wconf 90' lang='lat' dir='ltr'><em>rius</em></span> <span class='ocrx_word' id='word_1_251' title='bbox 765 3568 824 3620; x_wconf 91' lang='lat' dir='ltr'><em>et</em></span> <span class='ocrx_word' id='word_1_252' title='bbox 872 3557 1133 3638; x_wconf 89' lang='lat' dir='ltr'><em>Scaliger</em></span> <span class='ocrx_word' id='word_1_253' title='bbox 1180 3558 1628 3642; x_wconf 87' lang='lat' dir='ltr'><em>adnotaverunt,</em></span> <span class='ocrx_word' id='word_1_254' title='bbox 1675 3563 1738 3621; x_wconf 91' lang='lat' dir='ltr'><em>in</em></span> <span class='ocrx_word' id='word_1_255' title='bbox 1798 3561 2045 3623; x_wconf 83' lang='lat' dir='ltr'><em>Venetia</em></span> <span class='ocrx_word' id='word_1_256' title='bbox 2091 3560 2271 3620; x_wconf 86' lang='lat' dir='ltr'><em>iidem</em></span> <span class='ocrx_word' id='word_1_257' title='bbox 2319 3561 2725 3621; x_wconf 89' lang='lat' dir='ltr'><em>coniecerunt.</em></span> 
     </span>
    </p>

    <p class='ocr_par' dir='ltr' id='par_1_11' title="bbox 590 3665 2875 3855">
     <span class='ocr_line' id='line_1_32' title="bbox 776 3665 2875 3747; baseline -0.001 -18"><span class='ocrx_word' id='word_1_258' title='bbox 776 3666 854 3729; x_wconf 87' lang='lat'><em>13</em></span> <span class='ocrx_word' id='word_1_259' title='bbox 886 3666 1100 3738; x_wconf 88' lang='lat' dir='ltr'><em>Quam</em></span> <span class='ocrx_word' id='word_1_260' title='bbox 1138 3666 1718 3744; x_wconf 89' lang='lat' dir='ltr'><em>porculationem</em></span> <span class='ocrx_word' id='word_1_261' title='bbox 1757 3665 2246 3747; x_wconf 89' lang='lat' dir='ltr'><em>appellabant]</em></span> <span class='ocrx_word' id='word_1_262' title='bbox 2269 3666 2875 3744; x_wconf 82' lang='lat' dir='ltr'><em>AppellantUrsinus.</em></span> 
     </span>
     <span class='ocr_line' id='line_1_33' title="bbox 590 3770 2446 3855; baseline -0.002 -17"><span class='ocrx_word' id='word_1_263' title='bbox 590 3776 768 3838; x_wconf 87' lang='lat' dir='ltr'><em>simili</em></span> <span class='ocrx_word' id='word_1_264' title='bbox 811 3775 953 3834; x_wconf 86' lang='lat' dir='ltr'><em>vitio</em></span> <span class='ocrx_word' id='word_1_265' title='bbox 999 3772 1052 3833; x_wconf 92' lang='lat'><em>11</em></span> <span class='ocrx_word' id='word_1_266' title='bbox 1091 3770 1150 3855; x_wconf 87' lang='grc'><em>6,</em></span> <span class='ocrx_word' id='word_1_267' title='bbox 1187 3771 1229 3834; x_wconf 81' lang='grc'>2</span> <span class='ocrx_word' id='word_1_268' title='bbox 1275 3776 1554 3835; x_wconf 86' lang='lat' dir='ltr'><em>emebant</em></span> <span class='ocrx_word' id='word_1_269' title='bbox 1596 3792 1707 3854; x_wconf 94' lang='lat' dir='ltr'><em>pro</em></span> <span class='ocrx_word' id='word_1_270' title='bbox 1755 3783 1958 3836; x_wconf 87' lang='lat' dir='ltr'><em>emant</em></span> <span class='ocrx_word' id='word_1_271' title='bbox 2003 3777 2293 3854; x_wconf 91' lang='lat' dir='ltr'><em>scriptum</em></span> <span class='ocrx_word' id='word_1_272' title='bbox 2341 3783 2446 3835; x_wconf 88' lang='lat' dir='ltr'><em>est.</em></span> 
     </span>
    </p>

    <p class='ocr_par' dir='ltr' id='par_1_12' title="bbox 577 3880 2874 4611">
     <span class='ocr_line' id='line_1_34' title="bbox 771 3880 2874 3962; baseline -0.002 -17"><span class='ocrx_word' id='word_1_273' title='bbox 771 3881 1101 3945; x_wconf 91' lang='lat' dir='ltr'><em>Secundo</em></span> <span class='ocrx_word' id='word_1_274' title='bbox 1150 3899 1227 3942; x_wconf 90' lang='lat' dir='ltr'><em>ea</em></span> <span class='ocrx_word' id='word_1_275' title='bbox 1274 3899 1431 3942; x_wconf 88' lang='lat' dir='ltr'><em>cum</em></span> <span class='ocrx_word' id='word_1_276' title='bbox 1488 3883 1624 3943; x_wconf 92' lang='lat' dir='ltr'><em>iam</em></span> <span class='ocrx_word' id='word_1_277' title='bbox 1679 3884 1878 3962; x_wconf 89' lang='lat' dir='ltr'><em>pasci</em></span> <span class='ocrx_word' id='word_1_278' title='bbox 1932 3891 2235 3962; x_wconf 90' lang='lat' dir='ltr'><em>possunt</em></span> <span class='ocrx_word' id='word_1_279' title='bbox 2291 3880 2709 3959; x_wconf 89' lang='lat' dir='ltr'><em>secernunt]</em></span> <span class='ocrx_word' id='word_1_280' title='bbox 2758 3883 2874 3942; x_wconf 84' lang='lat' dir='ltr'><em>Sed</em></span> 
     </span>
     <span class='ocr_line' id='line_1_35' title="bbox 588 3983 2871 4069; baseline -0.004 -13"><span class='ocrx_word' id='word_1_281' title='bbox 588 4013 686 4057; x_wconf 90' lang='lat' dir='ltr'><em>eos</em></span> <span class='ocrx_word' id='word_1_282' title='bbox 742 4009 878 4053; x_wconf 88' lang='lat' dir='ltr'><em>cum</em></span> <span class='ocrx_word' id='word_1_283' title='bbox 932 3987 1157 4048; x_wconf 87' lang='lat' dir='ltr'><em>Merula</em></span> <span class='ocrx_word' id='word_1_284' title='bbox 1222 3997 1283 4049; x_wconf 92' lang='lat' dir='ltr'><em>et</em></span> <span class='ocrx_word' id='word_1_285' title='bbox 1336 3988 1549 4050; x_wconf 90' lang='lat' dir='ltr'><em>deinde</em></span> <span class='ocrx_word' id='word_1_286' title='bbox 1609 3988 1825 4069; x_wconf 89' lang='lat' dir='ltr'><em>reliqui</em></span> <span class='ocrx_word' id='word_1_287' title='bbox 1882 3989 2159 4051; x_wconf 69' lang='lat' dir='ltr'><em>editores</em></span> <span class='ocrx_word' id='word_1_288' title='bbox 2252 3991 2585 4051; x_wconf 87' lang='lat' dir='ltr'><em>secundum</em></span> <span class='ocrx_word' id='word_1_289' title='bbox 2647 4008 2722 4051; x_wconf 96' lang='lat' dir='ltr'><em>ea</em></span> <span class='ocrx_word' id='word_1_290' title='bbox 2785 3983 2871 4048; x_wconf 91' lang='lat' dir='ltr'><em>vel</em></span> 
     </span>
     <span class='ocr_line' id='line_1_36' title="bbox 584 4088 2869 4177; baseline -0.003 -14"><span class='ocrx_word' id='word_1_291' title='bbox 584 4105 758 4163; x_wconf 90' lang='lat' dir='ltr'><em>etiam</em></span> <span class='ocrx_word' id='word_1_292' title='bbox 804 4098 1071 4159; x_wconf 86' lang='lat' dir='ltr'><em>secundo</em></span> <span class='ocrx_word' id='word_1_293' title='bbox 1118 4114 1193 4156; x_wconf 91' lang='lat' dir='ltr'><em>ea</em></span> <span class='ocrx_word' id='word_1_294' title='bbox 1240 4095 1313 4156; x_wconf 92' lang='lat' dir='ltr'><em>de</em></span> <span class='ocrx_word' id='word_1_295' title='bbox 1360 4103 1628 4175; x_wconf 90' lang='lat' dir='ltr'><em>tempore</em></span> <span class='ocrx_word' id='word_1_296' title='bbox 1676 4096 1902 4158; x_wconf 89' lang='lat' dir='ltr'><em>dictum</em></span> <span class='ocrx_word' id='word_1_297' title='bbox 1962 4088 2123 4177; x_wconf 82' lang='grc' dir='ltr'><strong><em>μετὰ</em></strong></span> <span class='ocrx_word' id='word_1_298' title='bbox 2167 4093 2375 4158; x_wconf 86' lang='grc' dir='ltr'><strong><em>ταῦτα</em></strong></span> <span class='ocrx_word' id='word_1_299' title='bbox 2430 4095 2520 4156; x_wconf 87' lang='lat' dir='ltr'><em>vel</em></span> <span class='ocrx_word' id='word_1_300' title='bbox 2579 4090 2685 4157; x_wconf 81' lang='grc' dir='ltr'><em>ἐπὶ</em></span> <span class='ocrx_word' id='word_1_301' title='bbox 2732 4088 2869 4158; x_wconf 85' lang='grc' dir='ltr'><strong><em>τού·</em></strong></span> 
     </span>
     <span class='ocr_line' id='line_1_37' title="bbox 579 4199 2866 4284; baseline -0.004 -12"><span class='ocrx_word' id='word_1_302' title='bbox 579 4230 717 4281; x_wconf 85' lang='grc' dir='ltr'><strong><em>τοις</em></strong></span> <span class='ocrx_word' id='word_1_303' title='bbox 754 4205 1004 4267; x_wconf 87' lang='lat' dir='ltr'><em>Ursinus</em></span> <span class='ocrx_word' id='word_1_304' title='bbox 1043 4213 1102 4263; x_wconf 90' lang='lat' dir='ltr'><em>et</em></span> <span class='ocrx_word' id='word_1_305' title='bbox 1132 4202 1393 4282; x_wconf 86' lang='lat' dir='ltr'><em>Scaliger</em></span> <span class='ocrx_word' id='word_1_306' title='bbox 1431 4203 1829 4265; x_wconf 81' lang='lat' dir='ltr'><em>defenderunt</em></span> <span class='ocrx_word' id='word_1_307' title='bbox 1865 4204 2044 4282; x_wconf 88' lang='lat' dir='ltr'><em>idque</em></span> <span class='ocrx_word' id='word_1_308' title='bbox 2082 4204 2145 4263; x_wconf 89' lang='lat' dir='ltr'><em>in</em></span> <span class='ocrx_word' id='word_1_309' title='bbox 2185 4203 2527 4283; x_wconf 90' lang='lat' dir='ltr'><em>geoponicis</em></span> <span class='ocrx_word' id='word_1_310' title='bbox 2571 4200 2710 4261; x_wconf 89' lang='lat' dir='ltr'><em>XIX</em></span> <span class='ocrx_word' id='word_1_311' title='bbox 2739 4200 2796 4284; x_wconf 89' lang='lat'><em>6,</em></span> <span class='ocrx_word' id='word_1_312' title='bbox 2830 4199 2866 4263; x_wconf 91' lang='lat'>8</span> 
     </span>
     <span class='ocr_line' id='line_1_38' title="bbox 580 4300 2865 4395; baseline -0.004 -18"><span class='ocrx_word' id='word_1_313' title='bbox 580 4330 927 4395; x_wconf 88' lang='lat' dir='ltr'><em>expressum</em></span> <span class='ocrx_word' id='word_1_314' title='bbox 974 4328 1105 4370; x_wconf 89' lang='lat' dir='ltr'><em>esse</em></span> <span class='ocrx_word' id='word_1_315' title='bbox 1153 4319 1529 4390; x_wconf 85' lang='lat' dir='ltr'><em>putaverunt,</em></span> <span class='ocrx_word' id='word_1_316' title='bbox 1571 4300 1652 4371; x_wconf 77' lang='grc' dir='ltr'><em>τὰ</em></span> <span class='ocrx_word' id='word_1_317' title='bbox 1702 4301 1776 4370; x_wconf 75' lang='grc' dir='ltr'><em>δὲ</em></span> <span class='ocrx_word' id='word_1_318' title='bbox 1821 4302 2174 4390; x_wconf 81' lang='grc' dir='ltr'><strong><em>τικτόμενα</em></strong></span> <span class='ocrx_word' id='word_1_319' title='bbox 2222 4301 2334 4369; x_wconf 80' lang='grc' dir='ltr'><em>διὰ</em></span> <span class='ocrx_word' id='word_1_320' title='bbox 2370 4305 2697 4390; x_wconf 75' lang='grc' dir='ltr'><strong><em>χειμῶνος</em></strong></span> <span class='ocrx_word' id='word_1_321' title='bbox 2743 4310 2865 4370; x_wconf 83' lang='grc' dir='ltr'><strong><em>λει-</em></strong></span> 
     </span>
     <span class='ocr_line' id='line_1_39' title="bbox 577 4403 2860 4501; baseline -0.003 -17"><span class='ocrx_word' id='word_1_322' title='bbox 577 4417 846 4501; x_wconf 82' lang='grc' dir='ltr'><strong><em>πόθηλα</em></strong></span> <span class='ocrx_word' id='word_1_323' title='bbox 907 4417 1160 4497; x_wconf 75' lang='grc' dir='ltr'><strong><em>γίνεται</em></strong></span> <span class='ocrx_word' id='word_1_324' title='bbox 1227 4408 1338 4477; x_wconf 78' lang='grc' dir='ltr'><em>διὰ</em></span> <span class='ocrx_word' id='word_1_325' title='bbox 1399 4411 1521 4495; x_wconf 88' lang='grc' dir='ltr'><em>τὴν</em></span> <span class='ocrx_word' id='word_1_326' title='bbox 1587 4413 2000 4497; x_wconf 77' lang='grc' dir='ltr'><strong><em>δυσκρασίαν</em></strong></span> <span class='ocrx_word' id='word_1_327' title='bbox 2054 4414 2176 4478; x_wconf 84' lang='grc' dir='ltr'><em>τοῦ</em></span> <span class='ocrx_word' id='word_1_328' title='bbox 2232 4403 2427 4497; x_wconf 73' lang='grc' dir='ltr'><em>ἀέρος</em></span> <span class='ocrx_word' id='word_1_329' title='bbox 2480 4409 2593 4477; x_wconf 85' lang='grc' dir='ltr'><em>καὶ</em></span> <span class='ocrx_word' id='word_1_330' title='bbox 2646 4408 2722 4478; x_wconf 87' lang='grc' dir='ltr'><em>τὸ</em></span> <span class='ocrx_word' id='word_1_331' title='bbox 2777 4407 2860 4496; x_wconf 86' lang='grc' dir='ltr'><em>μὴ</em></span> 
     </span>
     <span class='ocr_line' id='line_1_40' title="bbox 579 4513 2858 4611; baseline -0.003 -22"><span class='ocrx_word' id='word_1_332' title='bbox 579 4519 1109 4611; x_wconf 82' lang='grc' dir='ltr'><strong><em>μεταλαμβάνειν</em></strong></span> <span class='ocrx_word' id='word_1_333' title='bbox 1154 4519 1477 4602; x_wconf 76' lang='grc' dir='ltr'><strong><em>γάλακτος</em></strong></span> <span class='ocrx_word' id='word_1_334' title='bbox 1524 4518 1769 4596; x_wconf 76' lang='grc' dir='ltr'><strong><em>ἱκανῶς</em></strong></span> <span class='ocrx_word' id='word_1_335' title='bbox 1814 4521 1950 4585; x_wconf 77' lang='grc' dir='ltr'><em>τῶν</em></span> <span class='ocrx_word' id='word_1_336' title='bbox 2007 4518 2306 4604; x_wconf 77' lang='grc' dir='ltr'><strong><em>μητέρων</em></strong></span> <span class='ocrx_word' id='word_1_337' title='bbox 2354 4513 2520 4585; x_wconf 81' lang='grc' dir='ltr'><strong><em>αὐτὰ</em></strong></span> <span class='ocrx_word' id='word_1_338' title='bbox 2579 4520 2858 4584; x_wconf 80' lang='grc' dir='ltr'><strong><em>ὃιωθον·</em></strong></span> 
     </span>
    </p>
   </div>
  </div>
 </body>
</html>
