3178 5185
951 397 1209 451 RERVM
1246 395 1726 451 RVSTICARVM
1763 395 1897 449 LIB.
1937 398 1962 449 I
2479 396 2602 458 115

275 562 357 622 De
404 562 649 640 pabulo
701 564 954 625 secando

273 669 355 729 De
404 671 790 750 inrigatione

274 776 506 846 Quarto
570 779 894 839 intervallo
949 780 1106 839 inter
1155 777 1499 859 solstitium,
1557 778 1714 856 quod
1764 785 1855 837 est
1902 796 1972 837 ex
2021 777 2093 835 VI
2140 777 2263 838 Kal.
2312 778 2487 838 Iulias
2534 781 2595 839 in

455 905 509 945 a.
565 887 628 946 d.
684 885 791 946 IIII
840 886 971 945 idus
1009 885 1321 965 AugustaS,
1369 892 1429 945 et
1476 885 1822 965 caniculam,
1870 903 2020 964 quae
2069 894 2160 944 est
2208 904 2279 944 ex
2327 905 2374 946 a.
2423 886 2476 946 d.
2516 885 2595 945 111

221 1013 244 1052 5
454 993 608 1053 idus
661 994 959 1072 Augustas
1005 994 1066 1053 in
1115 1011 1164 1051 a.
1212 992 1265 1051 d.
1315 991 1359 1049 V
1407 991 1531 1053 Kal.
1579 992 1896 1072 OctobreS,
1946 1010 2094 1070 quae
2143 993 2284 1053 fiant
2322 1019 2325 1022 ⁴

271 1099 354 1158 De
405 1101 498 1160 eis
552 1119 720 1179 quae
769 1102 888 1160 seri
933 1106 1202 1178 oporteat
1249 1106 1309 1158 et
1355 1117 1537 1177 quare
1585 1099 1880 1177 legumina
1929 1098 2301 1178 appellentur

272 1204 498 1273 Quinto
542 1206 868 1268 intervallo
905 1209 1063 1266 inter
1101 1205 1446 1287 caniculam,
1498 1225 1648 1285 quae
1698 1208 1787 1266 est
1824 1225 1872 1266 a.
1912 1206 1967 1266 d.
2005 1205 2084 1265 III
2113 1206 2249 1266 idus
2277 1207 2592 1287 AugustaS,

455 1322 519 1375 et
573 1316 1024 1393 aequinoctium
1073 1313 1428 1393 autumnale,
1478 1314 1635 1392 quod
1684 1320 1777 1373 est
1821 1332 1869 1373 a.
1918 1313 1971 1372 d.
2019 1311 2065 1370 V
2113 1312 2236 1373 Kal.
2285 1312 2590 1394 OctobreS,

455 1439 625 1499 quae
666 1421 802 1480 fieri
848 1427 1116 1499 oporteat

201 1551 247 1588 ιο
275 1527 456 1587 Sexto
518 1527 844 1587 intervallo
901 1528 972 1588 ab
1026 1528 1400 1607 aequinoctio
1449 1528 1775 1588 autumnali
1823 1546 2024 1588 serere
2072 1537 2350 1607 oportere
2397 1547 2588 1607 usque

451 1634 529 1693 ad
594 1634 890 1695 brumam.
984 1635 1166 1695 medii
1220 1642 1360 1694 sunt
1415 1634 1542 1694 dies
1591 1634 1733 1695 XCI.
1791 1653 1900 1695 nec
1959 1642 2093 1695 ante
2146 1638 2587 1714 aequinoctium

450 1759 663 1819 neque
732 1750 866 1820 post
925 1741 1194 1802 brumam
1260 1744 1381 1801 seri
1436 1750 1729 1821 oportere.
1823 1741 2014 1802 fabam
2072 1744 2294 1820 optime
2351 1744 2470 1801 seri
2525 1743 2587 1802 in

447 1848 850 1926 vergiliarum
924 1867 1137 1909 occasu
1204 1847 1276 1907 VI
1340 1849 1474 1909 idus
1547 1848 1927 1910 Novembres.
2027 1849 2383 1909 vindemiam
2456 1850 2586 1908 fieri

408 1957 743 2032 'oportere
798 1958 956 2016 inter
1012 1958 1456 2035 aequinoctium
1518 1957 1856 2017 autumnale
1913 1956 1958 2013 V
2005 1956 2128 2017 Kal.
2178 1955 2467 2017 Octobres
2526 1965 2585 2016 et

201 2084 244 2123 15
446 2061 846 2140 vergiliarum
895 2080 1171 2123 occasum
1210 2062 1282 2122 VI
1319 2063 1454 2123 idus
1491 2063 1871 2124 Novembres.
1948 2063 2159 2124 deinde
2199 2067 2348 2123 vites
2385 2066 2583 2142 putari

449 2176 514 2228 et
565 2171 892 2248 propagari
939 2176 998 2228 et
1045 2171 1165 2229 seri
1210 2189 1383 2250 poma
1409 2171 1663 2249 -frigidis
1709 2169 1855 2230 locis
1903 2189 2039 2230 vere

274 2273 541 2354 Septimo
612 2275 919 2335 intervallo
974 2279 1132 2336 inter
1190 2276 1569 2355 vergiliarum
1619 2296 1893 2338 occasum
1942 2276 1989 2335 V
2036 2277 2171 2338 idus
2218 2278 2579 2338 Novembres

445 2392 511 2444 et
561 2383 842 2443 brumam
891 2381 1018 2442 VIII
1065 2382 1191 2444 Kal.
1237 2384 1537 2444 Ianuarias
1587 2403 1736 2463 quae
1785 2385 1915 2444 fieri
1963 2393 2233 2463 oporteat

273 2487 492 2550 Octavo
552 2489 873 2550 intervallo
930 2491 1087 2551 inter
1143 2488 1413 2551 brumam
1472 2490 1599 2550 VIII
1645 2489 1770 2552 Kal.
1818 2491 2116 2552 lanuarias
2174 2501 2234 2553 et
2281 2494 2578 2554 favonium

203 2618 248 2660 20
445 2597 496 2654 V
546 2596 693 2659 idus
739 2596 1093 2658 Februarias
1143 2618 1292 2677 quae
1340 2601 1472 2658 fleri
1518 2605 1789 2676 oporteat

271 2702 348 2763 De
396 2703 724 2765 lunaribus
773 2703 980 2764 diebus

271 2809 349 2870 De
413 2811 616 2872 altera
682 2818 1016 2890 temporum
1082 2812 1368 2873 divisione
1434 2813 1748 2872 coniuncta
1815 2831 1951 2872 cum
2018 2813 2139 2873 sole
2207 2822 2267 2874 et
2321 2814 2459 2875 luna
2516 2824 2576 2876 et

444 2918 705 2979 habenti
750 2937 851 2978 sex
896 2927 1099 2998 partes

272 3022 350 3084 De
434 3033 734 3086 stercore.
847 3026 1213 3086 stercilinum
1299 3045 1415 3106 quo
1490 3026 1620 3086 loco
1705 3026 2041 3087 faciendum
2123 3030 2225 3103 sit,
2310 3030 2370 3087 in
2455 3047 2571 3107 quo

419 3202 453 3249 2
512 3196 855 3266 irrigatione
908 3198 965 3250 B
1147 3204 1179 3251 3
1237 3198 1387 3264 quod.
1443 3199 1526 3252 est
1583 3214 1650 3252 ex
1705 3198 1783 3252 VI
1838 3199 1962 3253 Kal.
2017 3199 2214 3271 Iulias]
2280 3200 2430 3268 quod
2488 3204 2574 3255 est

274 3282 391 3338 Kal.
440 3284 543 3342 iul.
578 3287 637 3340 B
785 3294 815 3340 6
854 3286 1212 3356 appellantur
1238 3287 1294 3340 A
1438 3293 1467 3339 7
1506 3286 1656 3340 inter
1692 3287 2005 3342 caniculam
2042 3305 2184 3357 quae
2223 3290 2296 3343 ad
2328 3290 2407 3345 III
2442 3289 2570 3344 idus

273 3376 540 3443 augustas
602 3377 662 3428 et
717 3376 1133 3444 aequinoctium
1179 3375 1360 3429 PAB
1416 3375 1564 3430 inter
1611 3376 1925 3431 caniculam
1972 3380 2031 3432 et
2076 3378 2492 3446 aequinoctium
2536 3399 2569 3434 v

408 3470 442 3519 8
492 3464 827 3520 autumnale
864 3467 985 3520 AB
1027 3465 1364 3520 auctunnale
1401 3465 1458 3518 P
1487 3467 1753 3519 auctunni
1790 3484 1821 3520 v
1970 3473 2001 3519 9
2041 3469 2266 3536 oportet
2300 3469 2356 3521 A
2503 3475 2568 3522 10

274 3551 340 3604 ab
385 3554 754 3622 aequinoctio
800 3554 1112 3608 autumnali
1147 3554 1204 3608 B
1252 3555 1323 3608 ab
1363 3553 1716 3622 aequinoctio
1754 3557 2040 3610 aucti‘inali
2076 3557 2129 3609 V
2158 3557 2231 3611 ab
2270 3559 2567 3626 equoctino

274 3642 572 3698 auctfinale
611 3644 666 3697 A
814 3650 877 3697 11
918 3643 1089 3698 medii
1118 3675 1184 3683 —
1227 3649 1292 3698 16
1330 3660 1461 3698 vere
1490 3661 1589 3698 om.
1629 3661 1678 3711 v,
1716 3646 1842 3699 add.
1875 3647 1931 3699 P
2068 3648 2127 3699 et
2162 3646 2335 3700 medii
2370 3649 2425 3701 B

273 3746 370 3784 nec
425 3734 562 3786 ante
610 3733 670 3786 P
721 3732 994 3788 Victorius
1049 3735 1108 3787 et
1150 3750 1253 3788 nec
1299 3734 1428 3787 ante
1467 3734 1588 3788 AB
1652 3765 1655 3769 Δ
1736 3740 1800 3787 12
1838 3734 2029 3789 fabam
2080 3736 2135 3788 P
2189 3736 2465 3791 Victorius
2511 3741 2569 3792 et

276 3817 458 3874 fabam
487 3821 615 3874 AB
765 3827 828 3876 13
860 3823 970 3878 .V1.
1010 3822 1114 3877 dus
1150 3822 1480 3877 nouembres
1506 3824 1699 3892 priore
1726 3825 1838 3878 loeo
1866 3823 1922 3877 A
2067 3830 2134 3878 14
2164 3827 2483 3893 equoctium
2509 3827 2566 3880 A

410 3912 680 3965 octubres
725 3912 780 3964 A
926 3917 991 3965 18
1039 3913 1263 3981 oportet
1296 3912 1353 3965 A
1500 3918 1564 3965 19
1612 3915 1764 3967 Inter
1806 3913 2063 3968 brumam
2100 3913 2230 3968 VIII
2265 3914 2340 3967 Κ1
2374 3914 2566 3969 ianua-

276 3995 380 4051 rias
410 4001 418 4067 1
452 4015 566 4069 que
613 3998 735 4053 fieri
772 4000 1029 4069 oporteat
1067 4002 1220 4056 Inter
1272 4001 1530 4055 brumam
1566 4000 1700 4055 VIII
1735 4003 1807 4055 Kl
1851 4002 2132 4058 ianuarias
2171 4006 2230 4057 et
2274 4003 2562 4057 fabonium

276 4084 322 4137 V
355 4086 481 4141 idus
538 4088 685 4142 febr.
732 4105 836 4156 que
885 4091 1147 4159 oportent
1183 4089 1239 4143 A
1390 4089 1680 4144 fauonium
1728 4092 1781 4144 V
1830 4092 2120 4147 fabonium
2166 4093 2221 4145 B
2365 4098 2432 4145 22
2480 4094 2562 4149 De

276 4174 446 4230 altera
473 4208 545 4217 —
576 4178 764 4247 partes
801 4194 900 4233 om.
939 4196 998 4247 v,
1036 4180 1162 4233 add.
1206 4180 1262 4232 P
1401 4178 1663 4234 coniucta
1700 4199 1803 4236 con
1842 4180 1958 4236 sole
1994 4182 2050 4234 A
2194 4186 2260 4234 23
2300 4182 2560 4238 habentis

278 4280 365 4318 sex
390 4266 575 4321 PAB
723 4273 790 4320 24
826 4266 908 4321 De
948 4269 1190 4322 stercore
1229 4268 1642 4337 sterquilinium
1681 4287 1790 4338 quo
1831 4271 1949 4341 (qui
1975 4270 2050 4339 A)
2089 4268 2213 4324 loco
2240 4269 2561 4326 faciendum

277 4352 342 4405 sit
369 4352 427 4408 in
455 4372 573 4426 quo
602 4355 787 4410 medio
808 4356 855 4409 si
868 4357 1100 4412 robusta
1118 4358 1357 4412 materia
1377 4357 1452 4413 sit
1472 4359 1558 4427 (fit
1573 4365 1637 4414 ut
1655 4362 1869 4415 videtwr
1883 4362 1961 4429 B)
1981 4360 2220 4428 depacta
2239 4360 2561 4429 (dep-nata

275 4440 325 4494 A
376 4459 516 4500 corr.
577 4445 817 4513 depacta
869 4445 972 4516 A2)
1027 4464 1140 4501 non
1194 4446 1350 4502 nasci
1403 4450 1719 4516 serpentem
1763 4449 1886 4503 AB
1953 4448 2228 4503 Victorius
2284 4448 2367 4502 De
2422 4453 2558 4505 ster-

278 4545 392 4587 core
430 4531 826 4603 sterquilinum
855 4549 964 4603 quo
992 4535 1117 4592 loco
1145 4535 1465 4591 faciendum
1496 4537 1572 4591 sit
1602 4539 1658 4590 P
1682 4538 1766 4592 De
1795 4540 2037 4593 stercore
2067 4540 2125 4593 et
2152 4538 2504 4607 sterquilinio
2525 4558 2558 4594 v
