3178 5185
826 402 1083 455 RERVM
1121 402 1593 458 RVSTICARVM
1633 403 1766 458 LIB.
1807 405 1855 457 II
1898 400 1933 456 3
2412 406 2543 470 225

274 567 530 647 sanitate,
600 586 745 645 quae
808 586 1129 647 numquam
1196 578 1337 630 sunt
1393 566 1613 630 sanae?
1715 572 1832 630 nisi
1888 579 2083 631 tamen
2140 571 2284 631 illud
2341 591 2545 653 unum,

270 673 543 750 quaedam
590 677 807 764 scripta
854 675 1074 735 habere
1120 680 1435 755 magistros
1484 680 1736 758 pecoriS,
1784 677 2003 756 quihus
2050 679 2331 738 remediis
2375 689 2546 739 utan-

271 786 358 860 tur
406 780 476 840 ad
524 781 761 842 morbos
809 784 1096 861 quosdam
1145 803 1348 845 earum
1397 803 1463 844 ac
1512 784 1885 844 vulneratum
1934 804 2178 866 corpus,
2227 786 2383 864 quod
2435 805 2547 846 usu

268 888 412 945 venit
458 888 535 946 iis
576 901 770 971 saepe,
819 891 976 969 quod
1026 893 1182 950 inter
1230 909 1293 950 se
1343 891 1625 951 cornibus
1672 900 1937 970 pugnant
1974 902 2150 971 atque
2190 895 2251 952 in
2289 895 2547 970 spinosis

222 991 397 1052 slocis
459 1004 801 1071 pascuntur.
904 997 1260 1076 relinquitur
1323 999 1397 1058 de
1462 1017 1737 1078 numer0,
1805 1001 1910 1078 qui
1972 1002 2029 1060 in
2102 999 2381 1078 gregibus
2447 1008 2540 1060 est

265 1102 445 1160 minor
502 1105 740 1180 caprino
803 1122 978 1183 quam
1028 1107 1088 1164 in
1136 1105 1336 1185 ovillo,
1395 1106 1552 1184 quod
1603 1125 1812 1184 caprae
1861 1106 2110 1166 lascivae
2159 1115 2219 1166 et
2264 1125 2415 1185 quae
2462 1107 2547 1166 di-

265 1217 534 1285 spargant
585 1228 673 1290 se3
732 1221 939 1270 contra
997 1230 1136 1271 oves
1194 1231 1344 1290 quae
1401 1231 1465 1272 se
1523 1221 1887 1291 congregent
1943 1232 2009 1274 ac
2066 1212 2432 1273 condensent
2485 1215 2547 1272 in

265 1313 445 1373 locum
495 1335 692 1377 unum.
786 1320 986 1396 itaque
1033 1321 1095 1378 in
1143 1338 1283 1397 agro
1331 1318 1538 1396 gallico
1587 1338 1799 1397 greges
1845 1319 2047 1398 plures
2087 1322 2286 1398 potius
2324 1320 2551 1379 faciunt

266 1438 428 1498 quam
486 1441 749 1506 magnoS,
809 1425 967 1504 quod
1023 1428 1084 1485 in
1142 1428 1369 1504 magnis
1427 1428 1544 1487 cito
1599 1429 1812 1487 existat
1857 1426 2222 1507 pestilentia,
2280 1444 2429 1505 quae
2477 1426 2547 1485 ad

201 1540 243 1578 1⁰
265 1531 573 1604 perniciem
644 1550 783 1591 eum
857 1532 1160 1610 perducat.
1265 1536 1408 1593 satis
1483 1552 1758 1612 magnum
1830 1552 2067 1611 gregem
2134 1541 2345 1612 putant
2409 1550 2540 1592 esse
2566 1537 2646 1593 10

268 1636 497 1696 circiter
567 1640 1032 1718 quinquagenas
1136 1639 1352 1718 quibus
1428 1640 1716 1701 adsentiri
1784 1648 1996 1719 putant
2069 1641 2127 1700 id
2203 1641 2359 1719 quod
2437 1658 2549 1699 usu

268 1744 415 1802 venit
461 1743 724 1826 Gaberio,
774 1747 964 1823 equiti
1009 1746 1289 1807 Romanu.
1381 1748 1434 1805 is
1481 1749 1658 1827 enim,
1706 1766 1841 1807 cum
1891 1749 1951 1807 in
2001 1746 2342 1807 suburbano
2389 1746 2550 1806 mille

266 1848 523 1926 iugerum
576 1851 827 1911 haberet
884 1860 942 1912 et
989 1872 1019 1912 a
1069 1855 1336 1933 caprario
1385 1854 1669 1934 quodam,
1737 1856 1840 1932 qui
1887 1853 2132 1913 adduxit
2177 1853 2430 1931 capellas
2478 1853 2549 1912 ad

269 1954 482 2038 urbem,
518 1958 722 2020 decem
764 1959 875 2020 sibi
917 1962 975 2021 in
1019 1961 1146 2020 dies
1186 1960 1451 2039 singulos
1491 1961 1765 2021 denarios
1805 1960 2069 2038 singulos
2099 1960 2239 2020 dare
2269 1960 2550 2039 audisset,

206 2072 247 2110 15
272 2066 452 2140 coegit
506 2065 660 2125 mille
721 2086 1062 2150 caprarum,
1120 2086 1366 2145 sperans
1422 2087 1484 2127 se
1543 2076 1854 2146 capturum
1905 2067 1976 2127 de
2024 2066 2267 2145 praedio
2315 2068 2377 2126 in
2425 2067 2553 2126 dies

271 2169 517 2247 singulos
571 2172 882 2233 denarium
942 2162 1116 2234 mille.
1211 2182 1438 2234 tantum
1496 2177 1653 2234 enim
1714 2174 1945 2254 fefellit,
2001 2182 2069 2233 ut
2123 2173 2287 2233 brevi
2345 2190 2553 2232 omnes

272 2277 519 2337 amiserit
563 2280 790 2341 morbo.
885 2289 1091 2341 contra
1139 2283 1199 2340 in
1251 2280 1593 2341 Sallentinis
1641 2290 1700 2342 et
1746 2284 1807 2341 iu
1855 2278 2120 2341 Casinati
2161 2280 2232 2339 ad
2273 2287 2552 2339 centenas

270 2392 520 2456 pascunt.
611 2387 686 2446 de
738 2387 999 2447 maribus
1047 2396 1106 2448 et
1154 2390 1390 2448 feminis
1437 2388 1593 2447 idem
1644 2388 1766 2447 fere
1816 2388 2161 2466 discrimen,
2225 2394 2289 2446 ut
2336 2384 2433 2444 alii
2481 2385 2551 2445 ad

273 2486 440 2549 denas
486 2511 692 2571 capras
742 2494 1007 2573 singulos
1054 2503 1263 2572 parent
1311 2495 1539 2574 hircOS,
1588 2503 1653 2555 ut
1700 2513 1835 2576 eg03
1894 2493 1992 2553 alii
2039 2495 2216 2554 etiam
2264 2493 2333 2551 ad
2384 2493 2551 2569 quin·

209 2605 251 2643 2⁰
275 2594 483 2679 decim,
527 2609 594 2661 ut
639 2601 870 2683 Menas,
918 2621 1036 2662 non
1082 2602 1230 2662 nulli
1278 2604 1480 2682 etiam,
1528 2611 1595 2663 ut
1641 2601 1928 2681 MurriuS,
1977 2601 2048 2661 ad
2089 2602 2312 2679 viginti.

404 2865 427 2912 1
485 2879 770 2930 nunquam
828 2861 882 2914 V
1039 2868 1072 2916 2
1127 2865 1359 2917 utantur
1416 2861 1528 2915 VB
1574 2863 1767 2916 utatur
1812 2860 1869 2914 A
2012 2865 2044 2912 3
2100 2860 2455 2914 uulneratum
2500 2876 2554 2912 m

271 2945 545 3005 Iracundus
583 2952 879 3005 uulnerate
914 2952 970 3005 A
1006 2952 1238 3005 uulnera
1274 2953 1371 3005 tfic
1398 2951 1454 3004 Β
1490 2950 1725 3004 uulnera
1763 2950 1919 3004 Tunc
1956 2948 2003 3003 V
2147 2955 2180 3001 4
2218 2949 2473 3017 pungant
2500 2946 2556 2999 A

401 3040 563 3106 atque
608 3037 671 3092 in
721 3039 958 3108 spinosis
1004 3057 1099 3093 mv
1147 3038 1304 3108 atqui
1347 3038 1589 3109 insposis
1637 3039 1691 3091 B
1738 3036 1908 3107 adqui
1955 3036 2015 3091 in
2062 3036 2239 3106 sposis
2287 3037 2343 3090 P
2382 3035 2555 3104 adqui

176 3219 179 3221 1
270 3137 491 3229 inspsssis
529 3163 618 3229 A,
657 3164 756 3218 ubi
793 3162 851 3217 in
888 3165 1274 3232 superscripsit
1311 3164 1391 3216 A²
1538 3170 1569 3217 ὅ
1625 3163 1745 3234 qui]
1784 3161 1920 3231 quid
1958 3164 2012 3215 A
2157 3169 2188 3215 6
2227 3160 2401 3215 ouillo
2438 3160 2557 3216 AB

274 3249 412 3302 ouilo
457 3250 509 3304 V
649 3252 828 3306 lasiue
866 3254 920 3305 A
957 3269 1093 3307 corr.
1134 3251 1343 3306 lasciue
1382 3251 1463 3304 Α2
1608 3251 1941 3320 dispargant
1980 3252 2095 3305 ΡΒ
2134 3250 2469 3319 dispargunt
2504 3248 2559 3302 A

272 3337 588 3408 dispergunt
623 3357 720 3395 mv
867 3348 897 3396 7
938 3343 1282 3410 congregent
1317 3357 1383 3394 ac
1423 3341 1768 3395 condensent
1801 3340 1857 3393 Β
1905 3342 2248 3410 congregent
2284 3339 2558 3393 aconden-

273 3431 385 3481 sent
416 3429 471 3483 A
518 3433 866 3500 congregent
912 3434 969 3485 et
1016 3432 1319 3485 condesent
1358 3431 1414 3484 P
1457 3432 1803 3499 congregant
1849 3446 1914 3483 ac
1961 3429 2309 3484 condensant
2340 3445 2395 3481 m
2433 3444 2558 3481 con-

272 3521 496 3589 gregant
534 3522 591 3574 et
628 3518 977 3574 condensant
1011 3538 1045 3574 v
1155 3526 1188 3575 8
1226 3520 1436 3573 fatiunt
1463 3520 1518 3574 A
1630 3525 1661 3572 9
1701 3519 1760 3572 in
1796 3519 2014 3588 magnis
2054 3519 2105 3572 V
2137 3518 2195 3572 in
2232 3516 2475 3586 maginis
2504 3517 2558 3568 A

274 3640 323 3694 in
374 3621 595 3711 magdis
634 3643 690 3696 Β
837 3645 960 3698 ceto
1009 3660 1146 3699 corr.
1197 3644 1307 3698 cito
1345 3644 1401 3697 A
1546 3643 1755 3698 existat
1799 3643 2123 3714 pestilentia
2161 3643 2275 3697 ΡΒ
2314 3640 2559 3695 existunt

273 3732 639 3797 pestilentiam
679 3731 736 3785 A
772 3732 1017 3787 existunt
1051 3732 1378 3801 pestilentie
1415 3750 1469 3786 m
1511 3731 1706 3787 existit
1740 3731 2068 3801 pestilentia
2094 3750 2125 3787 v
2274 3738 2339 3785 10
2375 3729 2558 3797 perni-

272 3818 396 3873 tiem
430 3821 484 3875 Β
631 3820 904 3889 perducat
939 3821 1054 3874 ΡΒ
1100 3820 1413 3890 perducant
1447 3820 1527 3888 A,
1574 3822 1673 3875 ubi
1708 3839 1746 3873 n
1784 3823 2055 3890 expunxit
2093 3819 2187 3887 ΑΞ,
2236 3818 2493 3888 perducit
2526 3835 2560 3871 v

434 3912 643 3979 putant
694 3925 817 3962 esse
864 3910 987 3963 AB
1035 3926 1156 3964 esse
1203 3911 1407 3979 putant
1462 3910 1515 3963 V
1693 3916 1756 3964 11
1810 3908 2080 3964 adsentiri
2126 3909 2181 3962 Β
2227 3906 2459 3962 asentiri
2504 3908 2559 3959 A

279 3997 531 4052 assentiri
579 3997 633 4051 V
777 4003 844 4050 14
888 3997 946 4051 in
985 3998 1103 4052 dies
1148 3999 1397 4070 singulos
1443 3998 1701 4053 denarios
1739 3998 1988 4068 singulos
2026 3997 2159 4050 dare
2195 3996 2309 4049 ΡΒ
2346 3994 2402 4047 in
2443 3993 2564 4048 dies

275 4086 508 4157 singulos
548 4084 811 4139 denarios
851 4085 983 4140 dare
1016 4087 1174 4140 Amv
1285 4086 1533 4139 audisset
1560 4085 1746 4140 A²mv
1786 4085 2007 4139 audisse
2036 4085 2214 4138 PAB
2327 4088 2391 4136 15
2431 4099 2558 4151 cap-

274 4175 439 4228 turum
469 4175 660 4229 A²mv
701 4176 990 4243 capturam
1025 4174 1212 4228 PAB
1353 4174 1412 4227 in
1447 4175 1876 4243 superscriptum
1903 4175 1965 4227 in
1994 4174 2047 4226 Β
2196 4179 2260 4226 16
2297 4170 2503 4226 fefellit
2528 4189 2560 4226 v

274 4261 520 4318 fefellerit
570 4264 692 4318 PA
703 4263 776 4318 Β.
855 4263 958 4318 ‘In
994 4265 1207 4318 excusis
1244 4269 1434 4330 antea,
1481 4264 1542 4316 F
1540 4265 1708 4330 efellit
1737 4285 1752 4315 :
1780 4265 1843 4316 in
1892 4263 2101 4316 cunctis
2135 4278 2306 4315 wzanu
2340 4262 2561 4328 scriptis

276 4347 561 4422 Fefellerit‚
597 4352 871 4421 scriptum
898 4351 1112 4406 inueni'
1158 4352 1433 4406 Victorius
1546 4357 1610 4405 17
1651 4351 1962 4405 sallentinis
1996 4351 2175 4403 PAB
2206 4349 2499 4404 salentinis
2527 4366 2559 4403 v

368 4441 602 4496 casinati
634 4442 751 4495 VB
777 4439 1041 4494 cassinati
1061 4441 1178 4494 Am
1290 4445 1355 4494 18
1384 4439 1644 4494 foeminis
1676 4439 1729 4493 V
1835 4445 1898 4492 19
1928 4438 2112 4493 hircos
2143 4439 2255 4493 VB
2283 4440 2484 4509 hyrcos
2504 4438 2560 4491 A

400 4536 466 4584 20
503 4529 752 4584 murrius
791 4529 903 4582 PB
943 4528 1150 4582 mutius
1190 4530 1285 4582 Av

2016 4619 2126 4671 15*
