3178 5185
862 442 1125 496 RERVM
1162 441 1635 498 RVSTIOARVM
1674 445 1807 500 LIB.
1847 445 1898 498 II
1942 445 1970 498 1
2444 444 2569 509 211

309 608 557 669 lactariis
591 608 806 669 medica
836 617 895 669 et
925 611 1209 691 cytisum3
1247 617 1554 688 praeterea
1589 611 1745 690 quod
1776 621 1910 673 ante
1942 613 2331 673 admissuram
2363 613 2573 674 diebus

309 716 536 792 triginta
593 715 871 776 arietibus
938 735 1005 776 ac
1073 718 1259 776 tauris
1323 717 1496 777 datur
1562 717 1697 796 plus
1756 718 1897 793 cibi,
1964 728 2032 779 ut
2087 721 2245 779 vires
2300 720 2574 802 habeant,

307 820 531 882 feminis
570 821 755 882 bubus
795 822 1070 898 demitur,
1120 824 1273 902 quod
1315 832 1720 885 macescentes
1758 825 1972 886 melius
2011 829 2326 905 concipere
2366 827 2569 887 dicun-

304 935 417 988 tur.
503 930 741 990 secunda
802 948 941 1008 pars
996 938 1088 990 est
1134 930 1206 991 de
1256 931 1462 991 fetura.
1556 950 1715 992 nunc
1764 933 1992 1010 appello
2039 934 2294 994 feturam
2342 953 2373 994 a
2422 939 2665 995 con-18

255 1042 479 1112 5ceptu
527 1036 587 1095 ad
639 1043 907 1115 partum:
963 1036 1024 1096 hi
1080 1040 1239 1097 enim
1285 1040 1726 1116 praegnationis
1773 1042 1950 1118 primi
1998 1048 2057 1100 et
2104 1042 2355 1100 extremi
2402 1041 2566 1102 fines.

303 1160 480 1219 quare
518 1145 762 1221 primum
812 1144 1131 1205 videndum
1179 1145 1249 1204 de
1298 1144 1673 1225 admissione,
1722 1165 1839 1225 quo
1889 1165 2157 1226 quaeque
2197 1155 2462 1225 tempore
2501 1154 2568 1207 ut

299 1248 491 1309 ineant
530 1245 713 1310 facere
762 1259 1049 1330 oporteat.
1142 1270 1278 1313 nam
1324 1260 1391 1312 ut
1437 1252 1610 1313 suillo
1658 1256 1860 1332 pecori
1908 1272 1938 1313 a
1988 1255 2217 1314 favonio
2256 1254 2328 1313 ad
2368 1256 2565 1332 aequi-

300 1358 541 1416 noctium
585 1376 831 1418 vernum
878 1366 1089 1437 putant
1136 1367 1355 1439 aptum,
1403 1362 1489 1420 sic
1537 1360 1710 1420 ovillo
1749 1360 1822 1420 ab
1860 1363 2085 1422 arcturi
2123 1378 2336 1421 occasu
2375 1379 2565 1439 usque

300 1462 365 1521 ad
423 1463 628 1542 aquilae
685 1483 980 1525 occasum.
1075 1473 1380 1545 praeterea
1427 1466 1695 1527 habenda
1744 1470 1922 1547 rati0‚
1980 1475 2200 1546 quanto
2248 1474 2560 1547 antequam

234 1583 275 1621 10
299 1569 523 1648 incipiat
573 1572 900 1633 admissura
956 1573 1088 1633 fieri
1142 1592 1336 1633 mares
1393 1593 1422 1633 a
1472 1576 1708 1634 feminis
1757 1583 2019 1636 secretos
2065 1574 2347 1655 habeant,
2403 1575 2560 1653 quod

298 1675 414 1734 fere
475 1678 526 1737 in
587 1678 865 1740 omnibus
929 1679 1085 1740 binis
1154 1680 1460 1740 mensibus
1516 1690 1650 1741 ante
1711 1682 1934 1742 faciunt
1990 1671 2051 1742 et
2105 1684 2447 1742 armentarii
2503 1689 2562 1741 et

298 1782 575 1860 opiliones.
665 1785 848 1846 altera
896 1804 1034 1863 pars
1082 1794 1198 1867 est,
1245 1788 1304 1846 in
1353 1787 1545 1846 fetura
1596 1805 1744 1865 quae
1792 1788 1912 1847 sint
1958 1786 2348 1867 observanda,
2396 1788 2552 1865 quod
2578 1792 2655 1849 19

298 1888 398 1948 alia
443 1891 542 1950 alio
586 1900 855 1970 tempore
893 1910 1103 1970 parere
1143 1892 1308 1952 solet.
1402 1911 1552 1971 equa
1593 1896 1751 1954 enim
1792 1901 2056 1955 ventrem
2095 1895 2210 1954 fert
2248 1894 2559 1954 duodecim

295 2016 534 2079 menseS,
584 2018 758 2060 vacca
817 1999 1050 2079 decem,
1105 2001 1230 2058 ovis
1287 2006 1347 2059 et
1402 2018 1578 2077 capra
1638 2002 1879 2079 quinOS,
1936 2018 2038 2059 sus
2101 2008 2399 2078 quattuor.
2500 2004 2561 2061 in

232 2115 272 2154 1⁵
296 2106 469 2165 fetura
523 2124 613 2166 res
678 2106 1049 2167 incredibilis
1115 2114 1206 2166 est
1270 2108 1332 2165 in
1389 2105 1696 2187 Hispania,
1754 2107 1854 2166 sed
1915 2114 2005 2166 est
2061 2125 2225 2185 vera,
2284 2107 2440 2186 quod
2498 2110 2558 2168 in

296 2210 569 2273 Lusitania
622 2213 692 2273 ad
753 2231 1039 2273 oceanum
1096 2216 1157 2272 in
1214 2231 1281 2273 ea
1339 2215 1608 2294 regione,
1665 2212 1768 2273 ubi
1830 2221 1920 2272 est
1977 2212 2258 2291 oppidum
2315 2213 2557 2294 Olisipo,

294 2329 473 2380 monte
518 2320 702 2399 Tagro
762 2320 1048 2399 quaedam
1108 2339 1139 2380 e
1196 2327 1372 2380 vento
1430 2321 1777 2399 concipiunt
1824 2327 1987 2380 certo
2035 2313 2303 2398 tempore
2352 2338 2558 2403 equae,

293 2434 351 2487 ut
399 2428 488 2489 hic
542 2429 787 2507 gallinae
838 2446 1073 2506 quoque
1121 2427 1339 2506 solent,
1397 2446 1646 2506 quarum
1696 2445 1800 2486 ova
1847 2427 2195 2506 hypenemia
2244 2426 2555 2505 appellant.

294 2535 382 2595 sed
427 2554 490 2596 ex
534 2536 626 2597 his
666 2537 845 2616 equis
885 2536 988 2613 qui
1026 2536 1148 2594 nati
1186 2533 1350 2616 pulli,
1396 2552 1514 2594 non
1553 2533 1689 2614 plus
1728 2536 2053 2595 triennium
2091 2529 2310 2595 vivunt.
2406 2553 2554 2614 quae

229 2650 271 2690 2⁰
292 2653 409 2703 nata
459 2653 591 2705 sunt
644 2650 876 2703 matura
934 2651 993 2702 et
1049 2641 1253 2720 corda,
1309 2649 1377 2702 ut
1423 2660 1571 2719 pure
1623 2649 1682 2702 et
1727 2641 1983 2702 molliter
2031 2649 2189 2702 stent
2236 2642 2555 2702 videndum

293 2757 342 2809 et
398 2769 465 2810 ne
528 2751 894 2811 obterantur.
996 2748 1278 2809 dicuntur
1333 2750 1469 2827 agni
1515 2748 1708 2829 cordi,
1784 2751 1885 2828 qui
1940 2757 2076 2826 post
2131 2757 2367 2827 tempus
2422 2767 2551 2809 nas-

444 3009 507 3057 15
551 3003 609 3056 in
646 3000 939 3057 Lusit-,ania
977 2966 1182 3057 eo'zum.
1229 2999 1320 3052 VI
1353 3003 1455 3067 27,
1495 3003 1530 3055 7
1559 3000 1716 3060 Plin.
1755 3003 1821 3066 s,
1859 3004 1983 3053 166.
2167 3005 2231 3052 21
2290 2999 2551 3054 dicuntur

289 3091 400 3160 agni
435 3093 587 3146 cordi
626 3092 782 3146 Ptin.
823 3098 876 3159 8,
918 3095 1028 3146 187
1104 3156 1109 3159 Δ
1599 3102 1602 3103 ’

407 3342 429 3388 1
488 3334 729 3404 cytisum
788 3332 901 3385 VB
946 3332 1211 3400 eytissum
1258 3329 1313 3382 A
1493 3335 1526 3382 3
1580 3329 1839 3385 foeminis
1898 3329 1948 3382 V
2123 3322 2460 3396 demittitur'
2491 3326 2547 3382 Β

403 3431 433 3477 4
486 3424 708 3478 foetura.
761 3420 815 3474 V
985 3437 1130 3473 nunc
1178 3420 1471 3474 Iucunda-s·
1518 3438 1632 3473 nun
1670 3419 1788 3471 PB
1831 3436 1943 3473 non
1988 3417 2106 3472 Am
2152 3418 2299 3471 unde
2335 3435 2367 3472 v

284 3500 492 3568 feturam
536 3512 593 3566 A
648 3513 884 3582 figuram
928 3527 1066 3565 corr.
1114 3502 1357 3565 feturam
1402 3510 1457 3562 B
1501 3509 1776 3564 foeturam
1830 3508 1881 3560 V
2020 3515 2051 3561 6
2107 3524 2216 3575 quo
2265 3509 2543 3579 quaeque]

285 3615 474 3670 quoque
519 3602 577 3656 A
757 3605 787 3654 7
846 3601 1105 3669 oporteat
1140 3599 1260 3654 AB
1316 3598 1540 3667 oportet
1594 3598 1646 3650 V
1819 3589 2008 3667 suillo]
2056 3597 2104 3651 si
2148 3594 2266 3650 ullo
2310 3596 2365 3649 B

283 3692 442 3756 pecori
494 3691 680 3746 A²mv
734 3706 936 3759 pecore
987 3689 1165 3742 PAB
1327 3687 1614 3741 fauonium
1670 3703 1807 3741 corr.
1856 3717 1925 3726 —
1969 3684 2026 3739 io
2062 3685 2118 3739 B
2280 3690 2312 3737 8
2369 3685 2541 3739 ouillo

286 3777 526 3836 Gesnerus
557 3780 692 3836 ouili
731 3779 907 3834 VAB
1018 3783 1083 3832 10
1111 3775 1368 3830 foeminis
1407 3775 1459 3828 V
1567 3781 1629 3828 11
1660 3774 1867 3830 fatiunt
1892 3775 1947 3828 A
2051 3780 2114 3827 12
2146 3768 2421 3842 opiliones
2447 3791 2543 3829 mv

283 3868 541 3936 cipiliones
570 3869 750 3924 PAB
855 3867 1077 3923 foetura
1115 3865 1178 3932 V,
1214 3867 1343 3920 item
1376 3869 1562 3932 postea
1673 3870 1739 3918 14
1776 3863 1975 3932 qulnos
2009 3862 2191 3917 PAB
2228 3864 2472 3932 quinque
2508 3882 2541 3919 v

365 3966 426 4014 16
464 3974 767 4014 occeanum
804 3957 860 4011 B
970 3954 1208 4023 olisippo
1251 3970 1285 4008 v
1332 3953 1567 4022 obsippo
1610 3952 1809 4006 PAB.
1869 3953 1972 4006 ‘In
2008 3954 2209 4021 optimo
2245 3955 2543 4021 exemplari

283 4044 519 4119 Obsippo’
571 4047 846 4101 Victorius
955 4050 1019 4099 17
1058 4044 1249 4098 monte
1287 4045 1448 4112 tagro
1489 4042 1664 4096 VAB
1701 4058 1859 4097 sacro
1896 4044 2086 4095 monte
2118 4041 2412 4095 Columella
2452 4043 2550 4096 VI

279 4137 354 4203 27,
388 4143 422 4191 7
473 4137 670 4190 monte
725 4132 963 4188 Artabro
1012 4133 1321 4187 Salmasius
1373 4133 1438 4185 in
1475 4131 1649 4186 Solin.
1687 4148 1746 4200 p.
1787 4135 1896 4184 196
1932 4131 2050 4184 coll.
2093 4130 2242 4185 Ptin.
2283 4131 2385 4185 IV
2413 4137 2535 4187 113.
2617 4138 2622 4141 ’

280 4223 396 4280 circa
432 4222 780 4293 Olisiponem
820 4221 1088 4291 oppidum
1126 4222 1184 4274 et.
1219 4222 1439 4290 Tagum
1475 4236 1696 4274 amnem
1733 4220 1959 4273 Plinius
2007 4218 2182 4271 VIII
2213 4224 2323 4273 166
2472 4227 2536 4275 18

278 4326 358 4367 oua
397 4312 718 4368 ianenemia
762 4318 812 4366 et
856 4313 920 4365 in
963 4311 1211 4380 maryine
1256 4309 1299 4363 c'
1338 4305 1623 4378 ὑπηνέμια
1667 4309 1724 4362 Ρ
1762 4325 1869 4363 oua
1913 4306 2043 4361 iane
2077 4307 2227 4361 nemi
2263 4308 2384 4361 AB
2431 4326 2537 4364 oua

276 4398 608 4473 hippenemia
635 4419 668 4456 v
761 4398 1052 4469 appellant
1078 4398 1240 4452 ABv
1280 4397 1645 4467 appellabant
1672 4398 1729 4451 P
1815 4403 1878 4451 19
1908 4411 2050 4463 quae
2079 4391 2208 4449 sunt
2233 4398 2369 4449 nata
2396 4413 2533 4452 corr.

277 4505 388 4555 quae
424 4495 561 4547 nata
600 4492 732 4544 sunt
756 4489 811 4543 Β
955 4495 1024 4542 20
1063 4489 1231 4542 eorda
1259 4486 1437 4541 PAB
1473 4486 1682 4541 chorda
1709 4503 1740 4540 v
1882 4501 2020 4552 pure
2053 4487 2113 4539 et
2138 4484 2386 4539 molliter
2414 4486 2553 4540 AB·
2602 4499 2605 4503 ’

276 4594 381 4647 pure
420 4579 672 4636 molliter
716 4578 770 4632 V
878 4583 944 4632 21
985 4578 1137 4632 cordi
1163 4577 1354 4646 priore
1391 4577 1504 4630 loco
1543 4574 1726 4628 PAB
1763 4571 1956 4627 chordi
1992 4589 2026 4626 v
2140 4575 2443 4629 nascantur
2479 4577 2534 4629 A
2605 4640 2609 4643 ,
