3178 5185
573 375 704 465 272
1258 405 1641 464 coMMENT.
1679 406 1761 462 IN
1797 405 2171 463 VARRONIS

580 565 876 626 adnotavit
924 564 1193 626 Ursinus,
1287 568 1349 628 in
1396 583 1551 642 quas
1597 558 1717 628 n‘on
1764 567 2065 627 inducunt
2109 563 2348 645 scripsi:
2396 581 2531 624 nam
2578 563 2861 625 coniuncss

586 674 740 733 tivus
779 674 840 733 in
877 673 988 734 hac
1026 673 1425 754 descriptione
1464 674 1661 735 locum
1691 693 1809 734 non
1838 672 2033 735 habet.
2087 674 2385 733 inducunt
2410 679 2608 733 autem
2641 672 2863 733 dictum

582 788 698 862 est,
755 799 873 841 non
905 826 906 829 η
934 784 1254 843 includunt
1298 789 1400 842 aut
1455 785 1712 858 iniqunt,
1767 791 2012 861 propter
2069 799 2135 841 ea
2194 798 2342 859 quae
2400 798 2580 858 supra
2644 782 2863 860 scripta

578 895 764 969 erant,
799 891 1155 964 producunt
1191 893 1252 950 in
1284 896 1490 967 prata.
1567 888 1723 968 apud
1761 887 2142 949 Columellam
2170 886 2299 946 Vlll
2330 883 2432 970 14,
2460 884 2502 947 9
2546 887 2619 948 de
2661 886 2864 948 eadem

575 1013 641 1054 re
690 997 910 1075 scripta
950 1000 1090 1057 sunt
1124 997 1289 1079 haec,
1318 1001 1519 1075 pullos
1556 1004 1759 1058 autem
1797 1014 1917 1057 non
1956 998 2204 1073 expedit
2231 998 2442 1072 plures
2488 998 2551 1055 in
2590 998 2864 1069 sinqulas

573 1105 766 1164 haras
823 1121 1004 1179 quam
1058 1108 1300 1166 vicenos
1356 1107 1553 1186 adici,
1609 1123 1723 1166 nec
1780 1122 1997 1164 rursus
2052 1105 2291 1166 omnino
2347 1121 2483 1164 cum
2529 1103 2863 1163 maioribus

578 1213 829 1288 includi,
877 1215 1162 1288 quoniam
1207 1215 1471 1275 validior
1517 1219 1736 1274 enecat
1780 1215 2100 1285 infirmum.

754 1318 945 1380 Neue
985 1338 1115 1399 qua
1156 1337 1234 1381 eo
1272 1320 1618 1381 accedere
1656 1320 1941 1398 possint
1978 1318 2326 1381 mustelae
2366 1317 2645 1379 aliaeue
2687 1336 2862 1396 quae

574 1425 850 1487 bestiae
881 1426 1215 1506 noceant]
1240 1428 1487 1490 Aliaeve
1506 1429 1733 1489 bestiae
1761 1445 1920 1503 quae
1937 1435 2200 1488 noceant
2216 1426 2522 1489 Iucundus
2553 1433 2614 1486 et
2648 1424 2860 1486 deinde

576 1533 790 1612 reliqui
822 1534 1097 1596 editores,
1175 1535 1478 1616 archetypi
1511 1536 1824 1597 lectionem
1855 1543 2134 1596 constans
2163 1534 2443 1595 Varronis
2475 1551 2620 1594 usus
2659 1535 2721 1593 in
2752 1531 2862 1592 hoc

576 1659 793 1720 genere
857 1642 1091 1703 dicendi
1149 1650 1369 1705 tuetur.
1462 1661 1607 1704 num
1663 1647 1893 1703 aliusve
1947 1661 2065 1703 non
2122 1642 2335 1703 addito¹
2377 1642 2734 1722 pronomine
2783 1642 2866 1700 in-

581 1746 824 1808 definito
872 1767 903 1808 a
952 1747 1212 1810 Varrone
1260 1750 1483 1811 dictum
1531 1769 1649 1811 non
1699 1760 1820 1834 est,
1864 1751 1967 1813 sed
2017 1769 2189 1830 saepe
2239 1753 2469 1811 aliusve
2505 1751 2659 1824 quis,
2710 1746 2863 1827 quod

585 1854 895 1935 exemplis
926 1859 1269 1938 compositis
1316 1858 1596 1919 Reiterus
1652 1868 1877 1938 quaest.
1917 1857 2158 1919 Varron.
2199 1875 2444 1936 gramm.
2479 1874 2535 1934 p.
2576 1851 2662 1916 88
2713 1872 2864 1914 com·

580 1961 867 2041 probavit.
959 1968 1294 2027 accuratius
1341 1966 1413 2027 de
1463 1966 1665 2027 eadem
1716 1985 1780 2027 re
1827 1975 2030 2047 postea
2081 1964 2182 2048 11,
2221 1962 2261 2026 3
2311 1964 2658 2030 scribuntur
2704 1962 2866 2044 haec,

577 2090 653 2131 ne
692 2069 888 2146 faeles
935 2076 1132 2134 aliave
1177 2092 1336 2149 quae
1384 2076 1574 2135 bestia
1623 2077 1878 2135 introire
1926 2077 2013 2135 ad
2055 2075 2393 2134 nocendum
2429 2073 2640 2148 possit.

755 2175 796 2240 5
841 2180 1172 2241 'Anseres
1227 2189 1536 2260 pascunt
1592 2183 1662 2240 in
1709 2181 1976 2242 umidis
2032 2179 2215 2240 locis
2262 2187 2330 2239 et
2374 2176 2713 2258 pabulum
2763 2195 2860 2238 se-

577 2285 787 2365 runt]
848 2288 965 2348 Ubi
998 2290 1292 2364 pabulum
1338 2294 1551 2350 serunt
1597 2286 1900 2349 Iucundus
1959 2295 2018 2348 et
2066 2286 2277 2348 deinde
2325 2284 2541 2364 reliqui
2589 2283 2866 2346 editores,

579 2393 805 2454 Colum.
845 2393 971 2454 Vlll
1013 2391 1113 2477 14,
1151 2393 1191 2456 2
1233 2398 1530 2473 palustris
1576 2413 1828 2471 quoque,
1866 2399 1977 2457 sed
2009 2397 2301 2457 herbidus
2339 2412 2491 2469 aqer
2530 2396 2868 2454 destinetur

583 2509 766 2578 atque
812 2506 937 2563 alia
978 2505 1210 2580 pabula
1249 2510 1674 2583 conserantur,
1720 2511 1789 2564 ut
1823 2506 2004 2579 vicia,
2053 2501 2364 2578 trifolium,
2395 2500 2652 2577 faenum
2686 2518 2872 2575 qrae-

583 2629 738 2686 cum,
784 2614 897 2672 sed
931 2616 1271 2689 praecipue
1311 2630 1507 2688 qenus
1565 2614 1768 2688 intibi‚
1815 2615 1979 2688 quod
2031 2606 2217 2693 σέριν
2271 2612 2500 2671 Graeci
2544 2612 2874 2686 appellant.

759 2716 830 2778 Si
876 2717 1192 2778 radicem
1240 2718 1698 2798 prenderunt
1735 2737 1940 2799 quam
1979 2718 2288 2779 educere
2332 2715 2564 2778 uelint
2601 2735 2634 2777 e
2677 2725 2872 2777 terra

580 2825 1015 2905 abrumpunt
1061 2824 1357 2904 collum]
1409 2828 1785 2888 Prenderint
1821 2846 1890 2887 ex
1930 2827 2134 2887 codice
2176 2844 2232 2886 m
2272 2827 2332 2885 in
2371 2825 2704 2905 principem
2750 2824 2872 2885 edi·

582 2936 833 3015 tionem,
890 2936 1256 3010 abrumpunt
1311 2952 1383 2994 ex
1440 2933 1646 2996 eodem
1703 2933 1854 2994 libro
1911 2936 1972 2995 in
2029 2933 2295 2995 Aldinam
2352 2940 2665 3011 receptum
2719 2942 2871 3014 erat3

569 3046 956 3120 prenderunt
1010 3049 1071 3102 et
1126 3044 1495 3120 abrumpunt
1550 3061 1622 3103 ex
1678 3042 1998 3123 archetypo
2057 3041 2353 3103 Victorius
2417 3042 2703 3102 restituit.
2796 3041 2869 3101 de

577 3149 755 3229 pullis'
802 3167 1081 3210 anserum
1128 3148 1333 3209 eadem
1380 3147 1566 3210 refert
1612 3148 1934 3211 Columella
1981 3149 2109 3209 Vlll
2152 3147 2250 3230 14,
2285 3147 2324 3212 8
2371 3166 2512 3210 nam
2560 3151 2618 3209 si
2664 3150 2872 3210 adbuc

572 3275 815 3334 parum,
837 3261 1055 3331 firmus
1102 3259 1381 3332 indicens
1428 3259 1704 3318 ciborum
1744 3261 2025 3334 pervenit
2061 3261 2124 3319 in
2172 3274 2489 3335 pascuum,
2530 3256 2871 3333 fruticibus

580 3371 691 3425 aut
732 3366 1119 3425 solidioribus
1164 3365 1370 3425 herbis
1407 3367 1755 3428 obluctatur
1804 3369 1889 3426 ita
1922 3368 2346 3443 pertinaciter,
2394 3371 2462 3425 ut
2498 3368 2720 3425 collum
2763 3366 2868 3425 ab·

579 3479 840 3549 rumpat.
915 3473 1056 3533 item
1103 3470 1328 3532 Plinius
1365 3470 1419 3530 X
1461 3468 1586 3533 163
1619 3475 1803 3550 pullis
1843 3490 2053 3533 eorum
2091 3475 2295 3532 urtica
2335 3478 2624 3534 contactu
2663 3476 2869 3534 morti-

576 3577 738 3654 fera,
786 3598 899 3640 nec
945 3582 1141 3640 minus
1187 3582 1466 3658 auiditaS,
1514 3599 1679 3641 nunc
1723 3583 2005 3641 satietate
2046 3583 2251 3654 nimia,
2299 3598 2464 3641 nunc
2508 3587 2751 3641 suamet
2792 3584 2871 3653 vi,

580 3689 825 3762 quando
872 3689 1257 3763 adprehensa
1303 3690 1521 3749 radice
1576 3705 1782 3750 morsu
1827 3706 2010 3765 saepe
2065 3694 2356 3749 conantes
2416 3691 2683 3750 avellere
2729 3693 2873 3749 ante

578 3796 737 3855 colla
780 3812 895 3855 sua
944 3797 1327 3872 abrumpunt.

756 3898 795 3963 6
862 3901 1026 3963 Cum
1083 3910 1315 3962 autem
1374 3910 1538 3963 sunt
1594 3902 1865 3966 inclusi
1918 3904 1989 3963 in
2036 3903 2248 3965 haras
2296 3911 2415 3964 aut
2471 3903 2871 3982 speluncas

581 4018 658 4071 ut
713 4009 863 4070 dixi
922 4011 1149 4071 uicini
1205 4008 1535 4072 obiciunt
1595 4013 1688 4071 iis
1745 4010 2148 4091 polentam]
2229 4012 2401 4074 Victu
2463 4014 2742 4074 obiciunt
2796 4032 2871 4088 m,

579 4122 772 4180 victui
805 4121 1101 4181 obiiciunt
1126 4117 1429 4181 Iucundus
1459 4127 1518 4182 et
1549 4119 1761 4180 deinde
1801 4120 2017 4200 reliqui
2055 4119 2331 4181 editores,
2398 4122 2602 4182 viceni
2638 4123 2872 4203 scripsi,

580 4226 652 4286 de
700 4245 819 4306 quo
866 4245 1350 4308 numero,supra
1400 4227 1438 4306 ξ
1474 4225 1519 4289 4
1573 4230 1796 4307 scripta
1853 4236 2023 4289 erant
2068 4227 2246 4311 haec,
2302 4231 2364 4289 in
2411 4246 2568 4304 quas
2615 4234 2736 4292 non
2786 4232 2871 4290 in-

578 4336 813 4396 ducunt
848 4338 988 4412 plus
1033 4339 1273 4397 vicenos
1313 4340 1526 4414 pullos
2117 4341 2126 4351 “

758 4439 793 4503 7
869 4442 964 4503 Ad
1033 4442 1499 4522 saginandum
1569 4442 1847 4523 eligunt
1906 4443 2144 4526 pullos
2201 4445 2507 4505 circiter
2574 4447 2868 4527 sexqui-

583 4567 817 4610 mense
876 4552 993 4630 qui
1049 4560 1218 4612 sunt
1271 4550 1474 4630 natu]
1534 4551 1995 4628 Sexquimenses
2054 4546 2199 4638 (non
2245 4539 2714 4638 sesqzbimenses)
2764 4558 2877 4631 que·
