3178 5185
785 420 1043 474 RERVM
1080 418 1558 476 RVSTICARVM
1596 423 1731 477 LIB.
1770 424 1823 478 II
1863 422 2080 481 9—10
2440 418 2566 481 207

297 572 605 652 legendum
652 593 802 655 csse,
848 584 949 636 aut
995 575 1171 636 verba
1217 575 1314 637 illa
1362 576 1687 640 deformata
1734 598 1959 661 vacare,
1999 578 2156 658 quod
2204 580 2568 659 negligenter

295 679 567 741 librarius
608 681 820 761 aliquis
857 685 1199 767 superiores
1240 703 1412 745 voces
1454 686 1550 746 hic
1579 687 1756 746 etiam
1787 705 1902 747 non
1935 705 2042 747 suo
2072 685 2200 746 loco
2231 689 2569 767 scripsisset

294 797 348 847 et
391 807 489 849 eas
529 791 708 850 etiam
748 790 1028 852 mendose
1068 799 1128 852 et
1165 800 1444 873 corrupte
1483 795 1840 876 scripsisset,
1875 793 2139 872 intelligo
2177 793 2322 876 illas,
2359 796 2567 856 Altero

295 897 442 956 idem
482 901 562 970 fit
608 893 872 960 acrior'.
946 898 1092 959 nihil
1140 900 1334 960 autem
1381 900 1767 979 profecerunt
1815 904 1917 981 qui
1961 910 2097 981 post
2135 899 2457 961 Victorium
2504 904 2566 962 in

294 1004 660 1082 corrigendis
711 1004 904 1066 verbis
958 1024 1270 1085 perperam
1328 1009 1598 1087 repetitis
1653 1026 1892 1088 operam
1940 1019 2462 1086 consumpserunt:
2511 1016 2571 1069 et

291 1113 344 1169 si
384 1115 544 1172 alter
594 1115 799 1173 itidem
846 1118 983 1174 uter
1029 1132 1217 1189 aeyer
1266 1122 1370 1196 est,
1416 1114 1473 1174 h.
1513 1135 1564 1175 e.
1613 1117 1662 1175 si
1709 1114 1991 1176 alteruter
2037 1114 2268 1193 itidem,
2315 1118 2569 1176 coniecit

295 1216 570 1299 Scaliger,
618 1227 679 1280 et
719 1223 776 1280 si
819 1223 975 1280 alter
1020 1223 1259 1295 quidem
1299 1220 1512 1296 fetura
1559 1240 1749 1297 aeyer
1794 1229 1882 1283 est
1926 1221 2164 1301 Popma,
2210 1230 2271 1282 et
2311 1226 2369 1283 si
2411 1228 2570 1284 alter

292 1327 565 1387 videlicet
610 1344 801 1401 aeqer
845 1333 934 1388 est
968 1325 1298 1387 Pontedera
1335 1347 1391 1407 p.
1419 1325 1570 1410 440,
1618 1336 1677 1390 et
1712 1333 1768 1390 si
1811 1333 2124 1403 alteruter,
2161 1337 2229 1389 ut
2265 1332 2567 1391 interdum

287 1434 370 1505 fit,
415 1450 607 1508 aeyer
656 1441 747 1494 est
787 1432 1117 1513 Nettleship
1165 1434 1352 1495 annal.
1398 1434 1600 1513 philol.
1639 1435 1969 1515 Cantabrig.
2018 1454 2068 1496 a.
2109 1432 2278 1496 1877
2328 1455 2381 1515 p.
2425 1434 2569 1498 174.

294 1539 388 1598 sed
437 1558 502 1599 ea
547 1559 788 1620 quoque
828 1559 978 1620 quae
1017 1549 1152 1602 ante
1189 1541 1335 1602 haec
1373 1544 1595 1622 scripta
1634 1552 1775 1604 sunt
1812 1550 2090 1622 corrupta
2130 1560 2260 1602 esse
2300 1552 2570 1622 apparet:

290 1662 415 1705 nam
471 1665 806 1726 pronomen
866 1651 1023 1709 idem
1080 1667 1197 1709 non
1263 1648 1454 1711 habet.
1505 1668 1623 1729 quo
1689 1651 2000 1711 referatur.
2091 1651 2289 1730 itaque
2357 1653 2569 1730 scripsi

287 1755 443 1827 quod
486 1772 630 1815 cum
677 1759 870 1816 altero
918 1759 1057 1817 item
1103 1759 1260 1817 alter
1299 1761 1375 1830 sit
1419 1761 1652 1840 acrior,
1689 1765 1750 1820 et
1791 1760 1848 1818 si
1890 1760 2186 1818 alteruter
2232 1776 2420 1833 aeqer
2466 1764 2571 1839 est,

283 1879 353 1922 ne
394 1865 527 1923 sine
578 1881 734 1923 eane
773 1881 937 1938 qrex
986 1867 1080 1924 sit.

446 1975 499 2029 X
543 1967 581 2030 1
651 1971 749 2031 Ad
794 1973 1106 2032 maiores
1160 1973 1476 2052 pecudes
1531 1982 1765 2035 aetate
1821 1973 2246 2053 superiores
2302 1971 2384 2031 ad
2444 1974 2572 2032 mi·

284 2093 488 2137 nores
537 2079 755 2139 etiam
811 2097 1078 2157 pueros
1136 2089 1212 2140 ut
1264 2090 1572 2158 utroque
1618 2079 1870 2140 horum
1919 2079 2287 2140 firmiores
2334 2081 2452 2158 qui
2500 2082 2570 2139 in

282 2183 587 2245 callibus
655 2194 1050 2247 uersentur
1115 2205 1314 2265 quam
1380 2205 1503 2247 eos
1568 2187 1690 2266 qui
1758 2188 1826 2245 in
1886 2185 2104 2246 fundo
2161 2185 2429 2246 cotidie
2488 2185 2565 2245 ad

285 2290 517 2352 uillam
589 2292 916 2371 redeant]
976 2295 1178 2354 Etiam
1234 2312 1462 2370 pueros
1526 2301 1586 2354 et
1648 2302 1906 2368 utroque
1967 2295 2183 2354 horum
2240 2296 2564 2366 firmiores,

283 2400 383 2470 qui
424 2402 486 2459 in
544 2402 799 2460 collibus
853 2408 1204 2476 versantur,
1261 2419 1441 2476 quam
1497 2419 1597 2462 eos
1656 2404 1763 2477 qui
1824 2404 1886 2461 in
1935 2398 2132 2476 fundo
2187 2408 2247 2461 et
2298 2403 2565 2475 quotidie

284 2507 363 2564 ad
401 2509 610 2566 villam
648 2510 908 2568 redeunt
942 2507 1260 2569 IucunduS.
1318 2507 1623 2586 archetypi
1661 2509 2016 2587 scripturam
2054 2506 2349 2568 Victorius
2392 2509 2562 2568 resti-

285 2614 405 2694 tuit,
442 2613 551 2674 sed
600 2621 661 2676 et
704 2622 962 2691 utroque
1006 2635 1077 2677 ex
1116 2616 1323 2676 Aldina
1371 2615 1631 2677 editione
1679 2618 1942 2677 retinuit.
2015 2615 2128 2675 hoc
2174 2617 2253 2676 ita
2302 2615 2564 2677 defendit

286 2716 600 2802 GesneruS,
637 2730 705 2781 ut
750 2721 820 2781 ad
870 2725 1123 2783 maiores
1168 2730 1230 2783 et
1275 2724 1535 2783 minores
1583 2722 1843 2802 pecudes
1880 2722 2226 2783 referretur.
2293 2733 2561 2803 pastores

284 2828 470 2904 potius
518 2828 640 2888 dici
688 2847 759 2888 ex
805 2832 1154 2908 pronomine
1202 2832 1417 2891 horum
1463 2828 1727 2907 intellegi
1781 2838 2031 2909 poterat.
2121 2831 2319 2908 itaque
2365 2837 2559 2891 utros-

284 2949 392 3006 que
437 2935 654 3013 scripsi
703 2944 762 2996 et
807 2943 877 2996 ut
918 2936 1268 3016 particulam
1329 2936 1547 3016 delevi,
1594 2939 1681 2997 ad
1730 2939 1991 2998 maiores
2031 2939 2306 3013 pecudes
2362 2943 2564 2996 aetate

282 3045 640 3117 superioreS,
685 3046 774 3104 ad
815 3047 1079 3105 minores
1124 3048 1305 3106 etiam
1344 3063 1600 3122 puerOS,
1647 3051 1934 3120 utrosque
1987 3046 2202 3106 horum
2255 3046 2562 3117 firmiores

284 3152 382 3220 qui
424 3151 486 3209 in
534 3151 794 3210 callibus
839 3160 1158 3212 versentur
1195 3170 1340 3233 sqq.,
1379 3153 1496 3211 nisi
1540 3152 1740 3230 potius
1777 3154 1985 3227 utique
2020 3159 2307 3225 utrosque
2344 3151 2560 3210 horum

287 3253 661 3315 scribendum
709 3256 838 3336 fuit,
877 3257 1034 3336 quod
1082 3257 1297 3338 legitur
1334 3266 1539 3352 postea
1587 3257 1628 3335 ξ
1672 3255 1747 3319 11
1801 3261 2009 3333 utique
2044 3266 2300 3333 uterque
2343 3259 2559 3318 horum

285 3368 346 3420 ut
377 3380 583 3424 secum
620 3364 846 3424 habeat
880 3382 1079 3440 equos.
1147 3367 1477 3426 accusativo
1525 3373 1724 3426 autem
1763 3383 1920 3441 casu,
1959 3366 2019 3425 in
2064 3384 2180 3445 quo
2227 3362 2562 3426 offendebat

287 3465 697 3551 SchneideruS‚
736 3470 879 3531 haec
925 3471 1080 3533 dicta
1129 3481 1284 3548 sunt,
1323 3491 1440 3533 non
1482 3472 1663 3534 relata
1711 3472 1780 3532 ad
1822 3490 1889 3532 ea
1927 3491 2078 3552 quae
2125 3481 2295 3534 antea
2338 3474 2557 3552 scripta

286 3584 462 3658 erant,
507 3579 779 3638 habendi
813 3586 1113 3656 pastoreS,
1159 3580 1261 3640 sed
1311 3581 1627 3640 coniuncta
1675 3597 1811 3640 cum
1860 3578 1952 3638 his
1998 3598 2148 3658 quae
2195 3588 2329 3659 post
2374 3581 2556 3639 inter-

285 3684 527 3758 positam
577 3687 929 3745 sententiam
978 3690 1184 3761 itaque
1220 3690 1282 3747 in
1318 3688 1572 3747 saltibus
1611 3690 1754 3747 licet
1794 3689 2003 3747 videre
2020 3720 2107 3729 —
2111 3693 2384 3764 pascant
2418 3685 2553 3745 sub-

284 3787 438 3850 iecta.
463 3843 464 3846 ,
491 3798 659 3872 sunt,
724 3809 824 3852 eos
889 3812 1110 3869 coqere
1174 3801 1422 3871 oportet.
1515 3793 1763 3854 eandem
1829 3793 2275 3872 explicationem
2337 3791 2559 3852 habent

287 3898 639 3957 coniunctivi
684 3897 846 3958 modi
889 3907 1211 3961 versentur
1257 3909 1317 3961 et
1362 3902 1645 3975 redeant,
1692 3918 1802 3979 pro
1851 3899 2066 3979 quibus
2111 3898 2413 3959 Iucundos
2470 3901 2555 3959 in-

289 4000 562 4064 dicativos
625 4012 950 4066 versantur
1005 4016 1066 4066 et
1118 4009 1379 4068 redeunt
1441 4006 1850 4067 substituerat.
1942 4008 2199 4085 primum
2262 4008 2417 4066 euim
2483 4006 2557 4066 de

288 4117 463 4171 aetate
511 4119 572 4171 et
617 4109 690 4171 de
737 4129 954 4190 genere
1002 4122 1308 4192 pastorum
1356 4122 1669 4193 praecepta
1717 4122 2049 4192 ponuntur:
2097 4112 2240 4172 alios
2288 4113 2446 4172 enim
2484 4112 2556 4172 ad

289 4219 527 4278 maiores
573 4217 835 4296 pecudes
881 4236 1089 4297 parare
1138 4228 1399 4302 oportet,
1447 4219 1591 4281 alios
1639 4220 1709 4280 ad
1769 4221 2058 4299 minores,
2103 4218 2316 4278 horum
2365 4226 2556 4278 utros-

289 4339 394 4399 que
438 4324 582 4386 alios
630 4325 735 4404 qui
778 4326 841 4385 in
889 4324 1132 4387 callibus
1179 4328 1470 4388 montium
1517 4333 1858 4406 versentur,
1905 4325 2047 4386 alios
2097 4327 2197 4404 qui
2252 4326 2315 4384 in
2373 4323 2555 4384 fundo

291 4442 588 4506 pascentes
629 4432 846 4493 cotidie
885 4433 958 4494 ad
997 4433 1187 4494 villam
1237 4433 1497 4495 redeant.
1572 4433 1804 4513 deinde,
1843 4434 1893 4493 si
1931 4432 2131 4512 plures
2170 4449 2380 4510 greges
2419 4434 2556 4514 sint,

290 4553 452 4613 quem
499 4540 569 4600 ad
613 4540 858 4600 modum
920 4542 981 4600 in
1037 4544 1275 4620 pascuis
1333 4548 1599 4620 pastores
1648 4539 1908 4600 'habendi
1968 4542 2112 4620 sint,
2169 4540 2553 4618 praecipitur:
