3178 5185
737 446 998 501 RERVM
1035 447 1516 503 RVSTIOARVM
1558 448 1695 502 LIB.
1735 448 1759 501 I
1799 445 2054 503 30—31
2453 438 2538 503 85

278 619 457 680 quam
480 603 690 662 etiam
719 603 1013 663 tertium
1043 602 1462 683 relinquere
1493 602 1818 682 reliquos
1847 601 2265 682 decerpere]
2286 621 2535 664 asecun·

279 711 401 774 dum
428 710 641 787 optima
670 710 1022 789 apographa,
1042 713 1130 770 ad
1153 713 1484 772 secundum
1513 709 1695 771 editio
1727 711 2006 788 princeps
2036 727 2065 770 a
2097 708 2386 770 Politiano
2416 727 2535 769 non

277 822 516 875 correcta
564 824 624 876 et
671 815 857 876 codex
897 815 1205 878 caesenas,
1262 817 1409 877 Non.
1451 836 1505 896 p.
1545 814 1650 899 93,
1688 813 1777 877 20
1827 816 2024 878 Varro
2073 819 2148 877 de
2193 836 2264 878 re
2300 820 2536 878 rustica

273 923 356 984 lib.
389 924 430 983 I
474 941 508 984 e
559 931 867 985 sarmento
931 927 1138 985 caules
1195 925 1303 998 qui
1362 927 1497 984 nati
1546 930 1712 1003 sunt,
1772 926 1846 984 de
1898 924 1992 982 his
2048 926 2155 997 qui
2204 926 2535 1000 plurimum

272 1032 450 1090 valent
485 1033 751 1107 primum
798 1049 877 1092 ac
919 1034 1278 1105 secundum,
1326 1049 1774 1106 nonnumquam
1823 1033 2002 1091 etiam
2058 1032 2304 1090 tertium
2349 1033 2531 1091 relin-

271 1153 451 1218 quere,
488 1141 753 1212 reliquos
800 1141 1149 1214 decerpere.
1221 1136 1359 1197 inde
1400 1140 1668 1214 primum
1714 1155 1791 1198 ac
1835 1138 2166 1198 secundum
2213 1135 2531 1197 IucunduS.

273 1241 411 1302 idem
456 1261 634 1323 supra
674 1253 888 1321 postea
935 1262 1159 1306 occare
1206 1247 1272 1305 id
1305 1251 1394 1305 est
1430 1247 1836 1306 comminuere
1882 1262 1952 1303 ex
1991 1241 2178 1301 Nonio
2224 1260 2280 1321 p.
2312 1239 2414 1323 61,
2448 1238 2535 1304 25

270 1349 476 1425 primus
533 1352 813 1411 restituit.
906 1349 1185 1411 Varronis
1241 1360 1554 1431 praecepta
1617 1350 1690 1411 de
1745 1351 2184 1429 pampinatione
2240 1351 2535 1430 expressit

266 1452 559 1518 Columella
607 1456 682 1517 IV
719 1455 826 1539 27,
860 1454 902 1519 2
951 1461 1225 1533 idemque
1271 1461 1513 1533 vinitor,
1558 1461 1668 1534 qui
1709 1465 1852 1519 ante
1891 1457 2088 1532 ferro,
2135 1474 2298 1517 nunc
2343 1474 2529 1517 manu

268 1563 523 1625 decurtet
584 1567 855 1637 (decutet
921 1566 1048 1626 cod.
1108 1565 1309 1644 Sang.)
1367 1568 1733 1641 umbrasque
1787 1571 2127 1641 compescat
2190 1582 2266 1624 ac
2324 1582 2533 1640 super-

267 1685 466 1730 vacuos
504 1673 823 1747 pampinos
871 1673 1167 1734 deturbet.
1241 1690 1383 1733 nam
1430 1651 1496 1733 id
1531 1675 1862 1748 plurimum
1909 1670 2105 1745 refert
2150 1688 2269 1731 non
2317 1673 2531 1731 inscite

263 1772 474 1851 facere,
512 1779 807 1852 siquidem
846 1781 941 1863 vel
981 1782 1175 1854 maqis
1214 1781 1665 1856 pampinationi
1699 1795 1879 1853 quam
1918 1779 2228 1853 putationi
2262 1780 2525 1839 consulit

265 1881 373 1957 ipse
417 1880 597 1942 Varro
645 1882 1121 1964 Theophrastum
1169 1884 1241 1947 de
1289 1903 1445 1946 caus,
1475 1884 1656 1964 plant.
1687 1882 1766 1942 111
1800 1879 1900 1963 14,
1933 1879 1968 1942 7
2009 1883 2243 1944 videtur
2282 1892 2526 1944 secutus

268 2005 397 2049 esse.
440 2022 512 2031 —
555 1994 714 2052 coles
762 2000 822 2052 et
867 1999 1072 2070 postea
1121 1994 1351 2053 colibus
1398 1991 1617 2052 hahent
1662 1990 1942 2051 Varronis
1998 1989 2134 2050 libri
2193 1997 2252 2050 et
2297 1986 2455 2071 141,
2486 1987 2527 2050 6

265 2098 408 2169 colis,
451 2095 477 2155 I
513 2094 618 2177 31,
655 2094 701 2158 4
746 2108 806 2159 et
852 2096 956 2173 41,
994 2097 1036 2159 4
1084 2102 1392 2160 coliculus.
1469 2097 1741 2158 similiter
1787 2096 1839 2156 11
1877 2092 1937 2176 5,
1976 2092 2015 2156 8
2064 2105 2124 2157 et
2174 2094 2229 2178 7,
2270 2092 2311 2157 5
2349 2100 2525 2158 coda.

262 2197 409 2284 152,
447 2201 478 2265 1
541 2209 880 2281 plostellum
944 2214 1004 2266 et
1050 2203 1217 2284 122,
1258 2203 1335 2267 11
1398 2210 1662 2283 plostra,
1729 2204 1832 2264 sed
1899 2204 2135 2281 saepius
2200 2206 2404 2280 cauda
2470 2213 2531 2264 et

263 2311 578 2383 plaustrum
587 2332 612 2383 ;
658 2314 800 2372 item
848 2311 901 2370 11
941 2310 998 2394 7,
1037 2309 1076 2373 8
1124 2321 1184 2373 et
1233 2309 1291 2393 8,
1328 2309 1374 2373 4
1419 2315 1598 2388 oriqa
1644 2329 1752 2391 pro
1802 2313 2044 2384 auriqa.

418 2419 706 2479 Resicari
766 2437 838 2478 ex
904 2419 1104 2480 codice
1171 2418 1469 2480 Victorius
1533 2418 1858 2498 adnotavit,
1921 2417 2187 2496 quamvis
2252 2421 2532 2478 resecari

263 2520 562 2585 Politianus
609 2527 669 2586 in
719 2527 986 2608 principe
1035 2526 1292 2588 editione
1352 2545 1470 2587 non
1527 2527 1874 2587 correxerit.
1966 2523 2174 2584 eodem
2232 2525 2404 2585 modo
2462 2527 2523 2585 in

264 2629 441 2691 codice
507 2634 726 2712 scripta
782 2643 952 2694 erant
1006 2633 1181 2716 haec,
1241 2633 1319 2694 111
1364 2632 1461 2715 16,
1499 2631 1586 2694 34
1627 2636 2050 2714 praesicatur,
2097 2632 2122 2691 1
2160 2628 2265 2713 50,
2309 2629 2340 2693 1
2390 2635 2525 2693 sub-

262 2739 571 2813 sicuerunt‚
628 2736 707 2799 ib.
745 2737 787 2800 2
832 2742 1161 2815 subsicent,
1218 2740 1439 2802 ibidem
1494 2749 1692 2802 tamen
1750 2741 2073 2800 subsecari
2129 2741 2528 2801 subsecentur

262 2846 595 2906 subsecatur
643 2855 703 2907 et
758 2849 1028 2921 desecat,
1085 2849 1240 2908 sicut
1284 2845 1310 2905 I
1348 2843 1450 2908 33.
1490 2844 1594 2926 41,
1637 2843 1770 2927 103,
1802 2845 1992 2906 semel
2038 2844 2064 2904 I
2102 2842 2205 2927 31,
2242 2842 2288 2906 4
2331 2849 2531 2908 sicari

265 2951 472 3013 vitiose:
510 2971 642 3012 nam
682 2954 742 3012 in
783 2955 1128 3033 compositis
1168 2953 1389 3014 codicis
1429 2955 1786 3031 scripturam
1828 2951 2085 3013 exhibui.
2133 2954 2274 3013 item
2304 2951 2330 3011 1
2365 2950 2524 3033 10,2

263 3059 598 3120 subsicivum
645 3068 708 3120 et
753 3077 925 3140 saepe
967 3060 1298 3135 faenisicia
1346 3068 1406 3121 et
1445 3059 1800 3140 faenisices,
1848 3058 2032 3119 semel
2075 3058 2129 3119 ΙΙ
2173 3058 2271 3140 11,
2312 3056 2347 3119 7
2389 3059 2524 3135 sae·

263 3166 489 3240 nisecia‚
536 3166 692 3245 quod
741 3168 995 3228 correxi.

416 3270 456 3334 3
518 3272 850 3334 Maiorem
924 3275 1137 3337 ctiam
1213 3272 1394 3334 unde
1470 3291 1656 3333 uuae
1734 3282 2133 3334 nascuntur
2198 3273 2521 3352 palmam]

264 3377 535 3441 Maiorem
578 3383 744 3441 unde
789 3382 970 3441 etiam
1017 3381 1272 3441 coniecit
1318 3378 1647 3441 Gesnerus:
1714 3381 1893 3439 immo
1951 3382 2242 3441 maiorem
2288 3388 2347 3441 et
2403 3384 2524 3441 iam

266 3488 420 3548 unde.
505 3506 638 3548 nam
687 3486 877 3565 palma
936 3493 1028 3547 est
1072 3488 1235 3562 vitiS,
1283 3504 1433 3566 quae
1491 3496 1583 3548 est
1639 3488 1825 3547 maior
1882 3505 2059 3566 quam
2113 3485 2407 3566 flagellum
2464 3499 2524 3548 et

265 3608 322 3650 ex
365 3612 472 3672 qua
514 3597 629 3655 iam
679 3611 823 3654 uvae
874 3601 1220 3655 nascuntur.

419 3699 766 3762 Similiter
831 3719 907 3760 ac
977 3699 1347 3761 flabellum
1413 3698 1809 3779 flagellum]
1870 3701 2163 3761 Similiter
2213 3703 2523 3775 flabellum

266 3821 330 3865 ac
362 3811 661 3884 flayellum
709 3825 780 3868 cx
826 3806 1061 3867 Iuntina
1108 3807 1365 3868 editione
1414 3807 1606 3868 adhuc
1664 3816 1970 3886 receptum
2032 3815 2175 3868 erat.
2269 3826 2404 3867 nam
2459 3810 2520 3868 in

265 3915 672 3994 antiquioribus
721 3916 898 3975 etiam
944 3913 1113 3993 plura
1160 3915 1506 3994 perturbata
1555 3924 1740 3976 erant.

416 4023 787 4084 Posterior
834 4041 968 4101 quo
1028 4041 1104 4082 ea
1162 4025 1336 4084 uitis
1391 4024 1811 4084 immittitur
1868 4022 1946 4083 ad
2003 4039 2181 4082 uuas
2235 4024 2518 4101 parien-

268 4122 368 4186 das
442 4130 630 4191 dicta
713 4130 944 4208 primo
1028 4129 1318 4191 uidetur
1400 4148 1432 4189 a
1512 4129 1859 4209 pariendo
1941 4128 2280 4207 parilema
2359 4130 2518 4188 exin

269 4238 526 4297 mutatis
571 4236 847 4297 litteris
898 4242 971 4296 ut
1015 4237 1086 4295 in
1134 4236 1380 4298 multis
1418 4237 1558 4298 dici
1598 4245 1855 4315 coepta
1890 4233 2147 4315 palma]
2189 4236 2517 4312 Posterior,

269 4345 405 4410 quod
444 4363 515 4404 ea
559 4346 950 4404 summittitur
1001 4346 1088 4403 ad
1131 4347 1278 4405 vites
1314 4347 1690 4421 parietinas,
1739 4346 1905 4405 dicta
1945 4344 2146 4419 primo
2192 4344 2432 4402 videtur
2479 4361 2518 4402 a

267 4452 531 4518 pariendo
591 4453 922 4528 parilema,
988 4453 1132 4511 exin
1199 4454 1442 4512 minutis
1506 4454 1750 4525 litteris,
1824 4457 1891 4510 ut
1964 4452 2025 4508 in
2098 4450 2325 4522 multis,
2392 4452 2520 4510 dici

273 4563 453 4633 coepta
490 4561 694 4636 palma
726 4556 1005 4637 *Andreas
1044 4556 1328 4617 Schottus
1376 4557 1606 4617 observ.
1645 4555 1804 4617 hum.
1835 4553 1895 4637 4,
1931 4553 2037 4616 24.
2094 4558 2384 4616 mutilatis
2421 4560 2513 4618 lit-
