3178 5185
563 393 694 458 282
1247 403 1627 460 COMMENT.
1667 405 1747 460 IN
1783 404 2159 461 VARRONIS

561 575 755 635 neque
813 561 1006 620 ollare
1061 558 1152 618 vel
1198 576 1317 638 quo
1366 557 1479 619 alio
1539 560 1777 619 nomine
1837 559 2183 638 operculum
2241 559 2536 620 doliorum
2601 558 2852 640 appella-

567 672 689 725 tum
737 672 845 725 est.

739 769 950 832 XVI2
1013 770 1179 832 Nam
1244 791 1398 833 cum
1461 791 1734 852 pauper
1796 791 1950 834 cum
2017 773 2294 835 duobus
2362 773 2722 835 fratribus
2786 784 2851 835 et

562 878 836 939 duabus
902 877 1280 940 sororibus
1338 897 1567 940 essem
1624 880 1935 941 relictus
1992 898 2286 960 quarum
2343 879 2641 942 alteram
2700 883 2850 941 sine

561 986 724 1046 dote
773 986 938 1046 dedi
981 984 1257 1046 lucullo
1306 1005 1337 1045 a
1386 1004 1522 1065 quo
1570 986 1982 1047 hereditate
2034 1006 2133 1047 me
2183 1005 2386 1048 cessa
2432 989 2739 1067 primum
2785 995 2852 1047 et

562 1095 832 1171 primus
898 1092 1203 1155 mulsum
1260 1093 1445 1154 domi
1501 1112 1691 1154 meae
1747 1093 1999 1155 bibere
2057 1096 2264 1173 coepi
2320 1093 2510 1173 ipse]
2580 1097 2850 1168 Quarum

564 1207 666 1259 aut
694 1198 1008 1260 delendum
1041 1208 1143 1260 aut
1170 1218 1384 1261 earum
1414 1200 1796 1261 scribendum
1819 1219 1949 1261 esse
1979 1200 2279 1262 adnotavit
2301 1200 2580 1282 Scaliger,
2609 1201 2852 1262 inclusit

562 1305 891 1380 GesneruS,
958 1310 1223 1367 duarum
1279 1309 1535 1379 coniecit
1596 1307 1637 1367 Ι.
1684 1307 1746 1368 F.
1802 1306 2132 1368 Gronovius
2189 1309 2343 1387 apud
2402 1294 2849 1369 Schneiderum.

562 1411 826 1491 exempla
874 1413 1052 1473 huius
1098 1413 1522 1494 anacoluthiae,
1581 1432 1718 1474 cum
1767 1423 1901 1493 post
1946 1417 2425 1475 coniunctionem
2483 1432 2621 1476 cum
2670 1417 2849 1476 inter·

558 1520 769 1597 positis
818 1518 1078 1579 relativis
1126 1523 1440 1581 sententiis
1486 1523 1682 1582 iustus
1721 1521 2042 1582 verborum
2081 1522 2228 1582 ordo
2265 1521 2677 1604 perturbatur,
2716 1523 2849 1583 dedi

561 1625 584 1685 1
628 1625 683 1706 1,
722 1624 786 1686 2.
821 1658 908 1668 —
945 1630 1031 1687 mi
1074 1645 1246 1688 cessa
1292 1626 1622 1709 lucunduS,
1676 1647 1771 1689 me
1817 1648 1991 1690 cessa
2037 1648 2109 1689 ex
2167 1647 2344 1690 manu
2395 1632 2635 1708 scriptis
2685 1628 2849 1690 libris

558 1731 846 1812 Angelius
884 1735 1164 1793 restituit.
1238 1751 1331 1795 me
1369 1734 1559 1794 dativo
1601 1753 1741 1795 casn
1780 1738 1840 1796 in
1872 1735 2176 1796 codicibus
2206 1737 2496 1815 scriptum
2532 1745 2626 1797 est
2661 1737 2847 1797 Plaut.

558 1839 770 1901 Bacch.
809 1835 940 1901 565
962 1909 965 1912 ,
987 1858 1081 1902 me
1130 1843 1251 1900 ires
1298 1845 1633 1902 consultum
1671 1846 1827 1903 male
1865 1853 1924 1903 et
1964 1829 2095 1904 684
2129 1861 2223 1903 me
2259 1847 2416 1904 male
2457 1848 2845 1919 consuluisse,

561 1946 722 2008 Varr.
761 1946 835 2007 de
873 1947 1010 2026 ling.
1048 1946 1149 2008 lat.
1184 1945 1285 2006 Vll
1322 1945 1361 2009 8
1403 1952 1621 2025 templa
1661 1956 1947 2024 tescaque
1992 1968 2084 2011 me
2120 1953 2208 2010 ita
2243 1957 2438 2010 sunto,
2523 1968 2595 2010 ex
2642 1959 2840 2011 vetere

559 2056 854 2132 scriptura
921 2057 1062 2127 mei,
1131 2055 1301 2114 cuius
1364 2053 1629 2132 exempla
1696 2055 2105 2116 Lachmannns
2171 2059 2230 2116 in
2279 2055 2454 2116 Lucr.
2500 2074 2556 2134 p.
2597 2054 2729 2118 246
2787 2066 2844 2117 et

555 2162 618 2222 A.
658 2160 980 2221 Muellerus
1027 2160 1099 2220 de
1147 2162 1362 2240 priscis
1409 2161 1731 2222 verborum
1779 2162 1986 2222 formis
2033 2161 2412 2223 Varronianis
2457 2182 2513 2242 p.
2553 2159 2639 2224 48
2691 2183 2843 2224 com-

556 2275 895 2347 posuerunt
958 2276 1018 2328 et
1082 2286 1258 2345 quam
1322 2269 1385 2327 in
1441 2266 1635 2328 dativo
1693 2287 1835 2330 casu
1883 2269 2154 2347 Nigidius
2208 2269 2364 2349 apud
2419 2269 2675 2330 Gellium
2712 2270 2844 2331 XIII

554 2371 658 2449 26,
697 2371 741 2434 4
785 2373 1085 2455 probavit,
1142 2373 1289 2434 haec
1346 2374 1621 2435 videntur
1677 2376 1886 2436 relicta
1944 2394 2093 2436 esse.
2186 2394 2319 2436 nam
2367 2395 2439 2437 ex
2493 2379 2653 2438 mike
2708 2396 2839 2438 con-

555 2484 844 2543 tractione
902 2481 1121 2541 facturn
1180 2499 1311 2541 esse
1369 2499 1462 2542 me
1514 2484 1722 2561 paucis
1769 2481 1947 2544 huius
2004 2486 2333 2563 scripturae
2391 2482 2678 2563 exemplis
2726 2503 2839 2544 non

555 2590 698 2649 satis
746 2587 1195 2666 comprobatum
1244 2598 1351 2650 est.
1426 2589 1640 2650 deinde
1681 2594 1940 2651 daretur
1985 2594 2240 2652 mulsum
2278 2592 2510 2672 scripsi,
2551 2590 2654 2652 ubi
2694 2595 2841 2653 dare

554 2698 617 2755 in
664 2695 982 2774 archetypo
1023 2694 1206 2755 fnisse
1254 2695 1509 2758 videtur.
1600 2715 1736 2756 nam
1784 2697 1896 2757 hoc
1945 2697 2088 2758 dicit
2135 2698 2385 2778 AppiuS,
2437 2715 2501 2757 se
2552 2707 2678 2758 tum
2725 2700 2836 2777 pri-

558 2819 737 2882 mum,
778 2819 912 2861 cum
952 2801 1340 2863 hereditatem
1380 2802 1613 2864 Luculli
1651 2807 1997 2885 accepisset,
2036 2803 2293 2865 mulsum
2332 2803 2537 2864 bibere
2576 2807 2835 2883 coepisse

553 2917 614 2969 et
658 2910 920 2988 primum
966 2911 1229 2969 omniurn
1285 2909 1430 2971 illud
1478 2911 1636 2970 domi
1693 2912 2051 2993 instituisse,
2115 2929 2252 2971 cum
2307 2920 2505 2971 tamen
2561 2911 2732 2990 vulgo
2776 2914 2834 2971 in

553 3016 834 3077 conviviis
883 3014 1140 3076 mulsum
1187 3018 1406 3096 apponi
1452 3014 1728 3077 omnibus
1776 3017 2012 3078 soleret.
2170 3018 2178 3026 '

730 3121 770 3184 3
837 3122 927 3182 De
983 3122 1411 3183 incredibili
1475 3141 1716 3183 earum
1782 3126 2044 3185 artium
2106 3124 2423 3185 naturali
2482 3123 2682 3201 audi]
2748 3126 2836 3185 De

552 3232 905 3291 incredibili
960 3248 1173 3290 earum
1222 3234 1424 3290 avium
1470 3238 1701 3292 natura
1759 3231 1914 3291 edita
1971 3231 2110 3291 inde
2167 3249 2200 3290 a
2253 3234 2523 3311 principe
2582 3232 2833 3293 editione

553 3335 923 3416 exemplaria.
1018 3340 1093 3397 de
1141 3338 1493 3398 incredibili
1535 3355 1749 3398 earum
1802 3346 1940 3397 arte
1985 3341 2265 3397 naturali
2299 3339 2540 3417 scripsi:
2597 3343 2834 3417 apparet

552 3446 708 3503 enim
766 3442 837 3502 ad
894 3461 961 3502 ea
1019 3462 1168 3521 quae
1226 3444 1613 3526 antecedunt,
1679 3446 1897 3520 quibus
1945 3448 2276 3521 plurimum
2338 3452 2568 3506 natura
2637 3446 2836 3520 inqeni

552 3556 734 3625 atque
780 3554 934 3610 artis
979 3553 1211 3624 tribuit,
1257 3549 1403 3611 haec
1451 3551 1765 3611 referenda
1811 3568 1960 3611 esse.

727 3655 996 3716 Merula
1042 3665 1118 3717 ut
1163 3664 1405 3719 cetera
1453 3660 1636 3720 fecit
1691 3659 2092 3718 historicos
2140 3675 2315 3736 quae
2374 3660 2582 3735 sequi
2640 3657 2830 3718 meli-

552 3771 806 3841 turgeo
854 3760 1140 3823 soleant
1185 3763 1255 3822 id
1312 3772 1421 3824 est
1480 3768 1601 3845 qui
1658 3773 1953 3825 exercet
2007 3763 2333 3825 mellaria
2389 3763 2829 3824 demonstra-

550 3862 686 3951 bit]
755 3868 837 3928 De
897 3870 1142 3930 veritate
1201 3872 1529 3949 scripturae
1585 3875 1908 3934 historicos
1961 3873 2323 3951 interpretes
2377 3868 2650 3931 dubitare
2717 3889 2828 3930 non

552 3974 862 4036 debebant.
955 3994 1089 4036 narn
1137 3977 1456 4055 disputatio
1504 3977 1577 4038 de
1636 3977 1844 4057 apibus
1902 3982 1980 4038 ita
2035 3978 2220 4038 divisa
2265 3987 2381 4057 est,
2446 3985 2513 4036 ut
2576 3978 2829 4054 primum

552 4085 776 4162 Appius
841 4101 908 4143 ea
975 4101 1125 4163 quae
1193 4084 1264 4143 ad
1323 4094 1591 4146 naturam
1650 4104 1855 4146 earum
1918 4087 2222 4165 pertinent
2277 4091 2557 4164 exponat,
2622 4082 2825 4143 deinde

549 4188 772 4250 Merula
820 4208 888 4250 ea
939 4207 1088 4268 quae
1136 4208 1168 4250 a
1206 4189 1563 4270 melitturgis
1603 4194 1966 4269 experientia
2003 4193 2243 4250 inventa
2281 4197 2425 4249 sunt
2459 4197 2681 4251 narret.
2745 4190 2824 4248 in-⁴

549 4305 751 4376 eptum
810 4304 1008 4356 autem
1066 4304 1158 4356 est
1211 4287 1485 4375 ὑλικῶς,
1552 4296 1709 4377 quod
1769 4315 1838 4357 ex
1901 4292 2131 4358 ‘vetere
2188 4290 2424 4356 codice'
2488 4294 2561 4355 ab
2620 4294 2822 4356 Ursino

550 4403 892 4464 adnotatum
933 4402 1334 4464 Schneiderus
1371 4406 1620 4484 recepit.
1693 4408 1761 4465 id
1795 4411 1884 4465 est
1919 4407 2026 4480 qui
2060 4410 2313 4464 exercet
2344 4406 2643 4484 mellaria,
2681 4419 2820 4482 quae

549 4508 619 4568 ad
658 4528 936 4588 graecum
975 4526 1191 4569 nomen
1229 4509 1524 4590 adscripta
1553 4519 1740 4591 erant,
1787 4509 1923 4570 inde
1961 4508 2035 4569 ab
2073 4508 2280 4569 Aldina
2320 4510 2577 4570 editione
2615 4510 2822 4569 omissa
