3178 5185
715 414 972 469 RERVM
1009 413 1483 469 RVSTICARVM
1522 413 1656 469 LIB.
1696 417 1722 470 I
1761 408 2000 465 48-51
2399 412 2521 476 187

426 581 615 642 Messis
661 584 904 661 proprio
952 584 1190 642 nomine
1238 581 1458 641 dicitur
1504 583 1565 641 in
1613 585 1688 643 iis
1735 601 1884 662 quae
1923 584 2220 658 metimur,
2267 582 2519 640 maxime
2558 576 2604 636 L

268 691 320 748 in
381 689 677 769 frumento,
746 697 807 749 et
870 688 943 749 ab
999 708 1074 758 ¹eo
1133 708 1262 750 esse
1319 688 1601 749 vocabulo
1659 689 1967 750 declinata.
2071 689 2354 748 frumenti
2410 688 2525 747 tria

266 815 459 874 genera
501 804 631 856 sunt
677 798 1025 876 messionis»,
1074 815 1277 876 unum,
1325 805 1391 856 ut
1437 798 1497 855 in
1549 795 1802 877 Vmbria,
1848 796 1952 856 ubi
2001 795 2147 856 falce
2195 795 2522 855 secundum

266 911 461 962 terram
517 903 829 964 succidunt
886 911 1277 964 stramentum
1335 912 1394 963 et
1449 903 1844 983 manipulum,
1910 912 1977 963 ut
2033 920 2328 982 quemque
2386 900 2523 961 sub·

218 1012 557 1090 csicuerunt,
601 1018 833 1089 ponunt
879 1012 941 1069 in
991 1020 1165 1071 terra.
1259 1010 1362 1071 ubi
1408 1029 1510 1070 eos
1558 1012 1830 1070 fecerunt
1878 1010 2111 1091 multos,
2157 1012 2374 1070 iterum
2422 1026 2525 1068 eos

263 1126 583 1193 percensent
649 1136 718 1178 ac
788 1117 861 1177 de
928 1117 1176 1196 singulis
1244 1126 1446 1177 secant
1510 1119 1667 1178 inter
1734 1119 1927 1197 spicas
1990 1125 2051 1178 et
2115 1124 2521 1176 stramentum.

263 1225 434 1301 spicas
491 1227 747 1285 coiciunt
812 1227 871 1284 in
931 1225 1174 1285 corbem
1239 1232 1415 1303 atque
1481 1226 1541 1284 in
1609 1243 1803 1285 aream
1862 1227 2135 1304 mittunt,
2201 1228 2522 1284 stramenta

261 1329 527 1392 relincunt
586 1334 648 1391 in
716 1340 943 1412 segete,
1015 1332 1168 1392 unde
1233 1331 1514 1392 tollantur
1579 1334 1639 1391 in
1705 1350 1997 1392 acervum.
2089 1329 2274 1391 altero
2338 1330 2571 1389 modo2

260 1446 482 1517 metunt,
526 1446 590 1499 ut
636 1441 697 1498 in
747 1439 984 1519 Piceno,
1034 1438 1136 1499 ubi
1182 1438 1440 1517 ligneum
1490 1438 1715 1499 habent
1760 1441 2075 1499 incurvum
2119 1437 2415 1518 bacillum,
2462 1439 2522 1496 in

197 1562 239 1600 ιο
261 1562 361 1621 quo
421 1547 492 1605 sit
550 1553 815 1606 extremo
881 1546 1108 1606 serrula
1175 1548 1384 1607 ferrea.
1485 1546 1630 1606 haec
1699 1564 1836 1606 cum
1892 1546 2248 1624 conprendit
2304 1547 2522 1605 fascem

261 1652 550 1733 spicarum,
614 1654 853 1714 desecat
919 1662 979 1714 et
1045 1661 1365 1715 stramenta
1434 1655 1649 1713 stantia
1705 1654 1767 1712 in
1825 1661 2023 1730 segete
2080 1652 2390 1731 relinquit,
2455 1658 2522 1710 ut

260 1766 437 1834 postea
481 1759 887 1822 subsecentur.
978 1763 1157 1820 tertio
1208 1760 1383 1820 modo
1432 1762 1704 1840 metitur,
1762 1766 1829 1819 ut
1877 1760 1986 1821 sub
2035 1759 2184 1820 urbe
2231 1759 2414 1819 Roma
2462 1765 2523 1818 et

261 1862 385 1924 locis
442 1866 763 1948 plerisque,
831 1877 898 1929 ut
965 1875 1353 1929 stramentum
1417 1866 1676 1928 medium
1735 1867 2065 1949 subsicent‚
2132 1867 2286 1946 quod
2344 1883 2521 1925 manu

261 1973 470 2033 sinistra
525 1993 821 2036 summum
880 1976 1208 2054 prendunt:
1264 1994 1295 2034 a
1353 1993 1468 2053 quo
1524 1973 1719 2033 medio
1777 1992 2030 2034 messem
2090 1973 2305 2033 dictam
2362 1981 2521 2052 put0.

201 2092 242 2133 15
264 2079 394 2139 infra
444 2100 673 2143 manum
731 2090 1121 2144 stramentum
1183 2082 1336 2161 quod
1398 2092 1555 2142 terra
1612 2081 1844 2162 haeret,
1900 2088 2104 2161 postea
2154 2079 2521 2140 subsecatur.

259 2194 434 2247 contra
496 2188 648 2267 quod
709 2208 844 2250 cum
902 2192 1062 2268 spica
1122 2196 1510 2249 stramentum
1567 2188 1798 2267 haeret,
1864 2187 2144 2249 corbibus
2199 2188 2260 2246 in
2317 2190 2572 2245 aream3

261 2292 511 2355 defertur.
603 2295 688 2355 ibi
735 2296 987 2356 discedit
1035 2298 1095 2357 in
1145 2303 1347 2376 aperto
1395 2295 1524 2356 loco
1562 2294 1790 2373 palam:
1848 2314 1878 2355 a
1928 2314 2046 2374 quo
2095 2301 2291 2373 potest
2335 2294 2522 2353 nomi-

261 2408 370 2460 nata
421 2420 544 2462 esse
592 2402 774 2481 palea.
867 2403 966 2464 alii
1013 2411 1404 2465 stramentum
1452 2402 1524 2463 ab
1573 2401 1813 2478 stando,
1873 2410 1938 2461 ut
1985 2409 2240 2481 stamen,
2296 2399 2522 2460 dictum

263 2515 464 2589 putant3
553 2510 647 2570 alii
709 2509 782 2569 ab
839 2519 1055 2591 stratu,
1116 2511 1269 2591 quod
1329 2510 1386 2570 id
1445 2509 1863 2570 substernatur
1918 2510 2138 2587 pecori.
2240 2525 2375 2567 cum
2433 2515 2524 2567 est

207 2623 468 2675 20matura
531 2636 726 2698 segeS,
792 2619 1162 2699 metendum,
1227 2638 1363 2679 cum
1421 2620 1481 2678 in
1538 2637 1607 2678 ea
1661 2619 1934 2695 iugerum
1981 2616 2115 2675 Tere
2171 2633 2524 2694 una1opera

264 2725 651 2800 propemodum
729 2727 790 2784 in
867 2725 1026 2785 facili
1089 2744 1229 2805 agro
1299 2727 1441 2786 satis
1506 2743 1639 2786 esse
1705 2724 1954 2784 dicatur.
2039 2741 2263 2783 messas
2328 2724 2522 2802 spicas

265 2828 506 2890 corbibus
552 2833 613 2891 in
661 2850 857 2892 aream
907 2832 1140 2893 deferre
1188 2832 1423 2893 debent.

408 2938 610 2999 Aream
668 2957 800 2999 esse
858 2945 1095 3017 oportet
1148 2941 1211 3001 in
1267 2958 1407 3019 agro
1448 2939 1782 3000 sublimiori
1827 2938 1984 3018 loco,
2042 2955 2215 3016 quam
2264 2935 2516 3014 perflare
2554 2935 2626 2994 Ll

352 3197 444 3251 lin
462 3197 528 3252 iis
548 3199 667 3253 AB
685 3199 745 3253 in
762 3195 850 3254 his
883 3201 935 3255 V
1029 3200 1292 3256 metimur
1320 3201 1503 3255 PAB
1524 3217 1662 3256 corr.
1685 3199 1942 3255 metimus
1953 3198 2035 3253 Α2
2052 3198 2339 3251 metuntur
2355 3196 2523 3252 vfIn

266 3288 442 3341 excusis
474 3295 636 3343 antea
662 3289 975 3343 Metuntur:
1013 3306 1185 3345 manu
1220 3289 1417 3358 scripti
1453 3306 1633 3344 omnes
1669 3289 1867 3343 habent
1907 3287 2193 3342 Metimur’
2248 3287 2523 3341 Victorius

348 3382 376 3428 4
409 3394 658 3445 quenque
709 3378 824 3432 VB
865 3394 1289 3447 quemcumque,
1325 3380 1418 3434 sed
1454 3395 1582 3433 cum
1619 3380 1848 3433 deletum
1883 3376 1940 3430 A
1977 3391 2325 3445 quecumque
2362 3393 2417 3429 m

267 3463 616 3521 subsicuerunl’,
643 3467 767 3520 AB
814 3467 1187 3521 subsicuerinl:
1218 3468 1272 3520 P
1307 3467 1695 3522 subseeuerint
1729 3484 1759 3520 v
1867 3472 1900 3518 5
1937 3467 2155 3534 ponunt
2179 3482 2274 3519 mv
2311 3467 2523 3534 ponent

270 3552 419 3608 PAB
550 3563 579 3610 7
620 3554 869 3611 coiciunt
905 3556 1025 3610 AB
1065 3555 1349 3611 coniciunt
1386 3557 1443 3610 P
1474 3555 1781 3610 coniiciunt
1816 3572 1848 3608 v
1986 3554 2200 3624 aream]
2241 3570 2430 3607 aeram
2466 3557 2521 3606 A

350 3649 376 3697 8
391 3642 663 3699 relincunt
684 3646 739 3698 P
756 3644 1079 3714 relinquunt
1094 3644 1257 3700 ABv
1367 3643 1543 3700 altero
1565 3677 1632 3685 —
1657 3645 1947 3698 incuruum
1967 3645 2031 3697 in
2047 3644 2296 3714 maryine
2313 3643 2520 3710 scripta

265 3731 313 3784 in
334 3733 377 3785 A
476 3740 507 3787 9
543 3733 816 3789 bacillum
859 3734 1039 3788 VAB
1066 3734 1330 3788 batillum
1357 3751 1411 3788 m
1523 3739 1589 3788 10
1619 3735 1867 3788 extremo
1895 3750 1927 3786 v
1957 3734 2205 3786 extrema
2238 3730 2416 3784 PAB

264 3818 373 3874 haec
413 3822 530 3876 AB
586 3823 695 3877 hac
744 3822 797 3875 V
944 3822 1350 3892 conprehendit
1393 3823 1448 3876 A
1501 3821 1854 3891 comprendit
1899 3822 1955 3875 B
2009 3818 2434 3890 comprehendit
2477 3818 2523 3872 V

350 3915 398 3963 11
439 3911 770 3977 stramentio,
805 3913 861 3966 B
988 3913 1180 3982 segete
1229 3911 1339 3967 Vm
1376 3911 1559 3981 segeti
1596 3911 1717 3966 AB
1845 3908 2115 3979 relinquit
2159 3909 2212 3962 V
2239 3904 2520 3977 relinquid

266 3997 306 4049 A
334 3999 639 4068 relinquunt
675 4018 814 4057 corr.
844 4032 912 4041 —
953 4000 1076 4070 quit
1103 4003 1161 4056 B
1273 4007 1336 4054 12
1376 3999 1554 4055 tercio
1583 3999 1641 4054 A
1753 4006 1819 4054 13
1858 3999 2144 4053 subsicent‚
2175 3998 2358 4051 PAB
2398 3997 2523 4050 sub-

268 4088 387 4141 secet
408 4106 458 4142 m
485 4090 784 4145 subsecent
809 4108 841 4144 v
954 4097 1020 4144 14
1047 4090 1331 4159 prendunt
1365 4090 1548 4144 PAB
1574 4088 1932 4159 prehendunt
1958 4106 1990 4143 v
2104 4093 2168 4142 15
2193 4086 2345 4153 quod
2371 4088 2525 4140 terra.

268 4174 425 4231 haeret
456 4179 573 4233 PB
619 4178 771 4248 quod
823 4179 890 4233 de
937 4182 1088 4234 terra.
1135 4180 1332 4234 haeret
1367 4180 1486 4234 Am
1532 4178 1684 4247 quod
1730 4180 1914 4233 terrae
1952 4177 2149 4232 haeret
2184 4192 2216 4230 v
2246 4216 2259 4228 .
2292 4176 2525 4241 fortasse

271 4266 384 4331 quod
411 4284 528 4321 cum
557 4268 711 4322 terra.
738 4268 932 4323 haeret
1030 4275 1095 4323 18
1126 4269 1198 4324 ab
1230 4269 1431 4323 stando
1453 4267 1567 4322 PA
1587 4285 1622 4322 a.
1642 4266 1842 4323 stando
1863 4268 1960 4322 Bv
2051 4267 2115 4319 ui,
2143 4267 2362 4337 stamen
2381 4262 2524 4318 A²m

273 4355 319 4405 ut
332 4357 551 4410 stramen
581 4358 695 4411 VA
717 4358 782 4410 ut
801 4358 1073 4413 strameB
1188 4363 1251 4412 19
1282 4358 1353 4412 ab
1384 4358 1564 4411 stratu
1588 4357 1706 4410 PA
1735 4372 1770 4409 a
1798 4355 1973 4410 strassu
1993 4354 2049 4407 B
2059 4370 2090 4406 v
2200 4359 2268 4406 20
2294 4355 2525 4420 fortasse

272 4450 318 4504 in
345 4462 403 4499 ea.
431 4446 486 4501 in
520 4446 780 4516 iugerum
922 4455 989 4502 22
1030 4445 1291 4503 corbibus
1342 4448 1393 4500 V
1425 4445 1687 4501 cornibus
1725 4444 1847 4498 AB

383 4541 441 4587 23
477 4553 647 4604 quam
684 4536 921 4605 perflare
966 4537 1078 4592 VB
1116 4554 1228 4605 qua
1263 4536 1498 4606 perflare
1538 4537 1591 4589 A
