3178 5185
785 394 1047 449 RERVM
1083 395 1562 451 RVSTICARVM
1601 397 1735 452 LIB.
1774 397 1852 451 111
1895 396 2150 452 14-—15
2487 389 2615 453 281

337 553 489 610 artis
521 552 726 625 qloria
765 554 828 610 in
865 566 999 611 eam
1035 553 1513 626 maqnitudinem
1543 554 1853 628 perducta
1898 555 1992 626 sit,
2030 559 2099 612 ut
2134 555 2441 628 octoginta
2472 570 2618 627 qua-

338 658 574 717 drantis
621 664 913 734 caperent
956 661 1341 733 sinqularum
1387 662 1629 719 calices
1723 666 1943 719 auctor
1990 665 2081 718 est
2126 658 2211 719 M.
2264 660 2479 720 Varro,

506 762 592 823 Et
640 765 742 823 sic
788 766 857 823 in
916 763 1083 824 aliis
1141 763 1569 842 regionibus
1617 763 1888 825 eisdem
1943 766 2137 825 inter
2193 783 2266 825 se
2315 764 2617 825 collatae

333 872 648 930 minores
694 889 770 931 ac
817 870 1161 949 maiores]
1203 873 1470 933 Eaedem
1510 875 1670 932 inter
1704 890 1769 932 se
1806 874 2066 933 collatae
2095 878 2153 931 et
2180 875 2444 933 minores
2480 880 2621 933 sunt

331 984 388 1038 et
433 980 697 1038 maiores
742 976 1059 1038 IucunduS.
1152 977 1441 1038 ablativus
1489 980 1713 1039 eisdem
1761 976 2023 1059 defendi,
2055 984 2284 1057 poterat
2337 977 2620 1057 exemplis

332 1085 697 1163 pronominis
756 1087 912 1145 idem
961 1081 1092 1165 14,
1133 1083 1173 1146 2
1219 1087 1581 1164 compositis,
1675 1085 1779 1145 sed
1836 1103 2042 1145 verum
2100 1084 2333 1145 videtur
2375 1087 2620 1145 eaedem

331 1197 578 1268 propter
624 1189 767 1251 illud
828 1191 984 1269 quod
1042 1190 1306 1252 additum
1363 1201 1454 1252 est
1511 1196 1673 1253 inter
1716 1210 1782 1252 se
1837 1194 2112 1271 collatae.
2207 1200 2273 1252 ut
2317 1195 2377 1251 in
2423 1191 2623 1250 Africa

332 1298 416 1357 sic
464 1299 526 1356 in
573 1295 705 1356 aliis
751 1297 1097 1379 regionibus
1145 1298 1358 1359 accidit
1405 1309 1472 1359 ut
1530 1299 1797 1360 eiusdem
1843 1301 2081 1376 generis
2138 1296 2413 1359 cochleae
2462 1298 2619 1357 inter

333 1422 394 1463 se
443 1404 689 1465 collatae
738 1405 999 1465 minores
1046 1423 1113 1465 ac
1161 1408 1417 1466 maiores
1464 1408 1601 1466 sint.

512 1506 553 1571 5
617 1509 890 1589 Magnis
937 1512 1202 1572 insulis
1249 1515 1319 1572 in
1367 1515 1557 1573 areis
1607 1512 1826 1572 factis
1868 1529 2188 1589 magnum
2226 1510 2463 1571 bolum
2505 1510 2622 1570 d-e-

334 1618 585 1678 ferunt
622 1615 838 1694 aeris]
876 1618 1053 1678 Aeris
1093 1620 1154 1678 in
1191 1620 1462 1697 principe
1510 1619 1769 1679 editione
1818 1621 2103 1679 omissum
2144 1626 2288 1700 erat,
2330 1636 2397 1677 ex
2446 1634 2625 1676 manu

336 1726 575 1803 scriptis
615 1723 782 1783 libris
810 1722 1113 1784 Iucundus
1151 1727 1439 1806 restituit3
1478 1726 1615 1785 olim
1657 1734 1956 1804 tamquam
1985 1726 2305 1803 repetitum
2346 1742 2417 1783 ex
2451 1741 2625 1801 prae-

335 1830 584 1893 cedente
633 1833 799 1891 areis
846 1830 1078 1892 inclusi.
1172 1850 1307 1891 nam
1365 1831 1534 1893 bolus
1592 1834 1846 1909 imagine
1903 1850 1933 1891 a
1995 1829 2392 1909 piscatoribus
2449 1830 2626 1890 ducta
2699 1909 2702 1912 ἦ

334 1936 404 1997 de
454 1939 619 1997 omni
664 1955 882 2016 genere
929 1937 1082 1998 lucri
1132 1938 1376 2020 dicitur,
1437 1938 1516 1999 111
1554 1938 1615 2020 2,
1660 1935 1739 2000 16
1787 1946 1855 1999 ut
1908 1941 1995 2000 ad
2036 1941 2200 1998 hune
2247 1938 2442 1998 bolum
2482 1955 2624 2013 per·

334 2048 560 2105 venias.
651 2063 844 2123 neque
892 2050 1092 2105 tamen
1138 2044 1251 2105 hoc
1298 2063 1329 2104 a
1378 2044 1657 2106 Varronis
1705 2048 1933 2107 ratione
1981 2043 2238 2104 alienum
2288 2051 2407 2123 est,
2464 2043 2621 2122 quod

334 2153 672 2230 genetivum
718 2150 958 2232 addidit,
1007 2159 1074 2211 ut
1120 2154 1250 2212 soni
1298 2152 1685 2234 similitudine
1735 2152 2097 2230 significaret
2156 2169 2227 2211 ex
2273 2151 2430 2210 areis
2478 2149 2648 2210 mul-⁸

336 2266 462 2319 tum
509 2259 664 2318 aeris
714 2260 842 2337 capi
889 2276 1083 2337 posse.

511 2370 615 2424 XV
667 2362 701 2425 1
776 2364 853 2424 In
919 2383 999 2425 eo
1066 2364 1495 2426 arbusculas
1552 2384 1709 2426 esse
1777 2373 2070 2445 oportet
2135 2382 2314 2443 quae
2379 2365 2628 2426 ferunt

335 2469 697 2551 glandem]
747 2473 979 2532 Ferant
1022 2470 1355 2554 IucunduS,
1405 2472 1623 2548 ferunt
1668 2491 1741 2532 ex
1788 2472 1993 2533 codice
2040 2473 2268 2550 recepit
2313 2470 2628 2532 Victorius·

340 2580 579 2640 restitui
627 2579 1069 2640 coniuncti'vum
1118 2578 1377 2660 modum,
1428 2581 1529 2659 qui
1576 2581 1873 2641 constanti
1923 2598 2030 2641 usu
2081 2581 2324 2657 ponitur
2371 2580 2433 2639 in
2482 2576 2628 2638 rela-

337 2687 472 2746 tivis
520 2687 838 2746 sententiis
885 2706 917 2746 a
975 2685 1154 2747 verbo
1211 2694 1447 2763 oportet
1501 2685 1919 2767 pendentibus,
2008 2704 2143 2746 nam
2201 2686 2431 2745 diversa
2489 2695 2629 2745 sunt

340 2792 520 2873 haec,
587 2811 736 2870 quae
802 2794 1105 2853 notionem
1170 2794 1573 2873 praecipiendi
1638 2811 1756 2854 non
1792 2792 2070 2873 babent,
2133 2790 2367 2871 11116,
2410 2789 2493 2852 13
2551 2810 2624 2852 ea

338 2907 576 2977 oportet
611 2902 914 2960 dominum
950 2917 1175 2974 serere,
1214 2918 1374 2974 quae
1410 2902 1675 2960 maxime
1701 2905 1996 2960 secuntur
2025 2915 2167 2972 apes
2197 2896 2287 2957 vel
2328 2895 2380 2956 11
2413 2895 2512 2978 10,
2546 2895 2630 2958 10

340 3025 498 3082 quae
546 3009 632 3066 ad
674 3008 1065 3066 valitudinem
1104 3009 1418 3082 pertinent
1465 3008 1771 3066 hominum
1827 3022 1904 3065 ac
1942 3006 2189 3081 peeoris
2236 3011 2293 3064 et
2337 3007 2468 3064 sine
2514 3022 2629 3064 me-

340 3118 477 3175 dico
536 3117 780 3174 eurariss
803 3119 1082 3188 possunt,
1137 3115 1495 3187 magistrum
1540 3115 1775 3188 scripta
1818 3111 2050 3171 habere
2104 3116 2353 3185 oportet.
2439 3109 2629 3169 simile

337 3228 869 3300 praeceptum'est
926 3237 1106 3296 supra
1164 3218 1236 3277 de
1294 3217 1607 3278 anseribus
1670 3215 1781 3299 10,
1826 3214 1881 3284 5
1934 3234 2184 3277 anseres
2240 3223 2509 3294 pascunt
2563 3219 2626 3276 in

339 3331 561 3389 umidis
608 3329 755 3387 locis
801 3332 861 3386 et
897 3327 1190 3401 pabulum
1237 3333 1466 3398 serunt,
1515 3328 1679 3399 quod
1725 3327 1985 3399 aliquem
2026 3322 2200 3398 ferat
2238 3322 2530 3399 fructum.

517 3432 559 3494 2
626 3434 858 3507 Aquam
914 3450 1043 3493 esse
1090 3439 1327 3492 tenuem
1385 3427 1522 3490 libri
1570 3449 1746 3490 manu
1807 3431 2015 3508 scripti
2071 3448 2289 3490 omnes⁴
2335 3440 2396 3490 et
2451 3430 2631 3491 editio

342 3541 603 3620 Victorii,
653 3557 874 3614 aquam
921 3546 1156 3615 oportet
1201 3557 1330 3600 esse
1375 3545 1613 3599 tenuem
1670 3538 1825 3598 edita
1873 3546 2009 3597 ante
2057 3536 2383 3598 Victorium
2436 3556 2629 3598 exem-

346 3648 547 3726 plaria,
597 3645 699 3706 ubi
747 3645 1069 3707 Politianus
1117 3652 1351 3723 oportet
1398 3645 1645 3722 delevit,
1699 3644 1804 3705 sed
1861 3662 2067 3705 errore
2116 3643 2312 3723 aliquo
2362 3649 2443 3706 iis
2500 3656 2633 3725 post

345 3773 472 3815 esse
518 3752 759 3812 addidit.
1594 3765 1599 3768 ’
1676 3761 1709 3830 .'
2230 3759 2233 3762 '

523 3857 795 3929 Quibus
843 3857 1276 3918 intenebris
1315 3857 1749 3920 cumularim
1785 3859 2096 3937 positum
2136 3859 2352 3918 estin
2394 3857 2633 3918 doleis

348 3966 536 4026 fiunt
609 3963 954 4042 pingues]
1038 3966 1182 4025 Cum
1249 3967 1413 4025 hilar
1479 3967 1813 4040 impositum
1881 3971 1969 4025 est
2033 3962 2349 4024 Turnebus
2407 3964 2631 4025 advers.

350 4069 459 4152 19,
497 4068 613 4151 28,
668 4069 771 4130 ubi
826 4073 991 4131 hilar
1047 4089 1078 4129 a
1133 4088 1347 4148 graeco
1397 4069 1681 4132 vocabulo
1738 4058 1923 4149 εἶλαρ
1982 4070 2226 4130 ductum
2283 4070 2632 4149 operculum

349 4177 643 4239 doliorum
705 4178 1036 4255 significare
1103 4175 1304 4238 voluit.
1408 4176 1565 4237 idem
1633 4176 1778 4236 alios
1847 4195 1983 4237 cum
2048 4180 2278 4238 molare
2344 4175 2431 4236 vel
2498 4196 2633 4237 eum

347 4288 539 4346 ellare
605 4285 929 4344 coniecisse
986 4282 1301 4344 adnotavit.
1394 4302 1530 4344 cum
1588 4287 1770 4344 aular
1828 4286 2163 4359 impositum
2220 4289 2310 4342 est
2355 4281 2633 4364 Scaliger,

352 4409 491 4452 eum
539 4392 779 4465 affatim
822 4393 1082 4466 positum
1129 4397 1218 4450 est
1261 4389 1592 4451 Pontedera
1641 4407 1696 4467 p.
1734 4385 1884 4449 456.
1958 4406 2094 4449 cum
2140 4393 2490 4464 operculum
2533 4392 2636 4448 im-

340 4501 606 4575 positum
648 4504 735 4558 est
773 4497 1003 4575 scripsi.
1093 4512 1227 4556 nam
1264 4496 1472 4558 lacuna
1509 4498 1807 4575 scriptura
1834 4494 2140 4574 archetypi
2170 4502 2450 4574 corrupta
2491 4504 2638 4577 erat,
