<?xml version="1.0" encoding="UTF-8"?>
<!DOCTYPE html PUBLIC "-//W3C//DTD XHTML 1.0 Transitional//EN"
    "http://www.w3.org/TR/xhtml1/DTD/xhtml1-transitional.dtd">
<html xmlns="http://www.w3.org/1999/xhtml" xml:lang="en" lang="en">
 <head>
  <title>
</title>
<meta http-equiv="Content-Type" content="text/html;charset=utf-8" />
  <meta name='ocr-system' content='tesseract 3.04.00' />
  <meta name='ocr-capabilities' content='ocr_page ocr_carea ocr_par ocr_line ocrx_word'/>
</head>
<body>
  <div class='ocr_page' id='page_1' title='image "./mporcicatonisde01catogoog_0502.png"; bbox 0 0 3178 5185; ppageno 0'>
   <div class='ocr_carea' id='block_1_1' title="bbox 520 441 2125 504">
    <p class='ocr_par' dir='ltr' id='par_1_1' title="bbox 520 441 2125 504">
     <span class='ocr_line' id='line_1_1' title="bbox 520 441 2125 504; baseline -0.006 0"><span class='ocrx_word' id='word_1_1' title='bbox 520 441 652 504; x_wconf 79' lang='grc'>246</span> <span class='ocrx_word' id='word_1_2' title='bbox 1208 444 1592 498; x_wconf 83' lang='grc' dir='ltr'><strong>ΟΟΜΜΕΝΤ.</strong></span> <span class='ocrx_word' id='word_1_3' title='bbox 1629 444 1711 497; x_wconf 89' lang='lat' dir='ltr'>IN</span> <span class='ocrx_word' id='word_1_4' title='bbox 1748 441 2125 498; x_wconf 84' lang='lat' dir='ltr'><strong>VARRONIS</strong></span> 
     </span>
    </p>
   </div>
   <div class='ocr_carea' id='block_1_2' title="bbox 522 596 2849 4635">
    <p class='ocr_par' dir='ltr' id='par_1_2' title="bbox 522 596 2825 1199">
     <span class='ocr_line' id='line_1_2' title="bbox 522 596 2823 677; baseline -0.004 -13"><span class='ocrx_word' id='word_1_5' title='bbox 522 604 654 664; x_wconf 89' lang='lat' dir='ltr'>loco</span> <span class='ocrx_word' id='word_1_6' title='bbox 699 605 853 663; x_wconf 88' lang='lat' dir='ltr'>intra</span> <span class='ocrx_word' id='word_1_7' title='bbox 903 601 1101 661; x_wconf 82' lang='lat' dir='ltr'>faleris</span> <span class='ocrx_word' id='word_1_8' title='bbox 1149 600 1404 677; x_wconf 90' lang='lat' dir='ltr'>spatium</span> <span class='ocrx_word' id='word_1_9' title='bbox 1451 597 1748 658; x_wconf 89' lang='lat' dir='ltr'>inclusum</span> <span class='ocrx_word' id='word_1_10' title='bbox 1807 605 1898 658; x_wconf 89' lang='lat' dir='ltr'>est</span> <span class='ocrx_word' id='word_1_11' title='bbox 1946 605 2219 676; x_wconf 90' lang='lat' dir='ltr'>stagnum</span> <span class='ocrx_word' id='word_1_12' title='bbox 2268 614 2404 656; x_wconf 91' lang='lat' dir='ltr'>cum</span> <span class='ocrx_word' id='word_1_13' title='bbox 2453 596 2718 675; x_wconf 81' lang='lat' dir='ltr'>margine</span> <span class='ocrx_word' id='word_1_14' title='bbox 2757 603 2823 656; x_wconf 92' lang='lat' dir='ltr'>et</span> 
     </span>
     <span class='ocr_line' id='line_1_3' title="bbox 523 702 2823 789; baseline -0.003 -19"><span class='ocrx_word' id='word_1_15' title='bbox 523 709 734 789; x_wconf 89' lang='lat' dir='ltr'>insula,</span> <span class='ocrx_word' id='word_1_16' title='bbox 782 728 852 769; x_wconf 87' lang='lat' dir='ltr'>ex</span> <span class='ocrx_word' id='word_1_17' title='bbox 902 726 1017 788; x_wconf 89' lang='lat' dir='ltr'>qua</span> <span class='ocrx_word' id='word_1_18' title='bbox 1065 705 1334 767; x_wconf 91' lang='lat' dir='ltr'>machina</span> <span class='ocrx_word' id='word_1_19' title='bbox 1382 704 1635 784; x_wconf 89' lang='lat' dir='ltr'>quadam</span> <span class='ocrx_word' id='word_1_20' title='bbox 1692 707 1887 764; x_wconf 90' lang='lat' dir='ltr'>omnia</span> <span class='ocrx_word' id='word_1_21' title='bbox 1946 723 2096 784; x_wconf 90' lang='lat' dir='ltr'>quae</span> <span class='ocrx_word' id='word_1_22' title='bbox 2145 704 2215 763; x_wconf 91' lang='lat' dir='ltr'>ad</span> <span class='ocrx_word' id='word_1_23' title='bbox 2276 702 2573 764; x_wconf 90' lang='lat' dir='ltr'>edendum</span> <span class='ocrx_word' id='word_1_24' title='bbox 2632 710 2693 763; x_wconf 87' lang='lat' dir='ltr'>et</span> <span class='ocrx_word' id='word_1_25' title='bbox 2747 702 2823 763; x_wconf 90' lang='lat' dir='ltr'>ad</span> 
     </span>
     <span class='ocr_line' id='line_1_4' title="bbox 523 805 2822 896; baseline -0.003 -20"><span class='ocrx_word' id='word_1_26' title='bbox 523 805 845 877; x_wconf 86' lang='lat' dir='ltr'>bibendum</span> <span class='ocrx_word' id='word_1_27' title='bbox 894 823 1095 896; x_wconf 88' lang='lat' dir='ltr'>parata</span> <span class='ocrx_word' id='word_1_28' title='bbox 1143 819 1284 874; x_wconf 91' lang='lat' dir='ltr'>sunt</span> <span class='ocrx_word' id='word_1_29' title='bbox 1330 810 1403 872; x_wconf 88' lang='lat' dir='ltr'>ad</span> <span class='ocrx_word' id='word_1_30' title='bbox 1450 810 1656 872; x_wconf 84' lang='lat' dir='ltr'>sedilia</span> <span class='ocrx_word' id='word_1_31' title='bbox 1704 812 1901 872; x_wconf 88' lang='lat' dir='ltr'>avium</span> <span class='ocrx_word' id='word_1_32' title='bbox 1949 811 2355 871; x_wconf 88' lang='lat' dir='ltr'>admoventur.</span> <span class='ocrx_word' id='word_1_33' title='bbox 2448 809 2710 889; x_wconf 88' lang='lat' dir='ltr'>denique</span> <span class='ocrx_word' id='word_1_34' title='bbox 2755 812 2822 871; x_wconf 89' lang='lat' dir='ltr'>in</span> 
     </span>
     <span class='ocr_line' id='line_1_5' title="bbox 525 917 2824 1004; baseline -0.003 -19"><span class='ocrx_word' id='word_1_35' title='bbox 525 942 592 984; x_wconf 91' lang='lat' dir='ltr'>ea</span> <span class='ocrx_word' id='word_1_36' title='bbox 640 929 808 1004; x_wconf 88' lang='lat' dir='ltr'>parte</span> <span class='ocrx_word' id='word_1_37' title='bbox 856 921 1073 1003; x_wconf 79' lang='lat' dir='ltr'>faleris,</span> <span class='ocrx_word' id='word_1_38' title='bbox 1123 939 1271 1001; x_wconf 90' lang='lat' dir='ltr'>quae</span> <span class='ocrx_word' id='word_1_39' title='bbox 1320 918 1389 979; x_wconf 91' lang='lat' dir='ltr'>ad</span> <span class='ocrx_word' id='word_1_40' title='bbox 1431 924 1709 997; x_wconf 83' lang='lat' dir='ltr'>stagnum</span> <span class='ocrx_word' id='word_1_41' title='bbox 1747 926 1994 1000; x_wconf 86' lang='lat' dir='ltr'>spectat,</span> <span class='ocrx_word' id='word_1_42' title='bbox 2035 918 2190 998; x_wconf 90' lang='lat' dir='ltr'>quod</span> <span class='ocrx_word' id='word_1_43' title='bbox 2231 925 2581 997; x_wconf 89' lang='lat' dir='ltr'>suggestum</span> <span class='ocrx_word' id='word_1_44' title='bbox 2622 917 2824 978; x_wconf 80' lang='lat' dir='ltr'>faleris</span> 
     </span>
     <span class='ocr_line' id='line_1_6' title="bbox 525 1018 2825 1111; baseline -0.004 -19"><span class='ocrx_word' id='word_1_45' title='bbox 525 1039 729 1111; x_wconf 89' lang='lat' dir='ltr'>postea</span> <span class='ocrx_word' id='word_1_46' title='bbox 778 1030 1014 1111; x_wconf 91' lang='lat' dir='ltr'>dicitur,</span> <span class='ocrx_word' id='word_1_47' title='bbox 1062 1039 1122 1090; x_wconf 90' lang='lat' dir='ltr'>et</span> <span class='ocrx_word' id='word_1_48' title='bbox 1168 1031 1229 1090; x_wconf 88' lang='lat' dir='ltr'>in</span> <span class='ocrx_word' id='word_1_49' title='bbox 1278 1031 1407 1108; x_wconf 89' lang='lat' dir='ltr'>ipso</span> <span class='ocrx_word' id='word_1_50' title='bbox 1457 1029 1722 1106; x_wconf 82' lang='lat' dir='ltr'><strong>margine</strong></span> <span class='ocrx_word' id='word_1_51' title='bbox 1765 1028 1958 1105; x_wconf 82' lang='lat' dir='ltr'>stagni</span> <span class='ocrx_word' id='word_1_52' title='bbox 1995 1019 2160 1108; x_wconf 90' lang='lat' dir='ltr'>(nam</span> <span class='ocrx_word' id='word_1_53' title='bbox 2197 1025 2343 1086; x_wconf 89' lang='lat' dir='ltr'>haec</span> <span class='ocrx_word' id='word_1_54' title='bbox 2383 1033 2525 1086; x_wconf 91' lang='lat' dir='ltr'>sunt</span> <span class='ocrx_word' id='word_1_55' title='bbox 2569 1018 2825 1107; x_wconf 89' lang='lat' dir='ltr'>navalia)</span> 
     </span>
     <span class='ocr_line' id='line_1_7' title="bbox 527 1133 1867 1199; baseline -0.004 0"><span class='ocrx_word' id='word_1_56' title='bbox 527 1140 754 1199; x_wconf 89' lang='lat' dir='ltr'>circum</span> <span class='ocrx_word' id='word_1_57' title='bbox 804 1143 1076 1197; x_wconf 86' lang='lat' dir='ltr'>excavata</span> <span class='ocrx_word' id='word_1_58' title='bbox 1125 1144 1264 1197; x_wconf 88' lang='lat' dir='ltr'>sunt</span> <span class='ocrx_word' id='word_1_59' title='bbox 1312 1133 1541 1195; x_wconf 89' lang='lat' dir='ltr'>stabula</span> <span class='ocrx_word' id='word_1_60' title='bbox 1589 1136 1867 1195; x_wconf 89' lang='lat' dir='ltr'>anatium.</span> 
     </span>
    </p>

    <p class='ocr_par' dir='ltr' id='par_1_3' title="bbox 530 1238 2834 1962">
     <span class='ocr_line' id='line_1_8' title="bbox 703 1238 2826 1323; baseline -0.003 -18"><span class='ocrx_word' id='word_1_61' title='bbox 703 1244 799 1305; x_wconf 81' lang='lat' dir='ltr'>Ad</span> <span class='ocrx_word' id='word_1_62' title='bbox 849 1243 983 1304; x_wconf 92' lang='lat' dir='ltr'>duo</span> <span class='ocrx_word' id='word_1_63' title='bbox 1031 1243 1251 1323; x_wconf 89' lang='lat' dir='ltr'>pedes</span> <span class='ocrx_word' id='word_1_64' title='bbox 1298 1239 1553 1319; x_wconf 90' lang='lat' dir='ltr'>altum]</span> <span class='ocrx_word' id='word_1_65' title='bbox 1615 1243 1781 1303; x_wconf 81' lang='lat' dir='ltr'>Duos</span> <span class='ocrx_word' id='word_1_66' title='bbox 1827 1250 2065 1321; x_wconf 91' lang='lat' dir='ltr'>praeter</span> <span class='ocrx_word' id='word_1_67' title='bbox 2119 1242 2451 1321; x_wconf 89' lang='lat' dir='ltr'>principem</span> <span class='ocrx_word' id='word_1_68' title='bbox 2499 1238 2826 1300; x_wconf 84' lang='lat' dir='ltr'>editionem</span> 
     </span>
     <span class='ocr_line' id='line_1_9' title="bbox 531 1346 2826 1421; baseline -0.002 -8"><span class='ocrx_word' id='word_1_69' title='bbox 531 1373 561 1413; x_wconf 89' lang='lat' dir='ltr'>a</span> <span class='ocrx_word' id='word_1_70' title='bbox 610 1351 901 1413; x_wconf 87' lang='lat' dir='ltr'>Politiano</span> <span class='ocrx_word' id='word_1_71' title='bbox 951 1368 1069 1410; x_wconf 90' lang='lat' dir='ltr'>non</span> <span class='ocrx_word' id='word_1_72' title='bbox 1118 1356 1450 1410; x_wconf 88' lang='lat' dir='ltr'>correctam</span> <span class='ocrx_word' id='word_1_73' title='bbox 1497 1347 1720 1408; x_wconf 90' lang='lat' dir='ltr'>habent</span> <span class='ocrx_word' id='word_1_74' title='bbox 1767 1366 1823 1407; x_wconf 89' lang='lat' dir='ltr'>m</span> <span class='ocrx_word' id='word_1_75' title='bbox 1873 1354 1932 1408; x_wconf 90' lang='lat' dir='ltr'>et</span> <span class='ocrx_word' id='word_1_76' title='bbox 1971 1347 2158 1408; x_wconf 86' lang='lat' dir='ltr'>codex</span> <span class='ocrx_word' id='word_1_77' title='bbox 2195 1346 2505 1421; x_wconf 85' lang='lat' dir='ltr'>CaesenaS,</span> <span class='ocrx_word' id='word_1_78' title='bbox 2556 1346 2663 1406; x_wconf 92' lang='lat' dir='ltr'>sed</span> <span class='ocrx_word' id='word_1_79' title='bbox 2705 1348 2826 1408; x_wconf 84' lang='lat' dir='ltr'>duo</span> 
     </span>
     <span class='ocr_line' id='line_1_10' title="bbox 530 1454 2831 1538; baseline -0.003 -19"><span class='ocrx_word' id='word_1_80' title='bbox 530 1459 757 1538; x_wconf 84' lang='lat' dir='ltr'>reliqua</span> <span class='ocrx_word' id='word_1_81' title='bbox 804 1456 1137 1538; x_wconf 88' lang='lat' dir='ltr'>apographa</span> <span class='ocrx_word' id='word_1_82' title='bbox 1186 1467 1244 1517; x_wconf 87' lang='lat' dir='ltr'>et</span> <span class='ocrx_word' id='word_1_83' title='bbox 1290 1456 1502 1517; x_wconf 87' lang='lat' dir='ltr'>deinde</span> <span class='ocrx_word' id='word_1_84' title='bbox 1543 1457 1672 1515; x_wconf 88' lang='lat' dir='ltr'>sine</span> <span class='ocrx_word' id='word_1_85' title='bbox 1712 1454 1999 1515; x_wconf 91' lang='lat' dir='ltr'>librorum</span> <span class='ocrx_word' id='word_1_86' title='bbox 2040 1455 2435 1534; x_wconf 85' lang='lat' dir='ltr'>discrepantia</span> <span class='ocrx_word' id='word_1_87' title='bbox 2476 1456 2596 1514; x_wconf 82' lang='lat' dir='ltr'>duo</span> <span class='ocrx_word' id='word_1_88' title='bbox 2639 1456 2831 1529; x_wconf 80' lang='lat' dir='ltr'>pedes</span> 
     </span>
     <span class='ocr_line' id='line_1_11' title="bbox 531 1555 2827 1642; baseline -0.003 -15"><span class='ocrx_word' id='word_1_89' title='bbox 531 1575 591 1628; x_wconf 88' lang='lat' dir='ltr'>et</span> <span class='ocrx_word' id='word_1_90' title='bbox 634 1568 1014 1642; x_wconf 82' lang='lat' dir='ltr'>semipedem.</span> <span class='ocrx_word' id='word_1_91' title='bbox 1088 1566 1232 1624; x_wconf 89' lang='lat' dir='ltr'>item</span> <span class='ocrx_word' id='word_1_92' title='bbox 1274 1566 1392 1624; x_wconf 83' lang='lat' dir='ltr'>duo</span> <span class='ocrx_word' id='word_1_93' title='bbox 1433 1563 1545 1623; x_wconf 82' lang='lat' dir='ltr'>fuit</span> <span class='ocrx_word' id='word_1_94' title='bbox 1583 1565 1645 1622; x_wconf 90' lang='lat' dir='ltr'>in</span> <span class='ocrx_word' id='word_1_95' title='bbox 1685 1562 2004 1642; x_wconf 81' lang='lat' dir='ltr'>archetypo</span> <span class='ocrx_word' id='word_1_96' title='bbox 2042 1560 2068 1620; x_wconf 94' lang='lat' dir='ltr'>I</span> <span class='ocrx_word' id='word_1_97' title='bbox 2109 1558 2210 1640; x_wconf 85' lang='lat'>18,</span> <span class='ocrx_word' id='word_1_98' title='bbox 2239 1556 2298 1622; x_wconf 84' lang='lat'>5.</span> <span class='ocrx_word' id='word_1_99' title='bbox 2346 1558 2398 1618; x_wconf 88' lang='lat' dir='ltr'>Il</span> <span class='ocrx_word' id='word_1_100' title='bbox 2437 1555 2496 1642; x_wconf 83' lang='lat'>5,</span> <span class='ocrx_word' id='word_1_101' title='bbox 2534 1557 2632 1620; x_wconf 75' lang='lat'>1⁶2.</span> <span class='ocrx_word' id='word_1_102' title='bbox 2676 1558 2737 1638; x_wconf 86' lang='lat'>7,</span> <span class='ocrx_word' id='word_1_103' title='bbox 2768 1557 2827 1621; x_wconf 82' lang='lat'>2.</span> 
     </span>
     <span class='ocr_line' id='line_1_12' title="bbox 532 1666 2827 1754; baseline -0.003 -20"><span class='ocrx_word' id='word_1_104' title='bbox 532 1670 591 1754; x_wconf 88' lang='lat'>9,</span> <span class='ocrx_word' id='word_1_105' title='bbox 646 1669 743 1734; x_wconf 92' lang='grc'>16.</span> <span class='ocrx_word' id='word_1_106' title='bbox 798 1670 976 1752; x_wconf 87' lang='lat'>1111,</span> <span class='ocrx_word' id='word_1_107' title='bbox 1016 1668 1073 1733; x_wconf 88' lang='grc'>9.</span> <span class='ocrx_word' id='word_1_108' title='bbox 1140 1668 1238 1753; x_wconf 89' lang='grc'>16,</span> <span class='ocrx_word' id='word_1_109' title='bbox 1289 1666 1399 1751; x_wconf 76' lang='lat'>105</span> <span class='ocrx_word' id='word_1_110' title='bbox 1446 1668 1549 1730; x_wconf 80' lang='lat'>27.</span> <span class='ocrx_word' id='word_1_111' title='bbox 1645 1672 1796 1730; x_wconf 81' lang='lat' dir='ltr'>duos</span> <span class='ocrx_word' id='word_1_112' title='bbox 1849 1671 1912 1729; x_wconf 90' lang='lat' dir='ltr'>in</span> <span class='ocrx_word' id='word_1_113' title='bbox 1968 1667 2244 1728; x_wconf 89' lang='lat' dir='ltr'>omnibus</span> <span class='ocrx_word' id='word_1_114' title='bbox 2304 1666 2474 1727; x_wconf 87' lang='lat' dir='ltr'>libris</span> <span class='ocrx_word' id='word_1_115' title='bbox 2533 1669 2827 1746; x_wconf 87' lang='lat' dir='ltr'>scriptum</span> 
     </span>
     <span class='ocr_line' id='line_1_13' title="bbox 532 1771 2834 1858; baseline -0.002 -19"><span class='ocrx_word' id='word_1_116' title='bbox 532 1788 624 1840; x_wconf 90' lang='lat' dir='ltr'>est</span> <span class='ocrx_word' id='word_1_117' title='bbox 670 1788 788 1857; x_wconf 83' lang='lat' dir='ltr'>ter,</span> <span class='ocrx_word' id='word_1_118' title='bbox 843 1775 1003 1858; x_wconf 89' lang='lat'>110,</span> <span class='ocrx_word' id='word_1_119' title='bbox 1034 1775 1068 1839; x_wconf 90' lang='lat'>1</span> <span class='ocrx_word' id='word_1_120' title='bbox 1130 1781 1280 1839; x_wconf 83' lang='lat' dir='ltr'>duos</span> <span class='ocrx_word' id='word_1_121' title='bbox 1336 1783 1540 1851; x_wconf 75' lang='lat' dir='ltr'>aetuS,</span> <span class='ocrx_word' id='word_1_122' title='bbox 1598 1772 1758 1856; x_wconf 83' lang='lat'>129,</span> <span class='ocrx_word' id='word_1_123' title='bbox 1787 1771 1827 1837; x_wconf 87' lang='lat'><strong>3</strong></span> <span class='ocrx_word' id='word_1_124' title='bbox 1877 1779 2028 1837; x_wconf 82' lang='lat' dir='ltr'>duos</span> <span class='ocrx_word' id='word_1_125' title='bbox 2072 1779 2298 1856; x_wconf 82' lang='lat' dir='ltr'>sulcos,</span> <span class='ocrx_word' id='word_1_126' title='bbox 2353 1772 2406 1832; x_wconf 87' lang='lat'>11</span> <span class='ocrx_word' id='word_1_127' title='bbox 2450 1771 2550 1853; x_wconf 93' lang='grc'>11,</span> <span class='ocrx_word' id='word_1_128' title='bbox 2579 1771 2624 1834; x_wconf 90' lang='grc'>4</span> <span class='ocrx_word' id='word_1_129' title='bbox 2679 1776 2834 1835; x_wconf 78' lang='lat' dir='ltr'>duos</span> 
     </span>
     <span class='ocr_line' id='line_1_14' title="bbox 542 1890 806 1962; baseline -0.008 -14"><span class='ocrx_word' id='word_1_130' title='bbox 542 1890 806 1962; x_wconf 71' lang='lat' dir='ltr'>eon9i03.</span> 
     </span>
    </p>

    <p class='ocr_par' dir='ltr' id='par_1_4' title="bbox 536 1970 2832 2481">
     <span class='ocr_line' id='line_1_15' title="bbox 713 1970 2832 2053; baseline -0.002 0"><span class='ocrx_word' id='word_1_131' title='bbox 713 1992 994 2053; x_wconf 89' lang='lat' dir='ltr'>Circum</span> <span class='ocrx_word' id='word_1_132' title='bbox 1034 1990 1261 2051; x_wconf 85' lang='lat' dir='ltr'>falere</span> <span class='ocrx_word' id='word_1_133' title='bbox 1303 1999 1370 2050; x_wconf 89' lang='lat' dir='ltr'>et</span> <span class='ocrx_word' id='word_1_134' title='bbox 1420 1988 1701 2050; x_wconf 87' lang='lat' dir='ltr'>naualia</span> <span class='ocrx_word' id='word_1_135' title='bbox 1749 1997 1914 2051; x_wconf 89' lang='lat' dir='ltr'>sunt</span> <span class='ocrx_word' id='word_1_136' title='bbox 1953 1996 2300 2050; x_wconf 87' lang='lat' dir='ltr'>excauata</span> <span class='ocrx_word' id='word_1_137' title='bbox 2339 1970 2658 2049; x_wconf 76' lang='lat' dir='ltr'>anatium</span> <span class='ocrx_word' id='word_1_138' title='bbox 2700 1996 2832 2048; x_wconf 89' lang='lat' dir='ltr'>sta-</span> 
     </span>
     <span class='ocr_line' id='line_1_16' title="bbox 538 2096 2830 2179; baseline -0.002 -20"><span class='ocrx_word' id='word_1_139' title='bbox 538 2098 742 2177; x_wconf 84' lang='lat' dir='ltr'>bula]</span> <span class='ocrx_word' id='word_1_140' title='bbox 791 2102 870 2160; x_wconf 80' lang='lat' dir='ltr'>Et</span> <span class='ocrx_word' id='word_1_141' title='bbox 914 2101 1198 2160; x_wconf 82' lang='lat' dir='ltr'>natatilia</span> <span class='ocrx_word' id='word_1_142' title='bbox 1243 2097 1567 2179; x_wconf 74' lang='lat' dir='ltr'>IucunduS,</span> <span class='ocrx_word' id='word_1_143' title='bbox 1615 2101 1709 2158; x_wconf 80' lang='lat' dir='ltr'>uti</span> <span class='ocrx_word' id='word_1_144' title='bbox 1752 2100 1999 2158; x_wconf 79' lang='lat' dir='ltr'>navalia</span> <span class='ocrx_word' id='word_1_145' title='bbox 2049 2096 2317 2175; x_wconf 91' lang='lat' dir='ltr'>Ursinus,</span> <span class='ocrx_word' id='word_1_146' title='bbox 2363 2103 2422 2156; x_wconf 84' lang='lat' dir='ltr'>et</span> <span class='ocrx_word' id='word_1_147' title='bbox 2467 2099 2722 2156; x_wconf 80' lang='lat' dir='ltr'>navalia</span> <span class='ocrx_word' id='word_1_148' title='bbox 2760 2115 2830 2155; x_wconf 87' lang='lat' dir='ltr'>ex</span> 
     </span>
     <span class='ocr_line' id='line_1_17' title="bbox 538 2201 2830 2283; baseline -0.002 -16"><span class='ocrx_word' id='word_1_149' title='bbox 538 2209 663 2267; x_wconf 91' lang='lat' dir='ltr'>suis</span> <span class='ocrx_word' id='word_1_150' title='bbox 710 2206 878 2267; x_wconf 90' lang='lat' dir='ltr'>libris</span> <span class='ocrx_word' id='word_1_151' title='bbox 927 2206 1190 2265; x_wconf 87' lang='lat' dir='ltr'>restituit</span> <span class='ocrx_word' id='word_1_152' title='bbox 1237 2203 1551 2265; x_wconf 67' lang='lat' dir='ltr'>Victorius</span> <span class='ocrx_word' id='word_1_153' title='bbox 1629 2206 1754 2283; x_wconf 89' lang='lat' dir='ltr'>ipsa</span> <span class='ocrx_word' id='word_1_154' title='bbox 1803 2205 1930 2282; x_wconf 87' lang='lat' dir='ltr'>ripa</span> <span class='ocrx_word' id='word_1_155' title='bbox 1971 2205 2163 2282; x_wconf 84' lang='lat' dir='ltr'>stagni</span> <span class='ocrx_word' id='word_1_156' title='bbox 2211 2201 2302 2262; x_wconf 88' lang='lat' dir='ltr'>vel</span> <span class='ocrx_word' id='word_1_157' title='bbox 2344 2221 2545 2281; x_wconf 90' lang='lat' dir='ltr'>margo</span> <span class='ocrx_word' id='word_1_158' title='bbox 2584 2202 2830 2282; x_wconf 85' lang='lat' dir='ltr'>pedaliS,</span> 
     </span>
     <span class='ocr_line' id='line_1_18' title="bbox 537 2308 2830 2393; baseline -0.001 -20"><span class='ocrx_word' id='word_1_159' title='bbox 537 2316 639 2393; x_wconf 88' lang='lat' dir='ltr'>qui</span> <span class='ocrx_word' id='word_1_160' title='bbox 685 2313 859 2373; x_wconf 89' lang='lat' dir='ltr'>modo</span> <span class='ocrx_word' id='word_1_161' title='bbox 908 2312 1102 2373; x_wconf 86' lang='lat' dir='ltr'>dictus</span> <span class='ocrx_word' id='word_1_162' title='bbox 1151 2318 1295 2392; x_wconf 90' lang='lat' dir='ltr'>erat,</span> <span class='ocrx_word' id='word_1_163' title='bbox 1343 2319 1589 2390; x_wconf 87' lang='lat' dir='ltr'>propter</span> <span class='ocrx_word' id='word_1_164' title='bbox 1639 2317 1922 2371; x_wconf 86' lang='lat' dir='ltr'>excavata</span> <span class='ocrx_word' id='word_1_165' title='bbox 1959 2308 2058 2370; x_wconf 92' lang='lat' dir='ltr'>illo</span> <span class='ocrx_word' id='word_1_166' title='bbox 2117 2308 2247 2369; x_wconf 91' lang='lat' dir='ltr'>loco</span> <span class='ocrx_word' id='word_1_167' title='bbox 2296 2311 2357 2369; x_wconf 92' lang='lat' dir='ltr'>in</span> <span class='ocrx_word' id='word_1_168' title='bbox 2405 2311 2670 2370; x_wconf 83' lang='lat' dir='ltr'>circuitu</span> <span class='ocrx_word' id='word_1_169' title='bbox 2718 2318 2830 2370; x_wconf 89' lang='lat' dir='ltr'>sta-</span> 
     </span>
     <span class='ocr_line' id='line_1_19' title="bbox 536 2416 1790 2481; baseline -0.001 -1"><span class='ocrx_word' id='word_1_170' title='bbox 536 2419 672 2481; x_wconf 85' lang='lat' dir='ltr'>bula</span> <span class='ocrx_word' id='word_1_171' title='bbox 721 2421 979 2480; x_wconf 89' lang='lat' dir='ltr'>anatium</span> <span class='ocrx_word' id='word_1_172' title='bbox 1027 2421 1224 2478; x_wconf 87' lang='lat' dir='ltr'>iocose</span> <span class='ocrx_word' id='word_1_173' title='bbox 1273 2417 1493 2478; x_wconf 85' lang='lat' dir='ltr'>dicitur</span> <span class='ocrx_word' id='word_1_174' title='bbox 1550 2416 1790 2479; x_wconf 88' lang='lat' dir='ltr'>navalia.</span> 
     </span>
    </p>

    <p class='ocr_par' dir='ltr' id='par_1_5' title="bbox 542 2522 2848 4402">
     <span class='ocr_line' id='line_1_20' title="bbox 721 2522 2837 2588; baseline -0.001 0"><span class='ocrx_word' id='word_1_175' title='bbox 721 2522 804 2588; x_wconf 84' lang='lat'>15</span> <span class='ocrx_word' id='word_1_176' title='bbox 867 2524 970 2586; x_wconf 88' lang='lat' dir='ltr'>lta</span> <span class='ocrx_word' id='word_1_177' title='bbox 1018 2533 1095 2585; x_wconf 89' lang='lat' dir='ltr'>ut</span> <span class='ocrx_word' id='word_1_178' title='bbox 1142 2525 1218 2585; x_wconf 91' lang='lat' dir='ltr'>ad</span> <span class='ocrx_word' id='word_1_179' title='bbox 1271 2533 1667 2585; x_wconf 87' lang='lat' dir='ltr'>extremum</span> <span class='ocrx_word' id='word_1_180' title='bbox 1716 2523 1837 2585; x_wconf 90' lang='lat' dir='ltr'>ubi</span> <span class='ocrx_word' id='word_1_181' title='bbox 1885 2522 2118 2584; x_wconf 89' lang='lat' dir='ltr'>orbile</span> <span class='ocrx_word' id='word_1_182' title='bbox 2177 2522 2369 2584; x_wconf 88' lang='lat' dir='ltr'>solet</span> <span class='ocrx_word' id='word_1_183' title='bbox 2423 2541 2587 2584; x_wconf 91' lang='lat' dir='ltr'>esse</span> <span class='ocrx_word' id='word_1_184' title='bbox 2644 2527 2837 2586; x_wconf 90' lang='lat' dir='ltr'>acui-</span> 
     </span>
     <span class='ocr_line' id='line_1_21' title="bbox 543 2631 2836 2713; baseline -0.001 -17"><span class='ocrx_word' id='word_1_185' title='bbox 543 2649 683 2697; x_wconf 86' lang='lat' dir='ltr'>tum</span> <span class='ocrx_word' id='word_1_186' title='bbox 733 2633 975 2695; x_wconf 88' lang='lat' dir='ltr'>tabula</span> <span class='ocrx_word' id='word_1_187' title='bbox 1023 2641 1273 2694; x_wconf 89' lang='lat' dir='ltr'>cauata</span> <span class='ocrx_word' id='word_1_188' title='bbox 1323 2635 1420 2694; x_wconf 88' lang='lat' dir='ltr'>sit</span> <span class='ocrx_word' id='word_1_189' title='bbox 1467 2642 1542 2693; x_wconf 90' lang='lat' dir='ltr'>ut</span> <span class='ocrx_word' id='word_1_190' title='bbox 1587 2631 2039 2713; x_wconf 83' lang='lat' dir='ltr'>tympanum]</span> <span class='ocrx_word' id='word_1_191' title='bbox 2098 2632 2358 2693; x_wconf 79' lang='lat' dir='ltr'><em>Acutum</em></span> <span class='ocrx_word' id='word_1_192' title='bbox 2413 2631 2572 2692; x_wconf 87' lang='lat' dir='ltr'>edita</span> <span class='ocrx_word' id='word_1_193' title='bbox 2618 2633 2757 2694; x_wconf 90' lang='lat' dir='ltr'>inde</span> <span class='ocrx_word' id='word_1_194' title='bbox 2805 2653 2836 2694; x_wconf 90' lang='lat' dir='ltr'>a</span> 
     </span>
     <span class='ocr_line' id='line_1_22' title="bbox 546 2739 2837 2821; baseline -0 -19"><span class='ocrx_word' id='word_1_195' title='bbox 546 2743 815 2821; x_wconf 85' lang='lat' dir='ltr'>principe</span> <span class='ocrx_word' id='word_1_196' title='bbox 864 2739 1122 2800; x_wconf 75' lang='lat' dir='ltr'>editione</span> <span class='ocrx_word' id='word_1_197' title='bbox 1170 2740 1552 2821; x_wconf 89' lang='lat' dir='ltr'>exemplaria,</span> <span class='ocrx_word' id='word_1_198' title='bbox 1610 2739 1765 2818; x_wconf 87' lang='lat' dir='ltr'>qnod</span> <span class='ocrx_word' id='word_1_199' title='bbox 1815 2757 1997 2820; x_wconf 88' lang='lat' dir='ltr'>pravo</span> <span class='ocrx_word' id='word_1_200' title='bbox 2046 2739 2218 2799; x_wconf 91' lang='lat' dir='ltr'>modo</span> <span class='ocrx_word' id='word_1_201' title='bbox 2267 2741 2698 2818; x_wconf 87' lang='lat' dir='ltr'>interpretatus</span> <span class='ocrx_word' id='word_1_202' title='bbox 2746 2750 2837 2801; x_wconf 91' lang='lat' dir='ltr'>est</span> 
     </span>
     <span class='ocr_line' id='line_1_23' title="bbox 542 2842 2840 2927; baseline -0 -18"><span class='ocrx_word' id='word_1_203' title='bbox 542 2847 878 2923; x_wconf 79' lang='lat' dir='ltr'>Turnebus,</span> <span class='ocrx_word' id='word_1_204' title='bbox 931 2842 1057 2907; x_wconf 76' lang='lat' dir='ltr'>‘est</span> <span class='ocrx_word' id='word_1_205' title='bbox 1103 2855 1299 2908; x_wconf 87' lang='lat' dir='ltr'>autem</span> <span class='ocrx_word' id='word_1_206' title='bbox 1348 2846 1533 2907; x_wconf 89' lang='lat' dir='ltr'>orbile</span> <span class='ocrx_word' id='word_1_207' title='bbox 1585 2847 1918 2908; x_wconf 80' lang='lat' dir='ltr'>rotunditas</span> <span class='ocrx_word' id='word_1_208' title='bbox 1974 2848 2163 2926; x_wconf 87' lang='lat' dir='ltr'>ipsius</span> <span class='ocrx_word' id='word_1_209' title='bbox 2210 2845 2401 2927; x_wconf 83' lang='lat' dir='ltr'>orbiS,</span> <span class='ocrx_word' id='word_1_210' title='bbox 2458 2848 2560 2925; x_wconf 88' lang='lat' dir='ltr'>qui</span> <span class='ocrx_word' id='word_1_211' title='bbox 2608 2849 2840 2908; x_wconf 87' lang='lat' dir='ltr'>acutior</span> 
     </span>
     <span class='ocr_line' id='line_1_24' title="bbox 547 2949 2838 3033; baseline -0 -17"><span class='ocrx_word' id='word_1_212' title='bbox 547 2958 606 3016; x_wconf 89' lang='lat' dir='ltr'>in</span> <span class='ocrx_word' id='word_1_213' title='bbox 656 2956 772 3015; x_wconf 85' lang='lat' dir='ltr'>fine</span> <span class='ocrx_word' id='word_1_214' title='bbox 820 2949 964 3014; x_wconf 88' lang='lat' dir='ltr'>est&#39;.</span> <span class='ocrx_word' id='word_1_215' title='bbox 1040 2972 1158 3013; x_wconf 90' lang='lat' dir='ltr'>non</span> <span class='ocrx_word' id='word_1_216' title='bbox 1207 2955 1405 3014; x_wconf 90' lang='lat' dir='ltr'>minus</span> <span class='ocrx_word' id='word_1_217' title='bbox 1451 2971 1730 3031; x_wconf 88' lang='lat' dir='ltr'>perverse</span> <span class='ocrx_word' id='word_1_218' title='bbox 1774 2952 2036 3033; x_wconf 87' lang='lat' dir='ltr'>Scaliger</span> <span class='ocrx_word' id='word_1_219' title='bbox 2075 2954 2332 3013; x_wconf 90' lang='lat' dir='ltr'>coniecit</span> <span class='ocrx_word' id='word_1_220' title='bbox 2377 2955 2464 3013; x_wconf 76' lang='lat' dir='ltr'>ita</span> <span class='ocrx_word' id='word_1_221' title='bbox 2505 2961 2573 3014; x_wconf 83' lang='lat' dir='ltr'>ut</span> <span class='ocrx_word' id='word_1_222' title='bbox 2611 2957 2701 3015; x_wconf 86' lang='lat' dir='ltr'>ad</span> <span class='ocrx_word' id='word_1_223' title='bbox 2735 2974 2838 3017; x_wconf 78' lang='lat' dir='ltr'>ex-</span> 
     </span>
     <span class='ocr_line' id='line_1_25' title="bbox 547 3058 2841 3142; baseline -0.001 -18"><span class='ocrx_word' id='word_1_224' title='bbox 547 3071 820 3142; x_wconf 83' lang='lat' dir='ltr'>tremum,</span> <span class='ocrx_word' id='word_1_225' title='bbox 875 3063 983 3122; x_wconf 77' lang='lat' dir='ltr'>ubi</span> <span class='ocrx_word' id='word_1_226' title='bbox 1025 3062 1217 3122; x_wconf 81' lang='lat' dir='ltr'>orbile</span> <span class='ocrx_word' id='word_1_227' title='bbox 1271 3065 1421 3122; x_wconf 84' lang='lat' dir='ltr'>solet</span> <span class='ocrx_word' id='word_1_228' title='bbox 1466 3079 1619 3135; x_wconf 81' lang='lat' dir='ltr'>esse,</span> <span class='ocrx_word' id='word_1_229' title='bbox 1677 3062 2004 3121; x_wconf 83' lang='lat' dir='ltr'>acetabula</span> <span class='ocrx_word' id='word_1_230' title='bbox 2051 3065 2273 3121; x_wconf 80' lang='lat' dir='ltr'>cavata</span> <span class='ocrx_word' id='word_1_231' title='bbox 2317 3062 2424 3134; x_wconf 80' lang='lat' dir='ltr'>sit,</span> <span class='ocrx_word' id='word_1_232' title='bbox 2487 3058 2596 3120; x_wconf 90' lang='lat' dir='ltr'>hac</span> <span class='ocrx_word' id='word_1_233' title='bbox 2645 3060 2841 3122; x_wconf 89' lang='lat' dir='ltr'>addita</span> 
     </span>
     <span class='ocr_line' id='line_1_26' title="bbox 543 3162 2839 3249; baseline -0.001 -19"><span class='ocrx_word' id='word_1_234' title='bbox 543 3170 1061 3249; x_wconf 82' lang='lat' dir='ltr'>interpretatione,</span> <span class='ocrx_word' id='word_1_235' title='bbox 1119 3162 1462 3227; x_wconf 77' lang='lat' dir='ltr'>‘columella</span> <span class='ocrx_word' id='word_1_236' title='bbox 1510 3166 1641 3227; x_wconf 93' lang='lat' dir='ltr'>loco</span> <span class='ocrx_word' id='word_1_237' title='bbox 1689 3165 1978 3246; x_wconf 83' lang='lat' dir='ltr'>cardiniS,</span> <span class='ocrx_word' id='word_1_238' title='bbox 2030 3167 2132 3244; x_wconf 91' lang='lat' dir='ltr'>qui</span> <span class='ocrx_word' id='word_1_239' title='bbox 2189 3167 2465 3226; x_wconf 86' lang='lat' dir='ltr'>convenit</span> <span class='ocrx_word' id='word_1_240' title='bbox 2520 3169 2582 3226; x_wconf 89' lang='lat' dir='ltr'>in</span> <span class='ocrx_word' id='word_1_241' title='bbox 2629 3186 2839 3228; x_wconf 90' lang='lat' dir='ltr'>cavum</span> 
     </span>
     <span class='ocr_line' id='line_1_27' title="bbox 545 3267 2836 3356; baseline 0 -21"><span class='ocrx_word' id='word_1_242' title='bbox 545 3275 743 3355; x_wconf 87' lang='lat' dir='ltr'>modii,</span> <span class='ocrx_word' id='word_1_243' title='bbox 789 3267 968 3334; x_wconf 90' lang='lat' dir='ltr'>habet</span> <span class='ocrx_word' id='word_1_244' title='bbox 1014 3273 1406 3356; x_wconf 85' lang='lat' dir='ltr'>acetabulum,</span> <span class='ocrx_word' id='word_1_245' title='bbox 1453 3276 1513 3333; x_wconf 91' lang='lat' dir='ltr'>in</span> <span class='ocrx_word' id='word_1_246' title='bbox 1562 3272 1720 3352; x_wconf 89' lang='lat' dir='ltr'>quod</span> <span class='ocrx_word' id='word_1_247' title='bbox 1771 3275 1970 3352; x_wconf 89' lang='lat' dir='ltr'>potius</span> <span class='ocrx_word' id='word_1_248' title='bbox 2017 3274 2145 3351; x_wconf 89' lang='lat' dir='ltr'>ipse</span> <span class='ocrx_word' id='word_1_249' title='bbox 2194 3279 2358 3332; x_wconf 91' lang='lat' dir='ltr'>rotae</span> <span class='ocrx_word' id='word_1_250' title='bbox 2413 3272 2647 3334; x_wconf 90' lang='lat' dir='ltr'>modius</span> <span class='ocrx_word' id='word_1_251' title='bbox 2698 3293 2836 3335; x_wconf 91' lang='lat' dir='ltr'>con-</span> 
     </span>
     <span class='ocr_line' id='line_1_28' title="bbox 546 3376 2834 3458; baseline 0.001 -17"><span class='ocrx_word' id='word_1_252' title='bbox 546 3376 764 3441; x_wconf 86' lang='lat' dir='ltr'>venit&#39;:</span> <span class='ocrx_word' id='word_1_253' title='bbox 812 3398 945 3440; x_wconf 90' lang='lat' dir='ltr'>nam</span> <span class='ocrx_word' id='word_1_254' title='bbox 994 3378 1356 3440; x_wconf 90' lang='lat' dir='ltr'>acetabulam</span> <span class='ocrx_word' id='word_1_255' title='bbox 1405 3398 1515 3458; x_wconf 85' lang='lat' dir='ltr'>pro</span> <span class='ocrx_word' id='word_1_256' title='bbox 1563 3378 1870 3439; x_wconf 85' lang='lat' dir='ltr'>acetabulo</span> <span class='ocrx_word' id='word_1_257' title='bbox 1918 3378 2037 3439; x_wconf 88' lang='lat' dir='ltr'>dici</span> <span class='ocrx_word' id='word_1_258' title='bbox 2078 3377 2278 3438; x_wconf 88' lang='lat' dir='ltr'>voluit.</span> <span class='ocrx_word' id='word_1_259' title='bbox 2355 3382 2442 3440; x_wconf 81' lang='lat' dir='ltr'>ita</span> <span class='ocrx_word' id='word_1_260' title='bbox 2478 3386 2548 3439; x_wconf 84' lang='lat' dir='ltr'>ut</span> <span class='ocrx_word' id='word_1_261' title='bbox 2593 3383 2682 3441; x_wconf 84' lang='lat' dir='ltr'>ad</span> <span class='ocrx_word' id='word_1_262' title='bbox 2725 3401 2834 3443; x_wconf 80' lang='lat' dir='ltr'>ex-</span> 
     </span>
     <span class='ocr_line' id='line_1_29' title="bbox 547 3486 2833 3567; baseline 0.001 -19"><span class='ocrx_word' id='word_1_263' title='bbox 547 3495 829 3563; x_wconf 82' lang='lat' dir='ltr'>tremum,</span> <span class='ocrx_word' id='word_1_264' title='bbox 894 3489 1004 3548; x_wconf 79' lang='lat' dir='ltr'>ubi</span> <span class='ocrx_word' id='word_1_265' title='bbox 1064 3489 1257 3549; x_wconf 82' lang='lat' dir='ltr'>orbile</span> <span class='ocrx_word' id='word_1_266' title='bbox 1319 3491 1468 3549; x_wconf 83' lang='lat' dir='ltr'>solet</span> <span class='ocrx_word' id='word_1_267' title='bbox 1531 3506 1695 3567; x_wconf 82' lang='lat' dir='ltr'>esse,</span> <span class='ocrx_word' id='word_1_268' title='bbox 1761 3505 1948 3547; x_wconf 80' lang='lat' dir='ltr'>arcus</span> <span class='ocrx_word' id='word_1_269' title='bbox 2013 3503 2151 3547; x_wconf 81' lang='lat' dir='ltr'>eum</span> <span class='ocrx_word' id='word_1_270' title='bbox 2216 3486 2426 3545; x_wconf 82' lang='lat' dir='ltr'>tabula</span> <span class='ocrx_word' id='word_1_271' title='bbox 2488 3494 2713 3549; x_wconf 82' lang='lat' dir='ltr'>cavata</span> <span class='ocrx_word' id='word_1_272' title='bbox 2773 3492 2833 3550; x_wconf 82' lang='lat' dir='ltr'>si</span> 
     </span>
     <span class='ocr_line' id='line_1_30' title="bbox 549 3590 2836 3674; baseline 0 -19"><span class='ocrx_word' id='word_1_273' title='bbox 549 3593 889 3655; x_wconf 84' lang='lat' dir='ltr'>Schefferus</span> <span class='ocrx_word' id='word_1_274' title='bbox 946 3593 1017 3654; x_wconf 93' lang='lat' dir='ltr'>de</span> <span class='ocrx_word' id='word_1_275' title='bbox 1075 3612 1141 3654; x_wconf 91' lang='lat' dir='ltr'>re</span> <span class='ocrx_word' id='word_1_276' title='bbox 1189 3593 1511 3655; x_wconf 86' lang='lat' dir='ltr'>vehiculari</span> <span class='ocrx_word' id='word_1_277' title='bbox 1556 3593 1582 3653; x_wconf 94' lang='grc' dir='ltr'>Ι</span> <span class='ocrx_word' id='word_1_278' title='bbox 1619 3591 1664 3655; x_wconf 87' lang='grc'>4</span> <span class='ocrx_word' id='word_1_279' title='bbox 1709 3612 1764 3673; x_wconf 94' lang='lat' dir='ltr'>p.</span> <span class='ocrx_word' id='word_1_280' title='bbox 1803 3590 1907 3654; x_wconf 88' lang='grc'>49.</span> <span class='ocrx_word' id='word_1_281' title='bbox 2000 3598 2326 3653; x_wconf 80' lang='lat' dir='ltr'>arcuatum</span> <span class='ocrx_word' id='word_1_282' title='bbox 2375 3593 2616 3672; x_wconf 89' lang='lat' dir='ltr'>scripsi,</span> <span class='ocrx_word' id='word_1_283' title='bbox 2674 3595 2836 3674; x_wconf 91' lang='lat' dir='ltr'>quod</span> 
     </span>
     <span class='ocr_line' id='line_1_31' title="bbox 548 3699 2841 3764; baseline 0.002 -4"><span class='ocrx_word' id='word_1_284' title='bbox 548 3701 848 3761; x_wconf 87' lang='lat' dir='ltr'>Gesnerus</span> <span class='ocrx_word' id='word_1_285' title='bbox 897 3703 1167 3762; x_wconf 90' lang='lat' dir='ltr'>coniecit.</span> <span class='ocrx_word' id='word_1_286' title='bbox 1242 3702 1345 3761; x_wconf 91' lang='lat' dir='ltr'>sed</span> <span class='ocrx_word' id='word_1_287' title='bbox 1394 3703 1618 3762; x_wconf 88' lang='lat' dir='ltr'>rectius</span> <span class='ocrx_word' id='word_1_288' title='bbox 1664 3709 1793 3761; x_wconf 90' lang='lat' dir='ltr'>erat</span> <span class='ocrx_word' id='word_1_289' title='bbox 1840 3699 2104 3761; x_wconf 89' lang='lat' dir='ltr'>scribere</span> <span class='ocrx_word' id='word_1_290' title='bbox 2151 3706 2419 3760; x_wconf 82' lang='lat' dir='ltr'>arcuata</span> <span class='ocrx_word' id='word_1_291' title='bbox 2466 3702 2679 3762; x_wconf 82' lang='lat' dir='ltr'>tabula</span> <span class='ocrx_word' id='word_1_292' title='bbox 2734 3721 2841 3764; x_wconf 82' lang='lat' dir='ltr'>ea·</span> 
     </span>
     <span class='ocr_line' id='line_1_32' title="bbox 547 3805 2843 3885; baseline 0.001 -17"><span class='ocrx_word' id='word_1_293' title='bbox 547 3815 707 3868; x_wconf 83' lang='lat' dir='ltr'>vata.</span> <span class='ocrx_word' id='word_1_294' title='bbox 782 3825 917 3866; x_wconf 90' lang='lat' dir='ltr'>nam</span> <span class='ocrx_word' id='word_1_295' title='bbox 957 3809 1017 3868; x_wconf 90' lang='lat' dir='ltr'>in</span> <span class='ocrx_word' id='word_1_296' title='bbox 1055 3806 1363 3868; x_wconf 84' lang='lat' dir='ltr'>columella</span> <span class='ocrx_word' id='word_1_297' title='bbox 1402 3816 1494 3868; x_wconf 90' lang='lat' dir='ltr'>est</span> <span class='ocrx_word' id='word_1_298' title='bbox 1521 3816 1648 3868; x_wconf 87' lang='lat' dir='ltr'>rota</span> <span class='ocrx_word' id='word_1_299' title='bbox 1680 3807 1920 3885; x_wconf 86' lang='lat' dir='ltr'>radiata,</span> <span class='ocrx_word' id='word_1_300' title='bbox 1956 3825 2106 3885; x_wconf 90' lang='lat' dir='ltr'>quae</span> <span class='ocrx_word' id='word_1_301' title='bbox 2136 3805 2343 3866; x_wconf 90' lang='lat' dir='ltr'>avibus</span> <span class='ocrx_word' id='word_1_302' title='bbox 2370 3806 2559 3866; x_wconf 88' lang='lat' dir='ltr'>vicem</span> <span class='ocrx_word' id='word_1_303' title='bbox 2601 3825 2843 3870; x_wconf 88' lang='lat' dir='ltr'>mensae</span> 
     </span>
     <span class='ocr_line' id='line_1_33' title="bbox 549 3905 2846 3996; baseline 0.002 -24"><span class='ocrx_word' id='word_1_304' title='bbox 549 3912 814 3993; x_wconf 91' lang='lat' dir='ltr'>praebet.</span> <span class='ocrx_word' id='word_1_305' title='bbox 905 3915 966 3973; x_wconf 87' lang='lat' dir='ltr'>in</span> <span class='ocrx_word' id='word_1_306' title='bbox 1016 3917 1144 3974; x_wconf 91' lang='lat' dir='ltr'>eius</span> <span class='ocrx_word' id='word_1_307' title='bbox 1190 3922 1357 3994; x_wconf 89' lang='lat' dir='ltr'>parte</span> <span class='ocrx_word' id='word_1_308' title='bbox 1406 3922 1696 3994; x_wconf 88' lang='lat' dir='ltr'>extrema,</span> <span class='ocrx_word' id='word_1_309' title='bbox 1754 3912 1857 3973; x_wconf 93' lang='lat' dir='ltr'>ubi</span> <span class='ocrx_word' id='word_1_310' title='bbox 1912 3915 1971 3973; x_wconf 92' lang='lat' dir='ltr'>in</span> <span class='ocrx_word' id='word_1_311' title='bbox 2031 3905 2178 3973; x_wconf 86' lang='lat' dir='ltr'>rotis</span> <span class='ocrx_word' id='word_1_312' title='bbox 2233 3910 2422 3972; x_wconf 89' lang='lat' dir='ltr'>orbile</span> <span class='ocrx_word' id='word_1_313' title='bbox 2480 3932 2613 3974; x_wconf 90' lang='lat' dir='ltr'>esse</span> <span class='ocrx_word' id='word_1_314' title='bbox 2673 3916 2846 3996; x_wconf 81' lang='lat' dir='ltr'>solet,</span> 
     </span>
     <span class='ocr_line' id='line_1_34' title="bbox 561 4019 2843 4103; baseline 0.001 -22"><span class='ocrx_word' id='word_1_315' title='bbox 561 4020 744 4081; x_wconf 89' lang='lat' dir='ltr'>radiis</span> <span class='ocrx_word' id='word_1_316' title='bbox 791 4020 978 4080; x_wconf 82' lang='lat' dir='ltr'>adfixa</span> <span class='ocrx_word' id='word_1_317' title='bbox 1027 4028 1118 4080; x_wconf 92' lang='lat' dir='ltr'>est</span> <span class='ocrx_word' id='word_1_318' title='bbox 1164 4030 1401 4081; x_wconf 90' lang='lat' dir='ltr'>arcuata</span> <span class='ocrx_word' id='word_1_319' title='bbox 1450 4019 1664 4101; x_wconf 86' lang='lat' dir='ltr'>tabula,</span> <span class='ocrx_word' id='word_1_320' title='bbox 1713 4038 1861 4099; x_wconf 89' lang='lat' dir='ltr'>quae</span> <span class='ocrx_word' id='word_1_321' title='bbox 1911 4025 2108 4079; x_wconf 86' lang='lat' dir='ltr'>cavata</span> <span class='ocrx_word' id='word_1_322' title='bbox 2148 4024 2239 4079; x_wconf 86' lang='lat' dir='ltr'>est</span> <span class='ocrx_word' id='word_1_323' title='bbox 2285 4019 2355 4079; x_wconf 93' lang='lat' dir='ltr'>ad</span> <span class='ocrx_word' id='word_1_324' title='bbox 2394 4020 2657 4097; x_wconf 88' lang='lat' dir='ltr'>speciem</span> <span class='ocrx_word' id='word_1_325' title='bbox 2698 4029 2843 4103; x_wconf 82' lang='lat' dir='ltr'>tym-</span> 
     </span>
     <span class='ocr_line' id='line_1_35' title="bbox 548 4127 2845 4207; baseline 0.002 -21"><span class='ocrx_word' id='word_1_326' title='bbox 548 4129 707 4207; x_wconf 89' lang='lat' dir='ltr'>pani.</span> <span class='ocrx_word' id='word_1_327' title='bbox 798 4144 864 4186; x_wconf 87' lang='lat' dir='ltr'>ea</span> <span class='ocrx_word' id='word_1_328' title='bbox 913 4132 1040 4187; x_wconf 88' lang='lat' dir='ltr'>rota</span> <span class='ocrx_word' id='word_1_329' title='bbox 1089 4145 1121 4186; x_wconf 94' lang='lat' dir='ltr'>a</span> <span class='ocrx_word' id='word_1_330' title='bbox 1158 4145 1345 4206; x_wconf 87' lang='lat' dir='ltr'>puero</span> <span class='ocrx_word' id='word_1_331' title='bbox 1394 4128 1624 4188; x_wconf 91' lang='lat' dir='ltr'>circum</span> <span class='ocrx_word' id='word_1_332' title='bbox 1669 4144 1838 4187; x_wconf 86' lang='lat' dir='ltr'>axem</span> <span class='ocrx_word' id='word_1_333' title='bbox 1884 4128 1964 4186; x_wconf 91' lang='lat' dir='ltr'>ita</span> <span class='ocrx_word' id='word_1_334' title='bbox 2011 4127 2291 4206; x_wconf 87' lang='lat' dir='ltr'>vertitur,</span> <span class='ocrx_word' id='word_1_335' title='bbox 2354 4133 2419 4186; x_wconf 89' lang='lat' dir='ltr'>ut</span> <span class='ocrx_word' id='word_1_336' title='bbox 2466 4143 2536 4186; x_wconf 88' lang='lat' dir='ltr'>ea</span> <span class='ocrx_word' id='word_1_337' title='bbox 2585 4145 2738 4205; x_wconf 90' lang='lat' dir='ltr'>quae</span> <span class='ocrx_word' id='word_1_338' title='bbox 2782 4132 2845 4191; x_wconf 90' lang='lat' dir='ltr'>in</span> 
     </span>
     <span class='ocr_line' id='line_1_36' title="bbox 551 4232 2848 4312; baseline 0.001 -16"><span class='ocrx_word' id='word_1_339' title='bbox 551 4232 747 4296; x_wconf 88' lang='lat' dir='ltr'>tabula</span> <span class='ocrx_word' id='word_1_340' title='bbox 798 4242 1003 4294; x_wconf 90' lang='lat' dir='ltr'>cavata</span> <span class='ocrx_word' id='word_1_341' title='bbox 1051 4234 1122 4294; x_wconf 89' lang='lat' dir='ltr'>ad</span> <span class='ocrx_word' id='word_1_342' title='bbox 1170 4233 1462 4294; x_wconf 92' lang='lat' dir='ltr'>edendum</span> <span class='ocrx_word' id='word_1_343' title='bbox 1514 4242 1572 4294; x_wconf 91' lang='lat' dir='ltr'>et</span> <span class='ocrx_word' id='word_1_344' title='bbox 1621 4232 1692 4293; x_wconf 91' lang='lat' dir='ltr'>ad</span> <span class='ocrx_word' id='word_1_345' title='bbox 1739 4232 2062 4294; x_wconf 88' lang='lat' dir='ltr'>bibendum</span> <span class='ocrx_word' id='word_1_346' title='bbox 2112 4234 2304 4312; x_wconf 87' lang='lat' dir='ltr'>posita</span> <span class='ocrx_word' id='word_1_347' title='bbox 2347 4240 2488 4294; x_wconf 88' lang='lat' dir='ltr'>sunt</span> <span class='ocrx_word' id='word_1_348' title='bbox 2526 4232 2598 4293; x_wconf 93' lang='lat' dir='ltr'>ad</span> <span class='ocrx_word' id='word_1_349' title='bbox 2641 4254 2848 4298; x_wconf 89' lang='lat' dir='ltr'>omnes</span> 
     </span>
     <span class='ocr_line' id='line_1_37' title="bbox 552 4338 1177 4402; baseline 0 -1"><span class='ocrx_word' id='word_1_350' title='bbox 552 4359 691 4402; x_wconf 90' lang='lat' dir='ltr'>aves</span> <span class='ocrx_word' id='word_1_351' title='bbox 737 4338 1177 4401; x_wconf 88' lang='lat' dir='ltr'>admoveantur.</span> 
     </span>
    </p>

    <p class='ocr_par' dir='ltr' id='par_1_6' title="bbox 557 4436 2849 4635">
     <span class='ocr_line' id='line_1_38' title="bbox 738 4436 2846 4527; baseline 0.003 -22"><span class='ocrx_word' id='word_1_352' title='bbox 738 4436 817 4506; x_wconf 84' lang='lat'>16</span> <span class='ocrx_word' id='word_1_353' title='bbox 865 4445 996 4506; x_wconf 93' lang='lat' dir='ltr'>Ubi</span> <span class='ocrx_word' id='word_1_354' title='bbox 1027 4446 1263 4507; x_wconf 89' lang='lat' dir='ltr'>solent</span> <span class='ocrx_word' id='word_1_355' title='bbox 1292 4465 1449 4507; x_wconf 91' lang='lat' dir='ltr'>esse</span> <span class='ocrx_word' id='word_1_356' title='bbox 1480 4446 2078 4527; x_wconf 88' lang='lat' dir='ltr'>peripatasmata]</span> <span class='ocrx_word' id='word_1_357' title='bbox 2120 4449 2616 4523; x_wconf 79' lang='lat' dir='ltr'>Peripatasmata</span> <span class='ocrx_word' id='word_1_358' title='bbox 2651 4453 2846 4511; x_wconf 90' lang='lat' dir='ltr'>omnia</span> 
     </span>
     <span class='ocr_line' id='line_1_39' title="bbox 557 4551 2849 4635; baseline 0.003 -24"><span class='ocrx_word' id='word_1_359' title='bbox 557 4551 920 4632; x_wconf 87' lang='lat' dir='ltr'>apographa,</span> <span class='ocrx_word' id='word_1_360' title='bbox 977 4560 1037 4612; x_wconf 88' lang='lat' dir='ltr'>et</span> <span class='ocrx_word' id='word_1_361' title='bbox 1083 4553 1197 4613; x_wconf 90' lang='lat' dir='ltr'>hoc</span> <span class='ocrx_word' id='word_1_362' title='bbox 1245 4554 1478 4615; x_wconf 86' lang='lat' dir='ltr'>videtur</span> <span class='ocrx_word' id='word_1_363' title='bbox 1524 4555 1585 4614; x_wconf 89' lang='lat' dir='ltr'>in</span> <span class='ocrx_word' id='word_1_364' title='bbox 1643 4554 1964 4634; x_wconf 80' lang='lat' dir='ltr'>archetypo</span> <span class='ocrx_word' id='word_1_365' title='bbox 2019 4555 2306 4634; x_wconf 87' lang='lat' dir='ltr'>scriptum</span> <span class='ocrx_word' id='word_1_366' title='bbox 2364 4554 2577 4635; x_wconf 81' lang='lat' dir='ltr'>fuisse,</span> <span class='ocrx_word' id='word_1_367' title='bbox 2635 4555 2849 4619; x_wconf 92' lang='lat' dir='ltr'>deinde</span> 
     </span>
    </p>
   </div>
  </div>
 </body>
</html>
