3178 5185
852 432 1112 487 RERVM
1148 432 1627 487 RVSTICARVM
1662 433 1796 489 LIB.
1833 433 1886 487 H
1924 430 2092 488 7——8
2484 422 2608 487 195

336 587 696 647 editionibus
718 588 827 648 fuit
849 590 1110 647 restituit
1130 587 1459 647 Pontedera
1481 606 1535 665 p.
1555 586 1706 669 436,
1731 592 1893 662 fiunt
1918 591 2260 664 quietiores,
2290 593 2430 650 ideo
2451 592 2614 664 quod

329 698 551 754 semine
582 703 817 754 carent.
884 697 931 754 ii
957 698 1224 754 canterii
1252 699 1554 771 appellati.
1623 695 1780 755 hunc
1802 695 2201 755 Schneiderus
2231 705 2474 756 secutus
2503 705 2609 756 est.

503 800 727 861 Gallis
782 801 1215 881 gallinaceis
1274 800 1468 880 capi]
1538 803 1614 861 In
1663 805 1845 877 ¹qallis
1901 802 2052 862 edita
2102 812 2237 864 ante
2284 802 2608 863 Victorium

328 908 700 987 exemplaria.
767 907 990 970 Charis,
1028 929 1081 988 p.
1124 906 1269 990 103,
1298 905 1383 969 26
1438 910 1600 986 Capo
1639 912 1867 970 dicitur
1913 929 2093 985 nune,
2143 913 2253 971 sed
2302 911 2498 971 Varro
2537 913 2613 970 de

325 1034 605 1077 sermone
622 1019 809 1076 latino
840 1011 1124 1091 ‘iterum',
1155 1020 1268 1089 ait,
1289 1010 1393 1077 ‘ex
1415 1020 1580 1091 ¹qallo
1605 1021 1949 1091 qallinaceo
1978 1026 2248 1079 castrato
2270 1022 2346 1091 fit
2382 1013 2610 1094 capus'.

507 1129 640 1182 VIII
682 1120 715 1183 1
797 1121 1461 1200 Sacrificarentur]
1532 1125 1982 1198 Sacrificarent
2043 1123 2282 1185 Merula.
2373 1128 2611 1196 sacrifi-

333 1238 635 1291 carentur
672 1228 969 1290 Victorius
1019 1214 1305 1291 restituit:
1352 1229 1404 1289 II
1448 1229 1545 1311 11,
1575 1227 1618 1292 5
1653 1236 1845 1292 solent
1879 1236 2249 1306 sacrificari.
2325 1232 2430 1291 alia
2472 1231 2612 1290 Var-

330 1340 496 1397 ronis
546 1337 809 1415 exempla
858 1337 1157 1397 adnotavit
1202 1335 1428 1397 Nonius
1475 1356 1530 1416 p.
1568 1335 1719 1418 480,
1756 1338 1808 1400 1.

513 1442 645 1504 Vos
691 1451 853 1503 ante
918 1445 1024 1503 ire
1072 1462 1205 1503 non
1263 1446 1497 1523 patiar
1556 1454 1931 1524 antequam
2000 1445 2167 1505 mihi
2212 1444 2611 1505 reddideri-

331 1549 458 1626 tis]
525 1546 635 1611 Vos
683 1554 775 1611 ire
821 1549 978 1610 edita
1025 1550 1163 1611 inde
1210 1569 1243 1610 a
1290 1553 1558 1630 principe
1607 1553 1864 1613 editione
1914 1552 2284 1631 exemplaria.

510 1656 656 1717 Non
706 1675 836 1718 suo
885 1675 1014 1736 ope
1051 1657 1353 1737 genere]
1395 1661 1526 1719 Non
1572 1668 1782 1736 suopte
1820 1678 2049 1734 qenere
2085 1658 2335 1721 Merula:
2375 1657 2543 1740 1117,
2580 1659 2607 1719 1

328 1771 549 1840 suapte
590 1771 816 1841 sponte.

509 1870 606 1931 Ex
645 1891 825 1951 equo
865 1880 936 1931 et
972 1874 1166 1932 asina
1207 1872 1539 1952 hinnius]
1582 1876 1846 1936 Hinulus
1874 1875 2116 1955 Merula,
2154 1877 2376 1936 hinnus
2406 1873 2614 1934 Iucun-

333 1979 466 2060 duS,
514 1981 669 2040 sicut
714 1981 774 2038 in
833 1977 1000 2039 libris
1057 1981 1343 2059 scriptum
1392 1991 1483 2041 est
1538 1983 1692 2042 infra
1731 1981 1770 2044 6
1818 1985 2040 2043 hinnus
2096 1986 2203 2057 qui
2254 1985 2617 2059 appellatur.

336 2088 626 2146 hinnulus
673 2084 883 2164 probat
922 2085 1214 2165 Hauptius
1260 2106 1462 2166 opusc.
1504 2110 1552 2149 v.
1589 2088 1643 2148 ΙΙ
1690 2110 1744 2168 p.
1784 2086 1886 2150 39.
1962 2100 2226 2150 ceterum
2266 2108 2415 2168 quae
2463 2087 2613 2166 apud

338 2191 590 2253 Nonium
629 2212 685 2272 p.
729 2191 873 2267 122,
905 2190 946 2253 2
984 2192 1282 2275 leguntur,
1323 2197 1424 2254 sed
1465 2198 1604 2256 vitio
1643 2199 2007 2275 grammatici
2052 2205 2349 2276 corrupta,
2387 2196 2618 2255 Hinnos

333 2303 429 2359 vel
469 2302 692 2360 hinnas
737 2303 846 2361 sub
905 2319 1021 2376 quo
1066 2320 1246 2363 sensu
1303 2306 1589 2379 accipere
1646 2306 1993 2378 debeamus,
2058 2304 2252 2363 Varro
2313 2305 2618 2377 desiqnat:

335 2410 427 2467 ait
478 2411 636 2468 enim
693 2426 772 2468 ea:
828 2412 997 2483 equis
1051 2416 1111 2470 et
1163 2411 1431 2470 hinnulis
1488 2413 1576 2483 (et
1632 2414 1693 2471 in
1750 2414 1928 2471 nullis
1985 2410 2247 2490 codices,
2312 2417 2371 2470 et
2429 2413 2619 2470 asinis

335 2513 668 2595 MerceruS,
724 2520 783 2574 et
837 2517 1125 2576 asinabus
1183 2515 1502 2596 Hauptius)
1557 2520 1666 2592 qui
1717 2525 2056 2578 nascantur
2111 2520 2327 2578 hinnos
2388 2520 2619 2598 vocari,

339 2642 408 2681 ex
470 2622 582 2682 alio
640 2621 919 2682 Varronis
985 2622 1134 2683 libro
1204 2625 1476 2684 videntur
1523 2627 1704 2703 petita
1762 2635 1910 2685 esse.
1987 2643 2118 2684 nam
2176 2625 2503 2685 secundum
2561 2633 2621 2683 et

341 2732 583 2790 tertium
612 2727 830 2789 librum
864 2748 1066 2789 rerum
1102 2733 1462 2791 rusticarum
1491 2731 1717 2792 Nonius
1756 2730 1846 2791 vel
1886 2734 1934 2791 is
1974 2709 2149 2811 quem
2187 2731 2285 2792 ille
2317 2738 2619 2791 auctorem

337 2846 580 2896 secutus
628 2847 718 2895 est
767 2853 885 2895 non
933 2835 1088 2914 legit.

515 2942 556 3004 2
642 2943 956 3021 Uterque
1031 2961 1270 3003 eorum
1346 2944 1425 3004 ad
1504 2964 1702 3005 nsum
1777 2946 1983 3004 utilis
2058 2953 2264 3022 partu
2335 2945 2620 3006 fructus

339 3049 633 3127 neuter]
692 3050 793 3110 Aa
845 3068 1016 3109 usum
1072 3054 1264 3125 utilis,
1312 3058 1534 3131 partu,
1585 3051 1826 3127 fructu,
1885 3059 2093 3112 ventre
2145 3050 2474 3132 IucunduS,
2539 3056 2626 3113 ad
2680 3121 2681 3124 Ἴ

337 3175 510 3218 usum
556 3160 738 3231 utilis,
787 3160 873 3217 ad
909 3156 1185 3232 fructum
1222 3165 1440 3218 neuter
1476 3156 1747 3220 Ursinus·
1829 3177 2002 3218 manu
2048 3160 2403 3236 scriptorum
2445 3157 2620 3218 libro·

342 3283 474 3325 rum
523 3266 878 3344 scripturam
918 3264 1197 3342 Angelius
1246 3250 1526 3346 restituit,
1574 3265 1904 3344 posthunc
1943 3265 2256 3326 Victorius,
2331 3269 2417 3326 ad
2450 3284 2623 3326 usum

341 3376 530 3445 utilis,
589 3379 780 3447 partu
838 3370 1199 3446 fructuosus
1264 3379 1478 3433 neuter
1540 3374 1769 3451 scripsi.
1856 3391 1988 3433 nam
2053 3371 2125 3431 ad
2183 3390 2359 3433 usum
2421 3391 2621 3432 rerum

345 3482 702 3540 rusticarum
749 3478 925 3539 utiles
974 3489 1112 3541 sunt
1160 3481 1323 3540 hinni
1364 3488 1424 3538 et
1462 3478 1625 3560 muli,
1664 3487 1834 3558 partu
1878 3479 2174 3558 pullorum
2216 3488 2428 3539 neuter
2467 3480 2620 3540 fruc—

347 3595 467 3647 tum
518 3588 634 3647 fert
686 3585 939 3646 domino.

518 3692 716 3764 Quod
762 3691 829 3753 id
876 3692 1072 3752 lacte
1130 3711 1331 3772 quam
1378 3695 1735 3753 asininum
1790 3701 1856 3753 at
1908 3691 2043 3753 alia
2102 3694 2327 3752 omnia
2375 3692 2625 3753 dicunt

347 3819 503 3861 esse
552 3798 856 3875 melius]
895 3801 984 3860 Ac
1030 3803 1230 3861 omnia
1278 3803 1405 3859 alia
1451 3797 1704 3879 Merula,
1761 3818 1838 3860 ac
1884 3802 2010 3860 alia
2057 3802 2259 3859 omnia
2305 3797 2625 3878 IucunduS,

347 3917 410 3968 at
464 3901 547 3990 (h.
588 3926 637 3967 e.
676 3899 795 3987 ad)
861 3909 1148 3966 alimonia
1203 3905 1613 3966 Lachmannus
1668 3908 1728 3965 in
1798 3905 2032 3965 Lucret.
2079 3924 2133 3983 p.
2182 3900 2328 3965 352.
2419 3905 2625 3965 eodem

335 4013 627 4074 vocabulo
675 4011 858 4073 Varro
908 4031 1051 4073 usus
1100 4022 1190 4073 est
1235 4011 1259 4071 1
1300 4011 1357 4093 8,
1389 4011 1424 4074 7
1477 4017 1537 4073 in
1580 4020 1769 4089 partu
1819 4020 1879 4072 et
1924 4014 2231 4084 alimonia,
2270 4007 2370 4074 ,ΙΙΙ
2409 4008 2510 4083 16,
2542 4006 2625 4071 15

351 4139 387 4181 a
423 4124 611 4182 mellis
659 4123 959 4194 alimonio,
1007 4118 1031 4178 I
1070 4116 1174 4199 44,
1205 4117 1245 4180 3
1294 4122 1370 4180 de
1416 4121 1928 4180 nutricationibus
1975 4125 2155 4192 atque
2201 4120 2527 4191 alimonii3‚
2577 4116 2628 4177 11

360 4228 408 4303 l,
439 4226 524 4289 24
573 4237 632 4288 et
679 4223 739 4308 5,
773 4223 853 4287 16
901 4231 964 4287 in
1012 4219 1326 4287 alimoniis.
1398 4270 1402 4274 -

522 4334 733 4394 Matri
780 4335 1303 4413 suppositiciae
1353 4351 1633 4413 quoque
1682 4333 2102 4392 inseruiunt
2151 4349 2285 4409 quo
2326 4347 2503 4408 equa
2544 4329 2626 4389 ad

352 4442 832 4504 ministerium
880 4439 1094 4501 lactis
1150 4440 1382 4500 cibum
1428 4439 1622 4519 pullo
1680 4437 2031 4517 praebere
2090 4434 2360 4515 possit]
2419 4436 2519 4496 Aa
2571 4444 2631 4496 et

357 4555 550 4612 cibum
599 4547 930 4609 redundare
979 4546 1280 4607 Gesnerus
1328 4547 1642 4606 adnotavit.
1717 4548 2115 4605 ministerium
2147 4544 2450 4619 praebere
2488 4542 2630 4620 quid

2101 4644 2206 4698 13*
