3178 5185
604 409 733 472 210
1285 416 1665 472 COMMENT.
1714 416 1793 469 IN
1830 416 2204 472 VARRONIS

602 572 860 632 editione
908 570 1280 650 exemplaria.
1371 575 1623 644 alerent,
1673 570 1828 650 quod
1878 570 2138 631 Merulae
2186 572 2564 631 coniecturae
2612 570 2873 649 debetur,

605 683 848 760 retinui3
893 680 1274 739 indicativum
1331 681 1749 759 ostenderunt,
1797 681 1857 738 in
1915 697 2032 757 quo
2090 677 2347 738 editores
2404 677 2705 737 offendere
2763 696 2871 737 non

604 786 923 868 debebant,
972 806 1038 846 ex
1090 786 1293 845 codice
1342 788 1593 846 restitui.
1686 788 2003 847 eiuncidas
2057 804 2127 845 ex
2185 785 2593 845 emendatione
2641 783 2873 845 Victorii

604 894 1001 955 Schneiderns
1051 892 1248 954 edidit.

779 998 819 1062 9
886 1001 1248 1079 Praegnax
1296 1017 1503 1078 saepe
1561 1018 1728 1070 cum,
1772 1001 1974 1060 uenit
2018 999 2351 1078 pariendi
2405 1008 2688 1079 tempus
2745 1016 2871 1059 non

603 1110 808 1188 longe
876 1107 956 1167 ab
1022 1125 1236 1186 opere
1304 1106 1679 1166 discedere
1740 1105 1990 1185 ibique
2056 1108 2331 1166 enixam
2405 1125 2703 1185 puerum
2769 1126 2869 1167 re-

604 1214 823 1294 ferre]
892 1217 1339 1290 Praeynantem
1402 1232 1471 1273 ex
1528 1215 1796 1292 principe
1854 1213 2110 1273 editione
2177 1221 2482 1292 receptum
2552 1226 2703 1295 erat,
2766 1233 2867 1294 pro

606 1342 723 1404 quo
753 1330 1155 1400 praeqnatem
1194 1322 1424 1400 scripsi.
1499 1321 1803 1400 archetypi
1842 1322 2197 1399 scripturam
2236 1319 2617 1382 Zahlfeldtius
2657 1332 2877 1403 quaest.

605 1435 734 1492 crit.
782 1434 842 1490 in
886 1429 1127 1489 Varron.
1178 1448 1289 1489 rer.
1339 1438 1484 1488 rust.
1532 1426 1662 1487 libr.
1712 1446 1766 1506 p.
1810 1423 1892 1489 15
1939 1427 2221 1509 defendit,
2267 1430 2433 1505 quasi
2477 1431 2745 1490 oratione
2793 1433 2876 1490 sic

606 1541 899 1618 instituta,
958 1546 1021 1596 ut
1076 1536 1241 1595 finito
1299 1534 1472 1594 modo
1530 1544 1883 1612 sequeretur
1949 1537 2208 1595 discedit
2270 1543 2329 1594 et
2392 1535 2612 1618 refert,
2669 1537 2876 1597 deinde

603 1645 924 1706 substituto
981 1643 1267 1703 infinitivo
1324 1645 1569 1703 enixam
1636 1643 1923 1719 scriptum
1983 1650 2157 1701 esset.
2250 1641 2350 1701 sed
2409 1642 2732 1703 cavendum
2789 1652 2880 1703 est

602 1771 674 1812 ne
723 1770 895 1811 omne
943 1768 1132 1829 genus
1169 1748 1572 1827 neglegentiae
1612 1747 1861 1807 Varroni
1906 1748 2103 1827 potius
2151 1765 2325 1830 quam
2367 1747 2671 1808 erroribus
2710 1748 2879 1810 libra-

600 1861 821 1919 riorum
873 1857 1218 1918 tribuamus

778 1964 1051 2036 Quibus
1092 1982 1236 2024 mos
1286 1981 1528 2023 eorum
1567 1981 1801 2023 nonne
1840 1962 2548 2041 denegauit—-filios
2587 1963 2876 2041 habere]

602 2076 814 2135 Nonne
842 2081 901 2133 et
930 2072 1142 2132 deinde
1167 2073 1395 2133 habere
1421 2072 1479 2130 in
1512 2068 1830 2149 archetypo
1861 2071 2043 2130 fuisse
2083 2088 2377 2130 consensu
2406 2071 2877 2150 apographorum

600 2188 855 2242 constat:
905 2179 1309 2259 neglegentius
1356 2176 1681 2237 Politianus
1727 2178 2016 2256 principis
2062 2177 2338 2238 editionis
2384 2177 2701 2239 lectionem
2749 2198 2876 2239 cor·

598 2291 767 2349 rexit.
860 2270 976 2348 non
1045 2289 1365 2361 deneqavit
1423 2283 1662 2344 Merula.
1756 2293 2022 2344 ceterum
2079 2286 2264 2344 forma
2322 2287 2614 2345 sermonis
2670 2304 2876 2364 parum

597 2404 871 2455 accurate
919 2393 990 2453 ab
1039 2391 1365 2453 editoribus
1412 2409 1691 2470 expressa
1740 2400 1846 2451 est.
1928 2409 2063 2451 nam
2107 2390 2221 2451 hoc
2269 2410 2507 2471 quoque
2555 2392 2710 2472 apud
2750 2392 2877 2473 llly-

600 2504 720 2561 rios
767 2503 1106 2562 institutum
1156 2518 1285 2559 esse
1337 2509 1536 2559 narrat
1571 2497 1775 2579 Varro,
1814 2506 1880 2558 ut
1918 2500 2193 2577 virgineS,
2232 2498 2448 2577 quibus
2496 2517 2623 2559 mos
2672 2519 2875 2561 eorum

598 2607 654 2669 id
704 2627 825 2668 non
864 2608 1190 2689 denegavit,
1228 2616 1361 2676 ante
1402 2608 1639 2686 nuptias
1678 2605 2138 2667 succumberent
2176 2605 2393 2686 quibus
2431 2606 2650 2669 vellent
2686 2611 2875 2688 iisque

596 2717 955 2775 incomitatis
1016 2718 1207 2794 vagari
1266 2724 1325 2775 et
1381 2713 1530 2775 filios
1587 2713 1804 2774 hahere
1862 2712 2084 2775 liceret.
2175 2722 2310 2794 post
2364 2714 2654 2775 Varronis
2699 2718 2875 2777 inter·

598 2822 973 2902 pellationem
1018 2821 1342 2903 CossiniuS,
1390 2824 1485 2882 cui
1534 2821 1680 2882 haec
1728 2839 1864 2899 pars
1912 2819 2131 2881 tributa
2180 2830 2323 2897 erat,
2371 2823 2430 2882 in
2479 2822 2873 2903 disputatione

599 2931 864 2989 instituta
913 2928 985 2988 de
1032 2928 1370 3008 pastoribus
1416 2931 1629 3008 pergit.

778 3033 863 3097 10
936 3035 1125 3107 Quae
1210 3035 1288 3095 ad
1366 3034 1841 3096 ualitudinem
1925 3036 2297 3115 pertinent
2369 3035 2726 3098 hominum
2803 3056 2874 3098 ac

597 3145 888 3222 pecoris
937 3153 1003 3204 et
1041 3144 1195 3203 sine
1235 3142 1511 3202 medico
1550 3143 1794 3202 curari
1830 3144 2112 3220 possint
2148 3144 2566 3221 magistrum
2606 3146 2873 3224 scripta

596 3250 865 3310 habere
923 3247 1239 3330 oportet]
1288 3252 1608 3311 Hominum
1665 3251 1750 3310 ad
1784 3252 2031 3326 peeoris
2086 3267 2289 3309 errore
2347 3267 2551 3310 eorum
2600 3254 2702 3331 qui
2749 3250 2871 3311 Vic-

597 3360 731 3417 torii
779 3358 1098 3418 editionem
1156 3358 1563 3436 repetiverunt
1622 3375 1969 3435 expressum
2027 3364 2145 3417 est:
2211 3375 2343 3417 nam
2398 3359 2524 3436 ipse
2580 3357 2872 3419 Victorius

593 3466 895 3526 hominum
943 3484 1020 3527 ae
1057 3468 1305 3543 pecoris
1354 3464 1635 3525 ediderat.
1709 3472 1776 3525 ut
1820 3468 1952 3530 sine
1997 3466 2230 3525 medico
2278 3468 2498 3525 curari
2531 3469 2769 3542 possint
2803 3484 2867 3525 ex

598 3571 800 3631 Aldina
851 3571 1107 3631 editione
1154 3581 1460 3649 receptum
1509 3580 1651 3631 erat.
1742 3590 1851 3650 pro
1898 3570 2010 3631 hoc
2067 3573 2278 3651 scripsi
2344 3580 2403 3633 et
2459 3574 2592 3632 sine
2645 3576 2872 3634 medico

593 3681 817 3740 curari
869 3686 1137 3755 possunt.
1232 3696 1365 3737 nam
1429 3688 1564 3757 post
1630 3678 2006 3738 indicativum
2075 3682 2389 3754 pertinent
2460 3681 2870 3740 coniunctivus

584 3790 819 3863 possint
863 3784 1056 3845 locum
1120 3804 1235 3845 non
1284 3784 1478 3845 habet.
1570 3785 1686 3844 duo
1744 3803 1873 3845 esse
1930 3803 2146 3863 genera
2205 3784 2573 3866 morborum,
2625 3786 2866 3846 alterum

589 3897 649 3953 in
700 3911 815 3972 quo
865 3891 1092 3952 medico
1141 3911 1290 3972 opus
1339 3901 1447 3972 est,
1494 3892 1743 3952 alterum
1784 3891 1940 3971 quod
1982 3894 2107 3951 sine
2157 3892 2383 3953 medico
2424 3895 2622 3952 curari
2660 3901 2867 3973 potest,

590 4000 812 4061 dictum
862 4011 990 4060 erat
1038 3999 1086 4059 [Ι
1128 3998 1182 4080 1,
1224 3998 1325 4061 21.

667 4139 668 4142 ¹
769 4104 848 4168 11
918 4107 1181 4185 Greges
1248 4110 1484 4167 ouium
1553 4107 1675 4167 sed
1745 4125 2063 4185 magnum
2121 4125 2300 4186 quos
2359 4106 2717 4168 miliarios
2773 4108 2864 4167 fa-

589 4215 788 4274 ciunt
854 4214 1134 4292 quidam
1202 4215 1495 4274 facilius
1562 4213 1642 4273 de
1719 4232 1978 4273 summa
2053 4214 2409 4273 hominum
2486 4212 2863 4274 detrahere

589 4321 819 4399 possit
866 4337 1063 4398 quam
1123 4319 1204 4380 de
1264 4319 1687 4396 minoribus]
1741 4322 1821 4381 In'
1856 4323 2149 4396 qreqibus
2195 4323 2418 4394 ovium,
2465 4323 2576 4380 sed
2618 4323 2863 4395 maqnis,
2952 4387 2959 4394 „

588 4445 736 4501 quos
783 4429 1077 4488 miliarios
1117 4426 1365 4502 faciunt
1408 4428 1672 4501 quidam,
1712 4425 1966 4501 facilius
2012 4429 2087 4486 de
2131 4443 2362 4486 summa
2417 4427 2717 4487 hominum
2765 4429 2860 4486 de-

589 4535 838 4593 trahere
868 4541 1137 4613 possunt,
1174 4551 1354 4608 quam
1395 4536 1469 4594 de
1514 4535 1849 4594 minoribus
1888 4533 2039 4592 edita
2079 4533 2215 4592 inde
2255 4534 2326 4594 ab
2365 4532 2572 4593 Aldina
2611 4532 2860 4594 editione
