3178 5185
747 421 1009 476 RERVM
1045 419 1526 476 RVSTICARVM
1561 420 1696 478 LIB.
1734 422 1761 475 I
1801 420 2059 478 16—17
2464 413 2549 479 57

276 593 440 650 quam
479 578 754 652 debebat,
785 580 925 638 dum
960 581 1232 651 solveret,
1270 595 1465 638 nexus
1502 583 1775 651 vocatur,
1813 584 1883 637 ut
1916 580 1993 638 ab
2031 596 2179 638 aere
2207 579 2553 640 obaeratus.

277 684 376 742 tria
420 701 638 760 genera
687 691 830 743 sunt
883 682 1209 743 liberorum
1254 682 1589 765 hominum,
1637 701 1891 761 quorum
1947 702 2126 763 opera
2180 687 2307 764 agri
2353 686 2554 747 colun-

275 796 379 870 tur,
423 792 542 869 ipsi
589 791 689 869 qui
736 807 912 868 agros
957 788 1282 871 possident,
1329 790 1743 871 mercennarii,
1790 788 2051 850 obaerati
2098 792 2203 869 qui
2249 790 2550 854 dicuntur.

278 914 305 955 e
356 895 575 974 quibus
637 896 832 957 tribus
897 895 1217 975 generibus
1283 898 1552 975 tertium,
1609 914 1745 957 cum
1801 898 1883 956 ita
1946 905 2105 958 esset
2165 915 2198 957 a
2251 897 2555 977 prioribus

280 1003 501 1064 duobus
550 1001 1029 1083 discernendum,
1076 999 1210 1064 ‘aut
1257 1004 1331 1063 iis
1379 1021 1530 1082 quos
1577 1001 1887 1064 obaeratos
1933 1006 2123 1064 nostri
2168 1001 2555 1088 vocitarunt',

279 1110 342 1170 ad
394 1129 461 1171 ea
521 1129 667 1190 quae
732 1108 1119 1183 antecedunt,
1177 1127 1315 1172 cum
1361 1141 1444 1151 —
1494 1127 1594 1170 res
1648 1112 1911 1171 maiores
1964 1117 2036 1170 ut
2087 1113 2419 1174 vindemias
2477 1132 2554 1174 ac

273 1216 589 1291 faenisicia
652 1219 1139 1306 administrant,
1170 1215 1579 1296 neglegentius
1646 1216 2151 1278 accommodatum
2217 1225 2335 1301 est,
2391 1222 2555 1295 iique

280 1341 414 1398 quos
459 1326 780 1386 obaeratos
826 1328 1022 1385 nostri
1065 1327 1428 1404 vocitarunt,
1474 1323 1530 1383 h.
1563 1341 1612 1383 e.
1661 1330 1720 1384 et
1766 1330 1833 1383 ut
1868 1325 1912 1383 ii
1958 1333 2115 1406 sunt,
2163 1344 2312 1404 quos
2359 1328 2551 1387 nostri

280 1429 576 1491 obaeratos
622 1433 958 1491 vocitarunt
1005 1438 1064 1491 et
1114 1432 1217 1509 qui
1263 1432 1441 1491 etiam
1490 1448 1649 1490 nunc
1696 1431 1759 1490 in
1806 1431 1940 1491 Asia
1989 1438 2145 1491 sunt.

447 1535 489 1599 3
549 1538 711 1598 Eam
778 1538 1265 1598 coniecturam
1326 1537 1494 1597 fieri
1559 1552 1767 1616 posse
1827 1556 1906 1597 ex
1961 1537 2257 1599 aliarum
2314 1556 2554 1600 rerum

280 1646 641 1724 imperatis
718 1652 788 1706 et
860 1646 930 1704 in
1004 1663 1082 1704 eo
1158 1662 1400 1704 eorum
1462 1663 1506 1704 -e
1572 1645 1888 1705 nouiciis
1951 1644 2405 1725 reliquisitio
2472 1646 2554 1706 ad

280 1754 579 1830 priorem
626 1752 984 1812 dominum
1034 1751 1202 1830 quid
1252 1749 1706 1829 factitarent]
1745 1752 1846 1811 Ea:
1885 1754 2151 1813 aliarum
2197 1772 2406 1815 rerum
2454 1758 2558 1814 im-

277 1863 499 1933 peratis
567 1867 624 1922 et
695 1877 865 1920 more
929 1861 1270 1919 incolarum
1335 1877 1369 1919 e
1432 1860 1687 1920 noviciis
1751 1860 2070 1933 requisito,
2136 1862 2222 1920 ad
2285 1864 2557 1937 priorem

284 1967 568 2028 dominum
626 1970 780 2042 quid
823 1964 1194 2041 factitarent
1248 1964 1404 2026 edita
1460 1964 1596 2025 inde
1656 1964 1729 2024 ab
1786 1964 1994 2026 Aldina
2053 1965 2309 2027 editione
2358 1986 2557 2028 exem-

282 2071 468 2149 plaria.
556 2081 819 2135 veterem
865 2074 1221 2151 scripturam
1279 2090 1310 2131 a
1357 2070 1618 2132 Victorio
1676 2071 2008 2132 adnotatam
2058 2071 2321 2151 Scaliger
2375 2092 2556 2152 pravo

286 2178 579 2241 archaismi
633 2181 832 2241 studio
877 2182 958 2240 ita
1006 2178 1471 2261 transformavit,
1518 2197 1600 2240 ex
1661 2182 1925 2239 aliarum
1981 2196 2190 2239 rerum
2246 2182 2558 2256 imperatis

287 2292 336 2345 et
378 2289 437 2347 in
478 2306 545 2349 eo
601 2306 811 2349 eorum
866 2306 900 2348 e
955 2288 1195 2347 novitiis
1250 2288 1393 2361 reii,
1449 2288 1585 2361 quis
1634 2288 1738 2346 itio
1786 2288 1872 2346 ad
1902 2288 2179 2361 priorem
2236 2288 2556 2363 dominum,

287 2395 425 2465 quid
455 2393 837 2474 factitarent,
884 2392 987 2453 ubi
1035 2395 1346 2469 imperatis
1392 2410 1501 2471 pro
1550 2395 1899 2469 imparatis,
1937 2395 2061 2454 reii
2101 2411 2208 2471 pro
2256 2397 2376 2469 rei,
2422 2399 2559 2470 quis

290 2501 381 2559 itio
425 2520 524 2579 pro
570 2518 732 2576 quae
778 2503 883 2560 itio
929 2497 1155 2559 dictum
1203 2518 1333 2560 esse
1385 2497 1629 2560 volebat.
1720 2518 1801 2560 ex
1857 2503 2123 2561 aliarum
2179 2518 2389 2560 rerum
2447 2504 2551 2560 im-

281 2612 492 2680 peratis
556 2615 615 2669 et
678 2611 1071 2683 requisitione
1135 2610 1222 2668 ad
1272 2610 1548 2684 priorem
1615 2609 1919 2668 dominum
1984 2610 2136 2682 quid
2191 2606 2559 2682 factitarent

287 2709 670 2796 UrsinuS,-ex
717 2718 983 2776 aliarum
1040 2732 1250 2775 rerum
1307 2717 1619 2791 imperatis
1677 2722 1736 2774 et
1788 2732 1910 2774 uno
1965 2732 2174 2775 eorum
2229 2734 2263 2776 e
2317 2719 2558 2777 novitiis

290 2825 581 2903 requisito,
638 2824 726 2883 ad
778 2824 1052 2899 priorem
1118 2824 1420 2883 dominum
1465 2824 1618 2898 quid
1663 2820 2032 2897 factitarent
2087 2839 2158 2880 ex
2216 2823 2557 2883 coniectura

292 2924 544 2988 Gronovii
582 2928 768 2989 edidit
808 2927 1231 2990 SchneideruS.
1296 2936 1458 2989 certa
1498 2928 1831 2988 emendatio
1870 2934 2185 3006 corruptae
2224 2929 2557 3007 scripturae

290 3031 501 3095 inventa
548 3053 668 3095 non
718 3043 825 3096 est.
901 3037 1256 3096 sententiam
1304 3033 1626 3096 verborum
1664 3033 1866 3095 Ursini
1912 3035 2256 3094 coniectura
2301 3038 2556 3110 requisi-

292 3141 431 3202 tione
481 3142 935 3224 demonstravit,
993 3159 1106 3220 qua
1164 3149 1404 3221 recepta
1461 3142 1676 3220 scripsi
1731 3159 1811 3202 ex
1866 3143 2130 3201 aliarum
2185 3159 2394 3202 rerum
2450 3145 2555 3202 im-

286 3252 496 3319 peratis
541 3255 602 3310 et
647 3252 710 3309 in
758 3266 826 3310 eo
874 3266 1083 3309 eorum
1129 3268 1163 3310 e
1199 3251 1452 3310 noviciis
1488 3250 1899 3328 requisitione,
1939 3250 2025 3308 ad
2060 3250 2334 3324 priorem
2373 3250 2556 3310 domi-

291 3371 413 3414 num
454 3358 603 3431 quid
639 3355 1014 3431 factitarint.
1078 3354 1149 3416 de
1190 3357 1497 3436 operariis,
1537 3373 1680 3416 num
1719 3354 1792 3416 ad
1830 3356 1956 3434 agri
1994 3353 2287 3415 culturam
2333 3354 2557 3416 dociles

293 3461 407 3543 sint,
437 3464 777 3524 coniectura
816 3463 945 3522 fieri
982 3470 1198 3544 potest,
1237 3464 1426 3542 siquis
1465 3461 1964 3542 animadverterit,
1995 3480 2174 3540 quem
2211 3461 2280 3521 ad
2317 3461 2557 3523 modum

292 3565 382 3627 alia
423 3571 706 3649 imperata
754 3570 1139 3652 confecerint,
1185 3576 1245 3631 et
1291 3571 1352 3630 in
1400 3571 1474 3629 iis
1521 3571 1625 3649 qui
1671 3570 1889 3629 novicii
1937 3576 2094 3650 sunt,
2142 3570 2329 3648 siquis
2375 3571 2437 3629 in
2485 3587 2553 3629 ea

293 3690 346 3733 re
394 3694 459 3737 ex
522 3678 670 3756 ipsis
735 3677 1140 3758 requisiverit,
1199 3677 1339 3755 quid
1403 3676 1473 3736 ad
1528 3677 1791 3754 priorem
1852 3675 2159 3736 dominum
2214 3675 2553 3738 factitarint.

291 3797 405 3840 nam
442 3782 823 3864 factitarint,
870 3800 988 3842 non
1028 3782 1419 3859 factitarent,
1468 3784 1619 3843 ratio
1668 3784 1961 3842 sermonis
2009 3781 2283 3863 postulat.
2377 3784 2440 3843 in
2488 3801 2556 3844 eo

292 3896 464 3949 autem
509 3897 599 3950 est
649 3885 740 3949 ‘in
788 3907 858 3950 eo
898 3885 1171 3968 negotio'
1217 3889 1306 3949 vel
1354 3885 1446 3949 ‘in
1496 3908 1563 3951 ea
1610 3883 1838 3968 parte',
1885 3887 2043 3970 120,
2072 3883 2114 3948 5
2161 3892 2227 3948 in
2274 3906 2341 3949 eo
2389 3893 2556 3964 aqri-
2606 3931 2613 3937 -

291 3998 439 4055 colae
472 3997 587 4057 hoc
621 3999 1034 4073 spectandum,
1073 3995 1125 4055 11
1159 3993 1258 4078 11,
1294 3994 1323 4056 1
1370 3999 1444 4058 de
1481 4000 1641 4057 lacte
1679 3999 1742 4057 in
1770 4014 1838 4057 eo
1869 3975 1929 4056 et
1963 4001 2234 4070 tonsura,
2272 3992 2351 4054 111
2386 3991 2486 4077 16,
2513 3993 2559 4056 4

291 4105 434 4174 quod
471 4106 527 4163 si
571 4105 632 4164 in
679 4103 794 4163 hoc
818 4098 821 4099 ⁷
833 4101 1081 4178 faciunt
1126 4106 1307 4164 etiam
1350 4106 1620 4178 qraquli.
1714 4101 1984 4162 similiter
2032 4103 2094 4162 in
2131 4119 2267 4176 quo,
2314 4101 2339 4160 Ι
2379 4098 2483 4182 23,
2515 4100 2547 4163 1

293 4210 365 4267 ad
393 4212 680 4285 pabulum
723 4226 886 4284 quae
939 4213 1275 4286 pertinent,
1332 4213 1395 4270 in
1450 4227 1566 4284 quo
1624 4215 1714 4270 est
1766 4211 2031 4283 ocinum,
2088 4203 2192 4287 59,
2231 4205 2272 4268 2
2322 4210 2382 4268 in
2440 4226 2556 4282 quo

293 4316 450 4374 etiam
500 4317 749 4391 quidam
806 4318 1140 4377 triclinium
1194 4323 1469 4378 sternere
1512 4319 1729 4391 solent,
1797 4311 1882 4376 65
1932 4332 2167 4391 qenera
2222 4321 2365 4375 sunt
2415 4318 2556 4392 vini,

293 4420 345 4478 in
377 4439 484 4496 quo
521 4425 811 4498 Falerna,
858 4422 911 4482 ΙΙ
944 4420 999 4505 1,
1032 4420 1114 4484 12
1163 4427 1223 4484 in
1262 4441 1379 4499 quo
1416 4431 1559 4483 sunt
1595 4425 1732 4483 item
1772 4424 1858 4482 ad
1892 4427 2017 4482 tres
2059 4423 2289 4498 species
2327 4428 2556 4483 natura

293 4526 522 4591 discreti
576 4531 754 4590 boves
817 4532 981 4590 asini
1050 4532 1213 4604 equi,
1279 4529 1355 4590 ib.
1405 4526 1491 4590 20
1548 4532 1612 4589 in
1675 4546 1792 4603 quo
1861 4534 2006 4603 quot
2070 4528 2280 4588 diebus
2342 4532 2557 4590 matris
