3178 5185
579 433 665 496 24
958 506 965 509 =
1265 441 1649 496 COMMENT.
1687 441 1767 494 IN
1803 438 2179 493 VARRONIS

588 598 884 657 sermonis
944 595 1232 655 tributum
1296 605 1423 656 erat
1477 614 1658 673 supra
1705 592 1765 675 2,
1794 591 1861 672 3,
1920 592 1993 652 ab
2049 592 2254 652 eodem
2313 593 2555 653 alteram
2613 591 2897 669 disputa-

467 697 470 700 ’
584 705 765 764 tionis
803 712 1032 783 partem
1073 704 1265 780 repeti
1303 720 1409 781 par
1448 710 1594 761 erat.
1661 700 1873 761 deinde
1914 700 2185 760 ordinem
2224 698 2544 759 verborum
2578 701 2642 759 in
2675 698 2894 759 arche-

586 819 727 890 typo
774 808 1190 890 perturbatum
1246 808 1550 869 iucundus
1609 810 1670 868 in
1726 807 1934 867 Aldina
1991 806 2275 888 editione,
2331 808 2502 866 cuius
2558 806 2899 867 lectionem

585 936 615 976 a
664 916 911 996 reliquis
959 916 1291 976 editoribus
1347 914 1655 995 probatam
1710 917 1771 974 in
1829 913 2204 974 adnotatione
2263 913 2543 995 indicavi,
2600 914 2899 973 correxit.

583 1022 728 1083 illud
788 1041 1024 1101 quoque
1083 1022 1253 1104 vidit,
1321 1026 1383 1083 in
1440 1023 1939 1101 praepositionem
2001 1031 2152 1080 ante.
2192 1024 2447 1081 scientia
2502 1020 2712 1080 locum
2774 1038 2899 1079 non

584 1129 823 1211 habere,
871 1129 974 1190 ubi
1022 1149 1180 1205 quae
1218 1133 1280 1190 in
1327 1132 1584 1190 scientia
1631 1132 1754 1189 sint
1800 1129 2123 1206 scripserat
2160 1126 2401 1188 Merula.
2483 1127 2587 1187 sed
2638 1129 2706 1187 in
2759 1127 2901 1187 reli-

589 1240 723 1317 quis
770 1237 1140 1317 corrigendis
1153 1286 1171 1319 ,
1227 1246 1294 1297 ut
1341 1236 1516 1316 solet,
1572 1238 1748 1296 nimia
1799 1235 2031 1295 licentia
2090 1254 2236 1295 usus
2284 1245 2391 1296 est.
2483 1235 2659 1313 plura
2713 1237 2898 1294 etiam

589 1353 831 1407 auctore
878 1344 1211 1405 Pontedera
1258 1364 1312 1423 p.
1352 1341 1436 1405 51
1490 1345 1724 1403 novavit
1772 1342 2205 1423 SchneideruS,
2261 1347 2451 1419 ἰθεῖαν
2485 1375 2558 1383 -
2594 1346 2901 1418 quoniam

593 1457 941 1532 discretum,
988 1455 1064 1512 de
1113 1455 1187 1512 iis
1233 1452 1416 1512 rebus
1465 1454 1805 1524 dicendum,
1854 1469 2013 1525 quae
2060 1454 2122 1510 in
2168 1453 2425 1511 scientia
2471 1453 2607 1510 sint.
2681 1454 2902 1525 ecquis

591 1565 652 1621 in
691 1563 942 1621 colendo
981 1577 1088 1619 nos
1127 1562 1303 1619 docet
1329 1576 1435 1618 ars
1463 1561 1557 1631 sit,
1589 1576 1669 1618 an
1700 1561 1853 1632 quid
1879 1561 2071 1639 aliud,
2108 1564 2232 1617 eta
2261 1559 2480 1632 quibus
2517 1560 2901 1619 carceribus

590 1671 887 1728 decurrat
945 1669 1032 1726 ad
1083 1673 1287 1726 metas,
1381 1667 1578 1743 itaque
1638 1663 1834 1724 verbis
1892 1666 2267 1744 transpositis
2327 1673 2387 1725 et
2441 1667 2900 1744 praepositione

590 1779 651 1834 in
719 1772 909 1832 deleta
967 1775 1176 1832 docete
1221 1789 1330 1850 pro
1389 1774 1565 1832 docet
1620 1772 1850 1850 scripsi,
1911 1774 2196 1845 quoniam
2252 1774 2608 1847 discretum,
2681 1776 2764 1833 de
2826 1776 2904 1833 iis

591 1882 773 1940 rebus
794 1897 954 1953 quae
971 1876 1232 1939 seientia
1261 1882 1341 1938 sit
1370 1880 1430 1938 in
1453 1881 1703 1938 colendo
1733 1896 1839 1938 nos
1880 1881 2091 1939 docete
2116 1911 2188 1920 —
2220 1882 2519 1939 decurrat
2554 1882 2643 1939 ad
2681 1888 2900 1940 metas.

594 1989 760 2048 Stolo
810 2003 946 2046 eum
985 1988 1321 2062 aspexisset
1349 2018 1436 2026 —-
1468 1986 1578 2044 Ille
1616 2002 1734 2045 non
1771 1991 2071 2059 yravatus
2098 1989 2367 2061 primum
2397 1989 2608 2061 inquit.
2680 1987 2903 2046 eodem

593 2094 768 2154 modo
818 2110 997 2171 supra
1047 2089 1104 2170 2,
1138 2088 1220 2152 12
1269 2094 1558 2171 scriptum
1608 2098 1735 2151 erat
1783 2095 1993 2153 docete
2038 2110 2174 2172 neS,
2231 2097 2377 2167 aqrz‘
2417 2096 2668 2153 cultura
2710 2112 2902 2169 quam

592 2218 883 2263 summam
930 2201 1170 2260 habeat.
1247 2200 1306 2257 in
1356 2197 1604 2275 reliquis
1643 2200 1999 2277 scripturam
2039 2198 2344 2278 archetypi
2389 2201 2677 2278 expressi.
2759 2219 2900 2260 nam

597 2308 910 2369 disiunctis
960 2304 1031 2365 ab
1080 2306 1208 2382 agri
1247 2304 1479 2365 cultura
1516 2306 1589 2364 iis
1629 2323 1777 2382 quae
1817 2304 1887 2364 ad
1928 2323 2057 2365 eam
2096 2323 2215 2365 non
2263 2309 2563 2385 pertinent
2601 2306 2899 2385 Agrasius

595 2414 666 2475 ab
722 2416 797 2474 iis
854 2416 956 2492 qui
1012 2412 1204 2472 adhuc
1263 2412 1336 2472 de
1393 2411 1503 2472 hac
1557 2421 1724 2491 parte
1782 2412 2227 2491 disputaverant
2283 2415 2432 2492 petit
2488 2422 2552 2474 ut
2618 2413 2901 2494 doceant,

597 2541 747 2602 quae
797 2523 1042 2581 scientia
1092 2520 1164 2580 de
1212 2522 1286 2581 iis
1334 2520 1514 2580 rebus
1560 2522 1622 2579 in
1671 2519 1918 2579 colendo
1967 2521 2070 2602 sit,
2126 2520 2240 2580 hoc
2297 2531 2388 2580 est
2442 2519 2515 2580 de
2571 2524 2645 2581 iis
2709 2521 2899 2582 rebus

597 2648 748 2709 quae
805 2628 875 2688 ad
933 2627 1226 2689 culturam
1282 2631 1602 2707 pertinent.
1685 2628 1757 2688 ad
1823 2646 1975 2706 quae
2034 2627 2197 2688 Stolo
2263 2631 2344 2688 ita
2409 2630 2765 2709 respondet,
2835 2639 2902 2690 ut

600 2737 843 2798 Scrofae
900 2738 1120 2814 primas
1168 2746 1369 2816 partes
1426 2734 1730 2795 concedat.
1816 2738 2217 2810 diiunyenda,
2287 2755 2403 2796 non
2461 2740 2900 2812 disiunyenda‚

597 2844 893 2904 constanti
942 2845 1003 2902 in
1049 2843 1163 2902 hoc
1211 2841 1392 2902 verbo
1438 2861 1572 2922 usu,
1620 2841 1646 2901 I
1683 2839 1788 2923 23,
1817 2839 1875 2902 4.
1924 2840 1976 2901 ΙΙ
2018 2840 2075 2922 1,
2105 2839 2208 2902 20.
2255 2839 2459 2922 9,12,
2516 2847 2802 2906 deiuneti
2845 2844 2899 2905 ΙΙ

599 2949 655 3032 7,
689 2948 795 3031 123
842 2952 984 3009 item
1034 2954 1373 3025 deiunyunt
1408 2949 1459 3009 ΙΙ
1499 2946 1557 3029 6,
1587 2945 1631 3009 4
1678 2947 1751 3008 de
1799 2950 2081 3009 iumentis
2127 2951 2266 3027 iugo
2315 2950 2542 3010 solutis,

772 3056 1012 3135 anue
1071 3064 1180 3116 est
1241 3057 1552 3116 scientia
1623 3073 1799 3133 quae
1857 3057 2002 3115 sint
2060 3057 2130 3116 in
2197 3075 2477 3135 quoque
2519 3054 2717 3135 'agro
2788 3078 2896 3119 se-

600 3150 814 3225 ren‘da
872 3181 948 3223 ac
1004 3162 1328 3222 facienda
1397 3180 1529 3241 que
1585 3168 1780 3222 terra
1836 3164 2171 3222 maximos
2235 3170 2589 3243 perpetuo
2639 3165 2902 3225 reddat

599 3269 919 3348 fructus]
996 3272 1166 3343 Quae
1213 3279 1386 3330 terra
1434 3268 1481 3328 A
1519 3287 1606 3349 m,
1655 3272 1819 3343 quod
1872 3276 2045 3329 terra
2095 3288 2247 3330 corr.
2305 3289 2420 3345 que
2474 3278 2649 3332 terra
2707 3273 2896 3332 codex

603 3378 1011 3457 Florentinus,
1066 3395 1343 3451 quaeque
1399 3383 1572 3436 terra
1621 3377 1954 3436 recentiora
2011 3376 2343 3458 apographa
2397 3385 2458 3437 et
2503 3377 2684 3438 editio
2735 3380 2898 3458 prin-

602 3503 760 3564 cepS.
853 3503 1012 3558 quae
1059 3501 1222 3558 aqua
1271 3490 1443 3543 terra
1503 3500 1660 3542 unus
1707 3481 2035 3543 Politianus
2082 3482 2406 3564 adnotavit,
2461 3501 2674 3562 parum
2724 3504 2898 3546 accu-

602 3600 728 3652 rate
778 3589 931 3650 haud
991 3588 1188 3650 dubie.
1262 3607 1397 3649 nam
1455 3591 1517 3649 in
1574 3588 1894 3668 archetypo
1951 3608 2067 3665 que
2114 3597 2285 3651 terra
2342 3591 2602 3668 primum
2660 3592 2899 3653 videtur

604 3699 894 3776 scriptum
935 3697 1138 3778 fuisse,
1185 3704 1390 3775 postea
1438 3704 1776 3756 correctum
1825 3714 2103 3770 quaeque
2141 3703 2329 3773 terra,
2379 3696 2538 3774 quod
2576 3699 2638 3756 in
2686 3717 2895 3758 recen-

604 3807 790 3865 tiores
836 3803 1021 3863 lihros
1069 3814 1376 3882 receptum
1426 3811 1534 3863 est.
1610 3822 1803 3877 eaque
1850 3811 1939 3863 est
1982 3807 2258 3878 seientia,
2307 3822 2467 3878 quae
2504 3807 2700 3884 docet,
2740 3825 2900 3880 quae

562 3977 565 3986 J
605 3916 728 3973 sint
774 3915 834 3971 in
883 3929 1119 3985 quoque
1166 3928 1320 3985 aqro
1367 3913 1640 3971 seranda
1687 3917 1746 3970 et
1784 3909 2107 3985 faciunda,
2157 3928 2432 3984 quaeque
2479 3919 2653 3971 terra
2705 3916 2899 3972 maxi-

606 4036 730 4079 mos
760 4023 1059 4094 perpetuo
1097 4020 1323 4077 reddat
1351 4017 1599 4093 fructus
1627 4015 1870 4096 Merula,
1910 4015 2012 4076 ubi
2050 4020 2111 4076 in
2140 4034 2377 4092 quoquo
2408 4036 2562 4092 aqro
2592 4016 2898 4079 Iucundus

608 4124 770 4184 dedit
817 4134 877 4183 et
924 4123 1137 4183 deinde
1188 4122 1401 4201 reliqui
1440 4124 1719 4183 editores.
1796 4122 2110 4183 lectionem
2149 4122 2453 4202 archetypi
2492 4126 2748 4205 restitui,
2792 4125 2894 4185 sed

607 4250 723 4307 quo
771 4239 943 4291 terra
982 4234 1276 4291 maximos
1316 4238 1613 4307 perpetuo
1660 4232 1885 4291 reddat
1914 4230 2161 4305 fructus
2198 4231 2429 4308 scripsi.
2504 4248 2636 4289 nam
2682 4229 2796 4291 hoc
2834 4234 2894 4290 in

609 4340 681 4397 iis
731 4355 881 4415 quae
929 4336 1142 4397 deinde
1182 4337 1561 4416 disputantur
1609 4339 1992 4416 praecipitur,
2031 4336 2174 4415 quid
2211 4338 2272 4396 in
2313 4355 2432 4396 uno
2473 4356 2710 4415 quoque
2756 4357 2895 4417 agro

608 4433 1047 4534 instituendum
1092 4446 1187 4525 sit,
1237 4451 1301 4503 ut
1350 4452 1504 4503 terra
1555 4445 1861 4503 fructuosa
1910 4443 2034 4517 fiat,
2083 4462 2201 4503 non
2258 4443 2414 4519 quod
2463 4461 2652 4521 genus
2701 4453 2895 4505 terrae

612 4551 897 4609 maximos
945 4550 1179 4610 fructus
1227 4550 1393 4610 ferat.
1470 4568 1586 4626 quo
1636 4551 1761 4609 sine
1802 4552 2198 4629 comparativo
2246 4567 2354 4628 pro
2393 4559 2462 4612 ut
2504 4552 2766 4630 positum
2805 4560 2895 4612 est
