3178 5185
735 390 995 445 RERVM
1033 390 1510 445 RVSTICARVM
1548 390 1683 448 LIB.
1723 392 1749 444 I
1788 390 2031 450 27—29
2418 392 2543 456 167

280 556 349 615 id.
389 557 539 636 Nov.,
586 557 868 635 suptilius
915 558 1190 619 discretis
1239 558 1609 638 temporibus
1656 559 2020 620 observanda
2065 560 2351 639 quaedam
2392 570 2547 640 sunt,

282 681 446 742 eaque
509 665 570 723 in
636 673 840 744 partes
895 681 1021 726 VIII
1086 665 1458 726 dividuntur:
1523 667 1785 744 primum
1840 685 1874 726 a
1931 667 2164 727 favonio
2221 667 2292 727 ad
2350 670 2546 746 aequi-

280 773 522 831 noctium
563 790 817 832 vernum
855 772 982 832 dies
1019 787 1132 853 XL,
1180 772 1318 832 hinc
1357 773 1429 833 ad
1468 772 1846 851 vergiliarum
1886 783 2158 834 exortum
2196 774 2323 834 dies
2360 788 2548 854 XLIV,

281 877 342 938 ab
387 878 494 939 hoc
542 879 614 939 ad
662 879 982 939 solstitium
1031 879 1157 939 dies
1202 893 1425 960 XLIIX,
1482 880 1628 940 inde·
1668 879 1740 939 ad
1789 880 2088 942 caniculae
2137 884 2371 959 signum
2420 881 2549 941 dies

232 1001 254 1040 5
281 1001 487 1065 XXVII,
552 986 692 1045 dein
757 986 829 1046 ad
895 988 1336 1066 aequinoctium
1402 987 1740 1047 autumnale
1808 988 1935 1048 dies
1999 1003 2218 1068 LXVII,
2284 990 2419 1048 exin
2477 988 2547 1048 ad

279 1091 636 1170 vergiliarum
694 1110 972 1153 occasum
1031 1093 1158 1153 dies
1213 1110 1438 1174 XXXII,
1494 1093 1566 1155 ab
1613 1093 1726 1155 hoc
1774 1095 1845 1155 ad
1894 1095 2165 1156 brumam
2214 1095 2341 1155 dies
2387 1110 2549 1175 LVII,

277 1201 396 1260 inde
441 1200 512 1261 ad
560 1201 862 1261 favonium
906 1200 1032 1260 dies
1077 1206 1235 1263 XL'v.

439 1305 560 1384 [In]
612 1309 804 1386 primo
851 1307 1160 1368 intervallo
1196 1311 1353 1368 inter
1391 1309 1688 1370 favonium
1728 1318 1788 1369 et
1826 1308 2264 1387 aequinoctium
2308 1327 2549 1369 vernum
2590 1305 2776 1366 XXIX

279 1413 406 1474 haec
453 1415 581 1473 fieri
627 1420 879 1492 oportet.
973 1417 1286 1476 seminaria
1334 1434 1505 1476 omne
1554 1435 1742 1496 genus
1792 1423 1856 1476 ut
1904 1424 2195 1496 serantur,
2242 1417 2442 1494 putari
2488 1417 2551 1475 in

209 1536 254 1576 ιο
275 1523 461 1599 pratis,
492 1522 737 1580 circum
785 1523 934 1581 vites
981 1521 1295 1603 ablacuari,
1345 1524 1575 1586 radices
1624 1543 1774 1604 quae
1822 1526 1881 1584 in
1930 1541 2156 1583 summa
2206 1530 2365 1582 terra
2412 1528 2552 1582 sunt

275 1627 538 1707 praecidi,
585 1635 754 1706 prata
801 1632 1062 1710 purgari,
1114 1631 1316 1691 salicta
1365 1633 1500 1711 seri,
1549 1638 1781 1709 segetes
1830 1632 2020 1690 sariri.
2114 1647 2284 1706 seges
2331 1624 2552 1688 dicitur

277 1733 420 1811 quod
466 1743 696 1794 aratum
745 1747 937 1795 satum
986 1744 1101 1817 est,
1164 1755 1371 1798 arvum·
1416 1738 1572 1816 quod
1622 1745 1852 1798 aratum
1899 1737 2153 1797 necdum
2202 1743 2396 1795 satum
2444 1741 2551 1815 est,

277 1840 500 1922 novaliS,
542 1841 649 1901 ubi
686 1851 880 1902 satum
918 1843 1047 1925 fuit,
1083 1851 1398 1924 antequam
1438 1844 1698 1905 secunda
1736 1847 1920 1905 aratio
1958 1850 2277 1904 renovatur
2315 1860 2541 1903 rursus,
2564 1845 2601 1901 2

275 1954 479 2008 terram
536 1966 674 2008 cum
729 1951 990 2027 primum
1045 1957 1240 2027 arant,
1303 1952 1688 2030 proscindere
1745 1951 2065 2032 appellant,
2121 1969 2258 2011 cum
2315 1952 2552 2030 iterum,

205 2068 250 2109 15
278 2054 574 2133 offringere
641 2055 874 2136 dicunt,
942 2057 1097 2136 quod
1164 2060 1353 2137 prima
1419 2062 1681 2119 aratione
1746 2058 1984 2138 glaebae
2050 2058 2303 2135 grandes
2359 2056 2551 2117 solent

277 2163 530 2242 excitari3
588 2181 726 2222 cum
773 2165 1043 2245 iteratur,
1089 2165 1404 2244 offringere
1452 2173 1704 2238 vocant..
1771 2168 1949 2227 tertio
1997 2184 2133 2226 cum
2181 2170 2349 2224 arant
2397 2166 2550 2223 iacto
2650 2182 2658 2193 ·

278 2270 511 2350 semine,
577 2268 759 2330 boves
825 2270 1002 2333 lirare
1068 2273 1373 2353 dicuntur,
1439 2272 1495 2332 id
1564 2281 1656 2334 est
1719 2291 1855 2333 cum
1921 2271 2152 2332 tabellis
2208 2270 2422 2331 additis
2478 2270 2549 2330 ad

279 2393 557 2436 vomerem
608 2377 786 2437 simul
833 2386 892 2439 et
938 2386 1128 2439 satum
1168 2379 1533 2440 frumentum
1572 2382 1849 2460 operiunt
1885 2382 1946 2440 in
1983 2381 2184 2459 porcis
2222 2386 2283 2439 et
2320 2377 2552 2437 sulcant

279 2482 467 2564 fossaS,
515 2502 633 2563 quo
681 2484 878 2563 pluvia
926 2504 1075 2564 aqua
1123 2486 1446 2548 delabatur.
1539 2506 1657 2548 nou
1707 2487 1853 2547 nulli
1899 2493 2121 2568 postea,
2170 2489 2272 2566 qui
2319 2493 2551 2566 segetes

404 2697 434 2745 5
470 2692 890 2762 aequinoctium
931 2695 1252 2750 autumnale
1291 2696 1504 2751 Charis.
1533 2713 1595 2765 p.
1635 2700 1763 2763 118,
1800 2699 1880 2751 25

407 2897 433 2942 1
483 2887 750 2959 suptilius
794 2890 848 2943 P
893 2889 1155 2945 subtilius
1194 2891 1356 2945 ABv
1529 2889 1785 2945 discretis
1824 2890 1942 2944 Am
1987 2890 2262 2945 Victorius
2307 2890 2549 2959 descrip-

274 2978 340 3031 tis
383 2978 492 3033 VB
522 3022 535 3035 .
570 2977 877 3033 ‘Subtilius
924 2967 1178 3035 discretis
1215 2979 1562 3050 temporibus
1596 3023 1607 3035 .
1637 2981 1848 3048 Antea,
1897 2979 2206 3049 Descriptis
2237 3022 2249 3035 .
2283 2980 2552 3033 Mendum

272 3074 464 3137 ortum,
509 3070 647 3138 quia
683 3069 747 3123 in
784 3070 1030 3139 antiquis
1067 3070 1375 3138 DescretiS,
1412 3075 1588 3124 uetere
1625 3070 2016 3139 orthoyraphia
2051 3055 2314 3137 scriptum
2350 3072 2453 3134 est,
2490 3073 2553 3121 ut

269 3159 326 3210 in
367 3159 604 3228 Derqu,
650 3159 922 3213 Deaertor
952 3200 963 3212 .
993 3159 1169 3213 Libro
1205 3159 1288 3213 II
1319 3161 1416 3229 [1,
1448 3159 1570 3234 ,32]
1614 3159 1678 3213 in
1722 3159 1794 3213 iis
1843 3158 2072 3213 uetustis
2109 3157 2385 3212 codicibus
2414 3178 2426 3210 ε
2457 3156 2553 3210 Εα

261 3252 438 3314 partes
493 3247 655 3301 habet
709 3262 929 3313 nouem,
984 3248 1253 3302 descretas
1307 3254 1387 3303 ter
1432 3253 1619 3302 ternas
1646 3289 1658 3301 .
1691 3249 1732 3300 I
1734 3249 1801 3302 lle
1846 3250 1989 3302 enim
2034 3248 2207 3313 locus,
2262 3252 2312 3301 et
2356 3246 2553 3300 ueteris

268 3340 591 3406 scripturae,
649 3341 700 3391 et
754 3337 1056 3391 intellectus
1109 3338 1275 3391 huius
1329 3338 1486 3391 uerbi
1539 3338 1704 3391 ualde
1750 3337 2211 3391 accommodatum
2252 3337 2554 3404 exemplum

268 3427 364 3479 est’
408 3426 691 3480 Victorius
764 3480 768 3485 ,
854 3432 884 3478 2
934 3444 968 3480 a
1002 3424 1216 3480 fauinio
1253 3427 1305 3480 A
1472 3425 1544 3479 ad
1578 3428 1587 3493 Ι
1620 3424 1965 3493 quinoctium
2003 3426 2058 3479 A
2104 3443 2241 3481 corr.
2290 3426 2361 3478 ad
2400 3424 2553 3492 equi-

264 3515 510 3569 noctium
548 3515 632 3568 A2
777 3521 808 3567 3
850 3513 969 3567 dies
1004 3515 1123 3586 XL]
1164 3516 1282 3569 dies
1314 3514 1461 3567 XLV
1499 3513 1863 3568 Schneiderus
2005 3521 2039 3568 4
2077 3516 2149 3569 ab
2186 3515 2293 3569 hoc
2331 3514 2402 3567 ad
2440 3511 2551 3567 sol-

268 3603 508 3675 stitium]
553 3601 740 3673 habet
779 3603 850 3658 ab
885 3607 989 3659 hoc
1027 3605 1099 3659 ad
1137 3604 1441 3660 solstitium
1470 3601 1800 3679 autunnale
1830 3605 1885 3657 B
2031 3611 2063 3658 5
2103 3602 2232 3658 dein
2262 3603 2335 3657 ad
2364 3600 2551 3670 aequi-

266 3695 511 3749 noctium
551 3696 607 3749 P
650 3694 852 3748 deinde
901 3694 972 3747 ad
1019 3695 1437 3765 aequinoctium
1475 3697 1573 3752 Bv
1610 3697 1742 3751 dein
1790 3695 1862 3749 ad.
1898 3691 2285 3763 quinnoctium
2321 3691 2378 3745 A
2416 3706 2551 3745 corr.

269 3782 392 3837 dein
430 3784 503 3837 ad
543 3782 966 3853 equinnoctium
995 3783 1079 3837 Α,2
1225 3786 1549 3839 autumnale
1583 3786 1701 3840 PA
1738 3781 2041 3838 autunnale
2072 3783 2125 3835 B
2156 3782 2493 3837 auctunnale
2521 3800 2553 3837 v

402 3874 529 3927 exin
582 3871 701 3926 PA
750 3871 949 3928 exinde
986 3874 1085 3928 Bv
1231 3880 1263 3927 6
1311 3873 1663 3943 uirgiliarum
1708 3890 1846 3929 corr.
1893 3888 2031 3942 uerg
2058 3903 2128 3912 —
2156 3873 2212 3927 B
2358 3878 2388 3926 7,
2438 3870 2554 3924 dies

662 3946 700 3984 L

270 3998 432 4067 XLV]
470 3996 593 4053 dies
629 3998 734 4051 XV
769 3997 826 4051 A

404 4094 437 4143 8
475 4086 900 4155 equinoctinum
936 4088 991 4140 A
1173 4094 1203 4142 9
1250 4086 1439 4157 put-ari
1484 4085 1724 4156 inpratis
1763 4086 1946 4141 PAB
1994 4084 2182 4156 putari
2227 4083 2449 4155 Iprimis
2486 4103 2552 4139 v.

277 4176 458 4231 ‘Nihil
504 4177 745 4232 uariaui
773 4197 785 4229 :
817 4174 1028 4231 diuersi
1073 4182 1252 4231 tamen
1297 4177 1386 4230 hic
1429 4183 1561 4231 sunt
1598 4178 1818 4245 antiqui
1856 4176 1987 4230 libri
2017 4197 2029 4229 ε
2060 4176 2125 4228 In
2159 4175 2365 4243 pratiS,
2413 4175 2555 4227 enim

273 4265 481 4321 habent’
542 4266 822 4321 Victorius
852 4309 862 4321 .
893 4266 1124 4332 sortasse
1159 4265 1482 4336 praeparari
1517 4265 1576 4320 in
1616 4264 1796 4336 pratis
1945 4269 2010 4317 10
2048 4263 2335 4317 ablacuari
2373 4263 2555 4317 PAR

277 4354 593 4425 ablaqueari
629 4372 662 4409 v
811 4359 874 4408 11
916 4354 1077 4409 sariri
1115 4355 1384 4409 Gesnerus
1420 4353 1595 4409 sarire
1637 4355 1822 4409 PAB
1858 4353 2057 4407 sarrire
2093 4370 2125 4407 v
2271 4357 2337 4406 13
2374 4351 2555 4407 aratio

274 4446 565 4499 renouatur
596 4444 786 4499 PAB
823 4442 1075 4498 aratione
1111 4445 1411 4499 renouetur
1442 4461 1474 4498 v
1504 4488 1516 4501 .
1547 4446 1779 4512 fortasse
1815 4439 2067 4496 aratione
2104 4442 2343 4496 novatur
2490 4447 2555 4495 15

275 4516 461 4583 glebae
510 4516 564 4569 V
662 4589 668 4595 ι
712 4520 777 4570 16
816 4514 1074 4585 offrigere
1104 4518 1401 4585 posteriore
1437 4518 1549 4571 loco
1586 4515 1643 4570 A
1782 4512 1957 4568 tercio
1994 4512 2051 4567 A
