3178 5185
800 426 1059 481 RERVM
1093 424 1576 479 RVSTICARVM
1613 424 1747 481 LIB.
1785 423 1838 477 H
1878 417 2031 474 2—‘3
2439 422 2570 486 223

302 591 413 670 pilo
467 591 588 652 albo
642 611 708 653 ac
765 594 995 653 cervice
1055 601 1115 653 et
1162 592 1311 653 collo
1359 593 1540 673 brevi,
1589 591 1940 671 gurgulione
1986 591 2271 670 longiore.
2364 590 2574 651 melior

300 699 360 759 fit
402 718 556 780 grex,
599 703 649 761 si
696 719 816 760 non
863 708 954 760 est
1001 719 1071 759 ex
1119 699 1383 760 collectis
1422 707 1797 780 conparatuS‚
1845 699 1947 758 sed
1988 718 2059 758 ex
2098 700 2401 758 consuetis
2438 717 2571 758 una.

297 807 361 866 de
407 809 641 868 seminio
691 808 822 868 dico
871 806 1091 888 eadem,
1140 826 1288 886 quae
1327 809 1559 868 Atticus
1597 810 1658 867 in
1697 807 1931 867 ovibus:
1977 806 2089 870 hoc
2127 805 2314 886 aliter,
2362 808 2556 866 ovium
2586 808 2622 864 3

296 932 487 974 semen
527 915 752 976 tardius
800 933 961 995 esse,
1008 933 1124 993 quo
1172 932 1275 974 eae
1324 916 1444 975 sint
1490 913 1873 994 placidiores3
1930 920 2138 973 contra
2185 912 2404 990 caprile
2452 931 2574 972 mo-

251 1019 465 1081 5hilius
515 1039 669 1102 esse,
730 1021 802 1081 de
851 1040 1103 1100 quarum
1152 1021 1460 1081 velocitate
1508 1022 1571 1080 in
1619 1019 1928 1098 Originum
1975 1018 2126 1079 libro
2176 1018 2318 1080 Cato
2367 1018 2575 1079 scribit

294 1127 446 1209 11000,
488 1124 564 1188 ‘in
613 1128 883 1189 Sauracti
924 1128 1174 1189 Fiscello
1230 1146 1439 1208 caprae
1489 1128 1648 1188 ferae
1696 1134 1855 1207 sunt,
1903 1145 2051 1206 quae
2100 1126 2317 1187 saliunt
2363 1145 2394 1186 e
2436 1145 2574 1186 saxo

294 1234 463 1311 pedes
501 1235 630 1313 plus
678 1231 1047 1314 sexagenos'.
1140 1253 1278 1295 oves
1336 1236 1514 1314 enim,
1560 1251 1709 1314 quas
1755 1235 2073 1313 pascimu8‚
2121 1241 2284 1294 ortae
2326 1242 2465 1294 sunt
2503 1233 2576 1293 ab

296 1340 487 1401 ovibus
531 1343 700 1402 feris:
746 1344 832 1402 sic
881 1361 1027 1421 quas
1075 1341 1294 1401 alimus
1342 1359 1576 1419 caprae
1632 1360 1663 1400 a
1712 1342 1909 1418 capris
1958 1339 2103 1400 feris
2141 1348 2323 1421 ortae,
2372 1360 2404 1400 a
2443 1343 2577 1421 quis

294 1459 523 1527 propter
572 1449 801 1510 Italiam
857 1449 1133 1528 Caprasia
1198 1448 1388 1522 insula
1456 1456 1547 1508 est
1610 1449 1925 1520 nominata.
2029 1447 2102 1507 de
2160 1450 2353 1526 capris
2411 1448 2628 1525 quod4

232 1565 275 1603 10
299 1554 524 1616 meliore
579 1559 807 1617 semine
865 1575 968 1617 eae
1028 1574 1179 1635 quae
1236 1554 1328 1615 bis
1374 1557 1642 1634 pariant,
1703 1572 1773 1614 ex
1822 1554 1916 1614 his
1962 1554 2338 1631 potissimum
2385 1573 2579 1614 mares

297 1660 473 1722 solent
523 1664 817 1722 summitti
875 1660 945 1721 ad
1003 1662 1381 1724 admissuraS.
1487 1660 1726 1739 quidam
1787 1662 1962 1720 etiam
2020 1660 2161 1721 dant
2217 1659 2454 1739 operam
2517 1670 2580 1722 ut

297 1785 363 1827 ex
405 1768 585 1828 insula
622 1768 816 1829 Media
865 1786 1073 1846 capras
1120 1767 1406 1847 habeant,
1455 1768 1613 1846 quod
1661 1766 1743 1826 ibi
1790 1768 2030 1827 maximi
2077 1786 2144 1827 ac
2191 1763 2581 1845 pulcherrimi

298 1875 690 1935 existimantur
738 1875 869 1934 fieri
914 1874 1104 1942 haedi.
1197 1874 1270 1933 de
1318 1875 1616 1953 emptione
1665 1873 1835 1933 aliter
1883 1874 2015 1934 dico
2063 1883 2239 1954 atque
2283 1876 2367 1957 fit,
2414 1875 2629 1954 quod5

298 1998 485 2060 capras
540 2000 712 2043 sanas
779 1998 959 2040 sanus
1015 1999 1187 2039 nemo
1243 1982 1553 2057 promittit.
1648 1998 1969 2059 numquam
2028 1981 2184 2039 enim
2242 1982 2369 2039 sine
2429 1980 2582 2041 febri

231 2097 273 2135 1⁵
300 2097 442 2149 sunt.
536 2091 738 2169 itaque
817 2087 1176 2166 stipulantur
1250 2090 1458 2165 paucis
1525 2089 1790 2165 exceptis
1856 2086 2080 2166 verhiS‚
2158 2105 2225 2147 00
2290 2087 2582 2148 Mamilius

299 2198 565 2274 scriptum
632 2173 877 2273 reliquit
942 2196 1058 2275 510,
1122 2189 1276 2254 ‘illas
1345 2212 1552 2272 capras
1618 2194 1794 2254 hodie
1864 2200 2026 2253 recte
2092 2211 2223 2253 esse
2273 2201 2333 2254 et
2378 2193 2583 2254 bibere

299 2320 455 2379 posse
497 2302 841 2381 habereque
888 2300 1087 2383 licere,
1134 2301 1280 2361 haec
1329 2296 1730 2379 Spondesne?
1807 2301 1879 2360 de
1919 2299 2135 2379 quibus
2175 2300 2583 2361 admirandum

299 2407 432 2491 illut,
476 2410 631 2489 quod
682 2412 863 2470 etiam
911 2408 1236 2469 Archelaus
1284 2408 1522 2470 scribit:
1569 2427 1691 2469 non
1737 2417 1806 2469 ut
1852 2408 2081 2487 reliqua
2120 2389 2392 2469 animalia
2431 2413 2584 2471 nari·

434 2685 495 2756 18
533 2681 685 2750 quod
728 2680 903 2735 etiam
939 2679 1251 2734 Archelaus
1293 2680 1444 2734 Ptin.
1485 2686 1543 2749 8,
1580 2683 1699 2735 202

430 2944 454 2990 1
492 2938 663 2993 breue
701 2936 884 2991 VAB
994 2944 1024 2991 2
1067 2940 1398 3007 conparatus
1437 2940 1492 2992 A
1531 2940 1830 3007 coparatus
1871 2938 1981 2992 VB
2091 2944 2123 2991 3
2162 2939 2395 2993 seminio
2424 2941 2585 2996 Amv

304 3059 504 3115 siminio
546 3063 664 3115 ΡΒ
775 3067 809 3114 4
847 3079 946 3117 000
985 3063 1099 3117 sint
1126 3064 1303 3118 PAB
1339 3064 1445 3118 hae
1485 3066 1616 3118 sunt
1650 3082 1683 3119 v
1791 3069 1822 3117 5
1872 3063 1941 3117 de
1979 3041 2504 3130 quauniielocitetate
2533 3062 2590 3120 A

398 3150 590 3205 scribit
618 3151 740 3205 AB
783 3152 1010 3222 scripsit
1045 3152 1099 3206 V
1201 3161 1232 3208 6
1270 3154 1329 3207 10
1368 3154 1612 3208 sauracti
1640 3153 1696 3207 Β
1723 3153 1779 3206 10
1809 3153 2015 3208 soracti
2052 3151 2105 3205 V
2126 3151 2184 3206 in
2214 3169 2335 3206 sare
2369 3155 2379 3221 Ι
2412 3151 2487 3207 011
2516 3155 2588 3219 Α,

303 3239 390 3292 ubi
422 3256 478 3293 re
512 3245 707 3308 postea
742 3242 924 3295 eadem
961 3259 1134 3297 manu
1169 3244 1420 3297 additum
1458 3248 1561 3310 est,
1598 3242 1657 3296 in
1696 3242 1906 3296 sarenti
1941 3259 1995 3296 m
2141 3246 2171 3296 ’1
2211 3240 2506 3296 sexaninos
2535 3243 2590 3297 A

301 3343 422 3383 corr.
479 3345 789 3398 sexagenos
836 3326 919 3383 A²
1066 3336 1098 3384 8
1156 3332 1234 3385 sic
1285 3348 1486 3401 caprae
1534 3348 1672 3398 quas
1719 3331 1921 3384 alimus
1970 3347 2004 3384 a
2052 3330 2236 3399 capris
2282 3330 2415 3385 feris
2462 3347 2593 3400 sunt,

301 3415 442 3470 ortae
469 3432 522 3469 m
552 3417 851 3471 Iucundus
958 3435 1098 3486 quas
1128 3419 1327 3473 alimus
1356 3418 1465 3472 VA
1499 3436 1612 3486 qua
1642 3419 1871 3472 salimus
1893 3419 1946 3473 Β
2056 3435 2256 3488 caprae
2286 3436 2386 3474 om.
2416 3419 2591 3474 VAB

394 3510 424 3558 9
461 3506 548 3559 est
584 3522 686 3559 om.
719 3507 791 3572 A,
832 3506 959 3559 add.
999 3504 1125 3560 VB.
1165 3507 1314 3560 unde
1354 3505 1610 3575 capi-asia
1644 3507 1832 3560 insula
1868 3507 2228 3561 denominata
2256 3510 2318 3561 in
2344 3511 2593 3580 maryine

298 3595 625 3663 adscriptum
654 3601 732 3648 est
759 3596 823 3648 in
843 3594 899 3646 Β
1008 3600 1074 3649 10
1104 3594 1212 3666 bis]
1234 3594 1397 3649 binos
1429 3595 1664 3649 Ursinus
1760 3600 1824 3648 11
1857 3595 2132 3650 summitti
2152 3597 2380 3651 hocloco
2414 3598 2592 3653 VAB

427 3685 497 3738 ad
536 3682 878 3738 admissurae
915 3682 1037 3738 AB
1076 3683 1411 3738 admissurae
1451 3688 1497 3737 P
1528 3683 1851 3738 admissuris
1891 3701 1924 3738 v
2074 3691 2137 3738 12
2175 3685 2510 3754 pulcherimi
2537 3689 2591 3740 A

431 3779 494 3826 13
533 3772 731 3844 haedi]
773 3770 866 3825 edi
901 3773 957 3825 A
1104 3775 1273 3841 atque
1310 3773 1407 3827 Bv
1445 3772 1628 3841 adque
1659 3773 1771 3827 PA
1916 3774 2004 3844 fit]
2045 3773 2144 3827 fiet
2182 3773 2295 3828 VA
2329 3774 2494 3842 fieret
2521 3775 2591 3830 Β.

300 3860 479 3917 ‘Vetus
526 3863 710 3929 lectiO,
761 3860 843 3914 De
891 3861 1176 3931 emptione
1223 3861 1391 3917 aliter
1442 3862 1567 3917 dico
1616 3862 1797 3930 adque
1850 3862 1950 3915 fiet
1978 3906 1988 3917 .
2020 3863 2189 3916 scribi
2223 3864 2409 3922 debere
2436 3869 2594 3933 puto,

297 3949 465 4006 Aliter
502 3951 648 4018 dico,
688 3954 859 4019 atque
896 3951 981 4005 fit’
1027 3950 1302 4006 Victorius
1396 3957 1462 4005 14
1489 3968 1776 4019 nunquam
1813 3950 1867 4004 V
1942 3950 2059 4005 sine
2092 3955 2101 4017 Ι
2134 3949 2249 4004 5100
2279 3950 2420 4006 febri
2449 3951 2507 4005 A

301 4045 359 4094 15
394 4040 720 4094 mamilibus
749 4040 871 4093 AB
900 4038 1208 4094 Manilibus
1241 4041 1295 4093 P
1320 4038 1586 4094 Manilius
1626 4058 1656 4094 v
1679 4041 1813 4094 .‘Ac
1843 4039 2124 4093 Mamilius
2163 4040 2429 4108 scriptum
2466 4042 2592 4095 reli-

298 4129 424 4196 quit.
525 4131 627 4183 Ita
684 4131 1093 4184 emendauimus
1148 4147 1215 4185 ex
1268 4131 1498 4184 uetustis
1553 4130 1856 4193 codicibuS,
1923 4146 2045 4183 cum
2099 4135 2262 4183 antea
2316 4130 2596 4185 Manilius

299 4221 553 4289 scriptum
589 4224 740 4286 esset,
777 4224 841 4274 ut
875 4218 975 4274 hoe
1011 4221 1132 4289 ipso
1169 4219 1232 4272 in
1270 4219 1410 4273 libro
1437 4219 1636 4272 iterum
1665 4218 1754 4288 [5,
1784 4218 1906 4287 11],
1940 4218 2051 4287 Qui
2080 4218 2153 4270 M
2153 4218 2333 4271 aniilii
2359 4220 2596 4274 actiones

299 4314 590 4377 sequwntwr
627 4299 807 4362 lanii.
831 4308 923 4362 sed
950 4309 1112 4362 etiam
1142 4309 1302 4362 tertio
1332 4309 1510 4375 capite
1537 4308 1602 4361 de
1630 4309 1780 4376 equis
1806 4307 1927 4377 [II
1950 4310 1999 4372 7,
2031 4306 2106 4375 6].
2147 4305 2222 4358 *Vt
2250 4307 2312 4371 in
2344 4307 2598 4364 Mamilii

302 4399 597 4452 actionibus
633 4401 766 4451 sunt
795 4396 1131 4466 perscripta'
1178 4395 1455 4450 Victorius
1601 4402 1667 4450 16
1705 4394 1935 4462 reliquit
1970 4393 2082 4446 VB
2118 4394 2362 4462 reliquid
2399 4397 2455 4449 A

303 4487 475 4540 rectae
524 4503 647 4541 esse
684 4486 742 4538 Β
919 4491 983 4539 17
1030 4484 1349 4553 habereque
1396 4485 1546 4539 recte
1593 4484 1763 4539 licere
1803 4483 2098 4536 Iracundus
2274 4490 2338 4537 18
2376 4484 2506 4538 illut
2546 4485 2603 4537 P

304 4563 435 4625 illud
468 4574 631 4628 ABv

400 4671 527 4714 OAzro
556 4684 623 4713 121
653 4682 777 4713 Auem
807 4681 848 4711 c.
2103 4666 2168 4714 15
