3178 5185
738 448 996 502 RERVM
1033 448 1510 505 RVSTIGARVM
1549 449 1685 504 LIB.
1724 452 1775 505 11
1814 450 2199 505 PRAEF.—1
2468 426 2591 507 131

328 602 580 679 suerunt,
629 603 652 663 Ι
693 600 752 684 9,
784 601 825 665 5
872 608 957 665 ad
1000 610 1303 667 culturam
1343 610 1593 683 pinquis
1625 606 1954 683 fecundior
1997 608 2084 667 ad
2116 611 2320 682 multa,
2367 606 2392 666 1
2429 603 2533 688 39,
2568 604 2602 667 1

325 715 546 770 natura
596 713 684 771 ad
725 714 888 786 quod
931 721 1158 789 tempus
1197 717 1488 788 cuiusque
1532 717 1774 775 seminis
1822 722 1966 790 apta
2011 716 2090 774 sit
2134 716 2222 775 ad
2261 716 2601 775 serendum.

494 815 535 877 6
610 818 905 900 Turrani,
954 820 1111 899 quod
1161 819 1378 881 hahent
1425 821 1785 901 apographa,
1830 822 1890 881 in
1939 820 2254 901 archetypo
2301 821 2436 896 fuit,
2485 838 2603 880 non

328 923 612 999 Turanni,
653 926 808 1005 quod
857 929 916 987 in
965 928 1233 1006 principe
1286 927 1543 988 editione
1582 927 1907 988 Politianus
1957 946 2072 987 non
2121 928 2415 988 correxit.v
2459 929 2602 987 item

319 1029 368 1089 ΙΙ
411 1030 508 1111 11,
554 1029 634 1092 12
682 1037 944 1111 turrani,
993 1034 1071 1094 ΙΙΙ
1117 1034 1167 1115 l,
1207 1033 1246 1095 9
1295 1039 1663 1097 turranium.
1737 1035 1958 1095 codicis
2008 1037 2363 1114 scripturam
2409 1032 2602 1094 Victo·

317 1140 441 1198 rius
489 1141 769 1200 restituit.

493 1245 636 1316 Qua
684 1247 764 1308 de
814 1265 886 1308 re
932 1252 1273 1328 pecuaria
1330 1250 1659 1313 breuiter
1715 1269 1788 1310 ac
1845 1251 2246 1310 summatim
2302 1264 2599 1326 percur·
2694 1308 2697 1309 γ

311 1352 483 1430 ram]
541 1353 747 1415 Deleto
811 1358 1159 1435 pronomine
1227 1376 1349 1432 qua
1405 1358 1659 1419 Ursinus
1716 1359 1942 1418 iustum
1998 1355 2316 1415 verborum
2382 1372 2600 1414 nexum

310 1462 595 1540 restituit,
644 1462 756 1521 tibi
783 1495 863 1503 —
897 1464 971 1523 de
1016 1482 1087 1524 re
1125 1468 1429 1540 pecuaria
1470 1481 1860 1541 percurram.
1938 1481 2069 1523 nam
2117 1465 2189 1522 iis
2229 1478 2378 1540 quae
2416 1462 2601 1521 inter-

307 1570 500 1645 posita
552 1576 717 1649 sunt,
775 1572 883 1643 qui
934 1573 1311 1632 vehementer
1357 1575 1682 1634 delectaris
1735 1604 1809 1613 —
1861 1574 2163 1632 ministres
2212 1577 2271 1628 et
2325 1570 2488 1643 quod
2531 1585 2601 1627 eo

296 1674 557 1751 facilius
626 1675 861 1750 faciam
914 1709 990 1718 —
1042 1682 1358 1760 equarias,
1421 1697 1538 1739 non
1607 1686 1830 1739 mutato
1898 1677 2319 1737 enuntiationis
2394 1674 2601 1734 ordine

302 1801 483 1842 causa
532 1781 788 1843 indicata
837 1793 944 1864 est,
993 1803 1100 1845 cur
1147 1784 1219 1845 ad
1269 1784 1627 1845 Turranium
1676 1783 1821 1843 haec
1879 1782 2199 1862 disputatio
2256 1780 2328 1841 de
2386 1799 2450 1840 re
2499 1798 2598 1859 pe·

302 1892 505 1949 cuaria
554 1892 842 1950 mittatur.
935 1908 1130 1965 quare
1190 1894 1265 1952 de
1314 1895 1622 1967 pecuaria
1679 1890 1975 1950 Victorius
2031 1890 2366 1949 coniecerat
2420 1887 2604 1946 inter-

301 2003 481 2075 rupto
531 1996 742 2056 ordine
792 2000 1099 2058 sermonis.

488 2103 845 2182 Incipiam
892 2104 1054 2165 hinc
1103 2103 1245 2165 HIC
1293 2100 1966 2179 INTERMISIMUS]
2008 2103 2126 2163 Hic
2176 2104 2600 2162 intermisimus

297 2212 359 2270 in
422 2209 754 2289 archetypo
821 2209 1161 2271 maiusculis
1226 2211 1441 2271 litteris
1508 2213 1726 2290 scripta
1790 2217 1959 2270 erant
2021 2209 2273 2288 ideoque
2337 2211 2399 2268 in
2464 2225 2601 2287 apo-

298 2317 546 2396 graphis
595 2315 880 2377 Italorum
930 2321 1143 2378 omissa
1193 2326 1349 2379 sunt.
1443 2319 1675 2379 videtur
1724 2326 1917 2377 autem
1975 2315 2087 2376 hoc
2135 2335 2165 2376 a
2213 2315 2452 2376 librario
2501 2316 2598 2375 ad·

299 2427 598 2502 scriptum
664 2442 820 2502 esse,
870 2428 971 2504 qui
1026 2427 1367 2487 intermisso
1426 2428 1615 2503 spatio
1671 2425 1936 2485 lacunam
2000 2426 2214 2484 veteris
2270 2425 2600 2502 scripturae

299 2552 327 2591 a
371 2551 437 2592 se
482 2532 872 2611 significatam
914 2551 1045 2592 esse
1084 2532 1461 2594 indicaverat.
1529 2531 1942 2591 Lachmannus
1982 2534 2182 2611 script.
2213 2533 2351 2591 min.
2392 2549 2445 2609 p.
2474 2525 2600 2590 165

299 2643 411 2719 ipsi
474 2639 728 2699 Varroni
784 2657 849 2699 ea
909 2640 1085 2701 verba
1145 2639 1464 2701 tribuenda
1512 2658 1644 2700 esse
1704 2641 1954 2720 putavit,
2012 2656 2161 2718 quae
2217 2638 2288 2698 ab
2346 2637 2443 2698 illo
2501 2637 2597 2697 ad-

299 2748 528 2825 scripta
598 2754 824 2819 essent,
882 2754 948 2807 ut
1007 2749 1402 2807 intermissam
1469 2764 1499 2806 a
1559 2765 1622 2806 se
1683 2747 2107 2826 narrationem,
2164 2763 2337 2824 quam
2393 2752 2598 2824 postea

298 2854 595 2932 perficere
662 2851 917 2934 volebat,
984 2853 1305 2914 adnotaret.
1400 2852 1783 2913 Zahlfeldtius
1840 2863 2066 2931 quaest.
2125 2855 2255 2912 crit.
2314 2855 2373 2912 in
2433 2851 2596 2913 Varr.

298 2979 416 3020 rer.
480 2967 632 3019 rust.
680 2959 812 3019 libr.
858 2979 914 3039 p.
954 2957 1039 3020 23
1089 2955 1325 3020 ‘codice
1384 2960 1702 3040 archetypo
1754 2959 2017 3019 mutilato
2076 2958 2219 3018 haec
2267 2958 2441 3018 verba
2501 2977 2595 3018 ex·

296 3076 490 3127 trema
553 3068 801 3126 amissae
858 3069 1045 3146 partis
1101 3068 1384 3127 orationis
1441 3063 1605 3127 esse'
1657 3069 1959 3147 opinatur,
2008 3084 2142 3125 cum
2198 3068 2259 3125 in
2314 3068 2388 3125 iis
2446 3083 2595 3144 quae

296 3173 513 3235 lacuna
585 3175 901 3251 periissent
969 3181 1270 3234 narratum
1337 3185 1495 3234 esset
1558 3181 1804 3254 propter
1861 3173 2284 3234 discessionem
2346 3172 2595 3232 Menatis

298 3298 647 3342 sermonem
694 3282 1099 3341 intermissum
1149 3299 1298 3341 esse.
1374 3281 1446 3341 de
1495 3280 1748 3361 abrupto
1798 3281 2089 3341 sermonis
2136 3281 2303 3339 initio
2352 3297 2593 3339 monue-

297 3400 433 3449 rant
484 3387 786 3448 Victorius
834 3396 893 3447 et
939 3397 1075 3465 post
1122 3407 1257 3448 eum
1308 3387 1568 3466 Scaliger
1616 3395 1675 3447 et
1722 3386 1990 3448 Ursinus,

482 3501 509 3554 I
558 3491 589 3553 1
642 3493 805 3554 Cum
856 3503 1170 3555 menates
1210 3494 1706 3572 discessisset]
1740 3495 1999 3555 Mermas
2028 3493 2348 3574 IucunduS,
2379 3494 2597 3555 Menas

301 3601 732 3681 Schneiderus3
774 3603 876 3680 qui
914 3603 1169 3662 eundem
1209 3601 1368 3663 hunc
1409 3621 1538 3663 esse
1578 3602 1822 3681 putabat
1861 3610 2035 3679 atque
2069 3619 2204 3661 eum
2244 3603 2345 3678 qui
2376 3599 2595 3660 dicitur

297 3709 451 3792 113,
498 3705 580 3769 11
640 3711 751 3769 alii
814 3712 994 3769 etiam
1051 3712 1138 3770 ad
1187 3712 1555 3784 quindecim,
1612 3717 1680 3770 ut
1734 3710 1967 3770 Menas.
2060 3709 2320 3769 Menates
2378 3708 2594 3767 iterum

299 3816 642 3895 appellatur
700 3813 848 3896 118,
892 3813 925 3876 1
985 3820 1147 3878 venit
1200 3835 1239 3876 a
1286 3817 1533 3877 Menate
1589 3818 1858 3877 libertus.
1951 3814 2283 3894 exemplum
2341 3815 2594 3872 nominis

299 3923 555 4002 praebet
621 3920 829 3982 titulus
896 3921 1033 3982 CIL
1101 3923 1210 3984 v.l
1280 3942 1334 3983 n.
1377 3919 1522 3984 633.
1617 3923 1689 3983 de
1755 3923 1940 3983 forma
2015 3922 2271 3981 nominis
2337 3919 2597 3997 disputa-

301 4039 519 4091 verunt
568 4026 928 4088 Bitschelius
977 4047 1177 4106 opusc.
1226 4021 1447 4107 philol.'
1474 4048 1523 4090 v.
1564 4028 1638 4088 lV
1684 4048 1741 4108 p.
1778 4025 1908 4089 459
1958 4037 2018 4088 et
2062 4022 2196 4088 474
2242 4034 2302 4086 et
2348 4026 2593 4085 Momm·

302 4138 508 4196 senius
564 4132 704 4194 CIL
744 4135 778 4195 l.
818 4154 866 4194 c.
914 4134 1131 4213 gentile
1180 4143 1375 4196 autem
1422 4153 1637 4196 nomen
1686 4153 1843 4216 esse,
1889 4153 2006 4195 non
2057 4152 2410 4214 cognomen,
2457 4132 2592 4192 inde

301 4243 571 4322 intellegi
619 4248 871 4323 poterat,
912 4241 1068 4321 quod
1110 4241 1310 4325 Varro,
1358 4242 1458 4303 uhi
1503 4245 1760 4322 primum
1810 4262 1910 4302 eos
1959 4243 2060 4320 qui
2109 4243 2367 4300 sermoni
2413 4242 2592 4300 inter·

303 4351 550 4412 suerunt
599 4351 882 4430 nominat,
929 4348 1133 4427 gentili
1179 4352 1415 4410 nomine
1465 4352 1553 4411 uti
1601 4352 1924 4410 consuevit.

482 4461 601 4519 Illa
653 4460 777 4516 tria
825 4455 1003 4515 editio
1052 4458 1329 4536 princeps
1377 4476 1408 4516 a
1455 4456 1744 4517 Politiano
1792 4474 1910 4516 non
1968 4461 2234 4514 correcta
2293 4461 2353 4512 et
2409 4452 2595 4512 codex

305 4564 626 4646 CaesenaS,
675 4567 801 4623 tria
849 4566 951 4622 illa
999 4563 1247 4641 plurima
1307 4564 1668 4645 apographa,
1717 4550 1908 4641 neone
1957 4569 2119 4622 certo
2168 4568 2427 4643 constat,
2476 4579 2594 4641 quo

2096 4661 2169 4713 9*
