3178 5185
567 402 655 468 44
1253 412 1636 470 COMMENT.
1671 416 1752 469 IN
1789 413 2164 471 VARRONIS

568 567 885 648 paludibus
943 569 1313 652 aedificatur,
1373 572 1560 630 averti
1618 569 1688 631 ab
1746 570 1861 632 illis
1918 571 2175 651 dicatur,
2234 589 2427 651 neque
2485 571 2631 631 ordo
2689 589 2854 651 prae·

568 684 903 758 ceptorum,
961 680 1238 756 quoniam
1295 678 1367 738 de
1423 677 1552 739 loco
1614 677 1780 739 villae
1848 677 2117 758 eligendo
2179 678 2325 739 haec
2381 680 2855 761 praecipiuntur3

568 784 639 844 de
687 784 1034 845 instruenda
1082 785 1214 845 villa
1262 788 1323 846 in
1369 785 1515 846 locis
1572 785 1966 868 palustribus,
2013 789 2063 846 si
2119 788 2200 847 ita
2257 787 2388 847 fieri
2444 805 2690 847 necesse
2748 795 2858 869 est,

567 893 786 953 dicitur
834 902 1079 972 postea·
1122 895 1322 972 itaque
1371 896 1977 956 animadvertendum
2024 896 2253 974 scripsi,
2300 893 2357 956 h.
2398 913 2447 956 e.
2495 894 2861 956 animadver-

568 1000 811 1061 tendum
860 1009 952 1062 est
1000 1019 1073 1061 ne
1122 1003 1182 1061 in
1230 999 1377 1061 locis
1425 1000 1793 1080 palustribus
1840 1001 2033 1061 villam
2082 1001 2373 1063 aedifices
2458 1021 2592 1063 nam
2642 1006 2860 1064 adver-

567 1117 697 1170 tere
749 1107 862 1168 hoc
924 1108 1094 1168 modo
1153 1108 1377 1169 dictum
1434 1110 1495 1168 in
1551 1108 1645 1168 his
1700 1108 1869 1169 libris
1917 1127 2035 1169 non
2092 1111 2321 1191 inveni,
2369 1113 2864 1172 animadvertere

567 1233 760 1295 saepe.
827 1247 902 1258 —-
973 1220 1137 1291 quod
1198 1224 1490 1278 arescunt
1552 1224 1959 1292 crescuntque
2023 1221 2317 1278 animalia
2382 1216 2636 1299 Merula,
2702 1221 2870 1293 quod

567 1330 857 1384 arescunt
930 1331 990 1384 et
1063 1326 1227 1398 quod
1298 1327 1361 1385 in
1435 1327 1509 1384 iis
1584 1331 1873 1385 crescunt
1944 1328 2238 1405 animalia
2304 1324 2635 1408 IucunduS,
2701 1329 2871 1401 quod

568 1437 873 1504 arescunt,
921 1438 1208 1491 crescunt
1254 1434 1548 1491 animalia
1598 1430 1913 1513 VictoriuS,
1959 1435 2125 1507 quod
2169 1435 2231 1493 in
2279 1436 2354 1493 iis
2401 1437 2680 1495 alescunt
2727 1437 2863 1494 ani·

567 1541 753 1598 malia
810 1536 1063 1597 Ursinus
1120 1536 1250 1597 coll.
1310 1536 1533 1598 Colum.
1573 1534 1698 1619 15,
1738 1535 1777 1598 6
1833 1557 1910 1599 ne
1958 1541 2248 1615 paludem
2304 1542 2543 1615 quidem
2596 1543 2869 1602 vicinam

568 1663 696 1706 esse
749 1651 984 1721 oportet
1037 1647 1342 1719 aedificiis
1396 1664 1510 1707 nec
1567 1649 1837 1707 iunctam
1901 1649 2225 1707 militarem
2289 1650 2473 1722 viam,
2529 1651 2693 1723 quod
2756 1651 2867 1708 illa

568 1754 878 1814 caloribus
923 1756 1173 1813 noxium
1220 1755 1387 1813 virus
1425 1760 1671 1814 eructat
1717 1761 1778 1814 et
1822 1751 2057 1829 infestis
2104 1757 2336 1814 aculeis
2374 1762 2618 1815 armata
2659 1758 2868 1830 ,qiqnit

569 1863 886 1934 animalia,
934 1878 1091 1935 quae
1138 1863 1199 1922 in
1257 1879 1365 1922 nos
1413 1863 1781 1922 densissimis
1842 1864 2227 1922 examinibus
2283 1865 2566 1923 involant.
2660 1861 2870 1922 Ursini

528 1949 536 1956 ’
569 1970 973 2028 coniecturam
1013 1969 1249 2028 omissis
1288 1988 1338 2028 v.
1379 1972 1442 2029 in
1482 1971 1572 2043 iis,
1614 1986 1764 2046 quae
1810 1969 1872 2027 in
1921 1967 2229 2029 codicibus
2269 1971 2488 2048 scripta
2535 1987 2655 2028 non
2703 1980 2870 2050 sunt,

571 2076 868 2155 Sauppius
928 2075 1047 2135 ind.
1095 2074 1229 2136 lect.
1278 2075 1534 2154 Gotting.
1583 2077 1782 2135 aestiv.
1846 2093 1895 2135 a.
1946 2072 2119 2137 1886
2180 2095 2237 2154 p.
2278 2072 2362 2136 15
2429 2077 2871 2137 commendavit

567 2185 880 2263 adscriptis
911 2182 1195 2262 exemplis
1225 2182 1391 2242 verbi
1420 2181 1680 2243 alescere
1711 2182 1873 2243 Varr.
1904 2182 1929 2242 1
1958 2181 2019 2262 2,
2049 2180 2106 2244 6.
2135 2179 2242 2264 44,
2270 2179 2330 2243 4.
2359 2178 2465 2262 45,
2496 2181 2553 2245 3.
2586 2182 2637 2242 ll
2665 2179 2727 2264 4,
2764 2180 2866 2244 19.

567 2291 804 2352 Lucret.
843 2289 895 2350 11
937 2288 1125 2352 1130.
1167 2277 1171 2282 ⁹
1217 2289 1362 2351 mihi
1409 2308 1517 2350 cur
1564 2297 1858 2351 arescunt
1902 2289 2181 2372 delerem,
2229 2296 2534 2369 crescunt,
2583 2289 2747 2368 quod
2793 2291 2864 2350 ad

572 2400 982 2480 explicandum
1024 2398 1272 2460 verbum
1312 2403 1587 2460 alescunt
1635 2397 1901 2457 additum
1950 2417 2082 2458 esse
2121 2389 2380 2458 Ursinus⁰
2420 2395 2685 2476 putabat,
2726 2400 2860 2457 reti·

570 2526 794 2588 nerem,
842 2525 1017 2566 causa
1067 2506 1178 2567 suit
1223 2505 1387 2584 haec,
1434 2503 1592 2583 quod
1642 2509 1915 2566 alescere
1961 2504 2032 2567 de
2081 2507 2155 2565 iis
2203 2507 2472 2586 maxime,
2521 2522 2673 2583 quae
2729 2522 2867 2565 cum

569 2635 711 2677 cura
760 2616 1109 2676 nutriuntur
1156 2612 1248 2674 vel
1295 2614 1526 2674 fructus
1576 2631 1753 2674 causa
1801 2624 2157 2695 nascuntur,
2212 2613 2437 2674 dictum
2495 2621 2611 2694 est,
2662 2632 2867 2692 quam-

570 2742 746 2802 quam
794 2726 882 2784 ali
926 2724 1053 2783 sine
1100 2721 1210 2798 hac
1258 2723 1497 2782 notione
1547 2723 1841 2800 scriptum
1887 2730 1979 2781 est
2025 2720 2077 2780 11
2115 2718 2176 2804 5,
2221 2716 2318 2781 14.

747 2827 788 2891 3
853 2829 948 2890 Ne
996 2831 1067 2889 in
1116 2847 1259 2889 eam
1307 2836 1580 2908 partem
1629 2836 1913 2908 spectet
1961 2828 2133 2889 uilla
2191 2847 2223 2888 e
2281 2826 2545 2906 quibus
2601 2837 2869 2888 uentus

569 2940 861 3019 grauior
916 2956 998 2997 ex
1054 2939 1143 2996 iis
1189 2936 1518 3015 partibus
1576 2935 1848 2996 adflare
1908 2933 2166 3013 soleat]
2234 2937 2324 2996 Ne
2382 2939 2443 2995 in
2501 2953 2607 2995 eas
2649 2943 2869 3011 partes

568 3053 797 3123 spectet
854 3048 1023 3121 villa,
1070 3063 1149 3105 ex
1195 3046 1412 3120 quibus
1468 3051 1680 3105 ventus
1730 3047 1989 3119 gravior
2046 3042 2273 3119 afflare
2327 3047 2518 3104 soleat
2571 3043 2868 3120 impressa

568 3152 706 3215 inde
754 3153 825 3214 ab
872 3152 1083 3213 Aldina
1130 3152 1387 3212 editione
1438 3151 1809 3233 exemplaria,
1857 3161 2039 3230 recte,
2089 3159 2153 3211 ut
2198 3150 2450 3210 videtur.

750 3261 825 3321 Si
872 3260 1056 3340 quod
1106 3270 1217 3321 est
1265 3259 1449 3339 quod
1499 3259 2002 3320 aduersarium
2049 3255 2435 3335 inferatur]
2487 3258 2558 3318 Si
2590 3260 2749 3332 quid
2783 3265 2871 3318 est

571 3371 801 3449 scripsi.
893 3386 1028 3428 nam
1075 3370 1239 3442 quod
1283 3366 1508 3427 dictum
1557 3384 1674 3426 non
1734 3371 1825 3425 est
1880 3367 1995 3425 nisi
2053 3382 2190 3424 cum
2246 3366 2509 3440 nomine,
2555 3365 2868 3426 indefinite
2963 3392 2974 3397 “

571 3476 652 3536 111
691 3473 751 3556 2,
787 3472 831 3536 4
878 3492 1021 3536 num
1066 3477 1231 3550 quod
1275 3476 1579 3547 emblema,
1630 3473 2053 3551 interrogative
2101 3471 2126 3531 Ι
2165 3470 2225 3552 2,
2266 3469 2305 3532 6
2354 3475 2521 3547 quod
2555 3471 2668 3549 far
2717 3491 2869 3553 sqq.,

572 3580 675 3665 69,
714 3581 756 3644 2
803 3585 967 3658 quod
1004 3582 1210 3658 funus,
1260 3589 1320 3641 et
1367 3582 1428 3641 in
1469 3580 1709 3660 obliqua
1755 3582 2222 3659 interrogatione
2269 3579 2295 3639 I
2332 3575 2392 3662 5,
2435 3579 2467 3640 1
2510 3583 2677 3655 quod
2712 3587 2870 3643 esset

571 3695 826 3768 initium,
875 3688 998 3772 8,1
1052 3693 1216 3765 quod
1255 3707 1466 3765 yenus,
1516 3686 1621 3771 39,
1655 3687 1687 3748 1
1739 3690 1904 3764 quod
1940 3696 2202 3765 tempus;
2247 3690 2399 3763 quid
2441 3706 2578 3747 cum
2622 3690 2867 3748 nomine

571 3798 755 3860 semel
801 3796 881 3857 111
923 3795 980 3878 7,
1020 3794 1061 3858 3
1109 3800 1351 3858 aliudve
1410 3800 1565 3872 quid
1618 3799 1862 3856 animal.
1953 3797 2016 3855 in
2072 3795 2398 3855 masculino
2455 3813 2674 3874 genere
2731 3799 2870 3870 quis

571 3907 874 3968 indefinite
934 3923 1069 3966 cum
1129 3906 1366 3985 nomine
1414 3904 1638 3964 dictum
1697 3921 1814 3963 non
1863 3910 1980 3983 est,
2028 3903 2132 3963 sed
2181 3901 2362 3963 semel
2411 3906 2540 3978 qui,
2587 3899 2739 3981 114,
2788 3900 2868 3963 14

569 4035 646 4076 ne
700 4017 808 4089 qui
851 4016 1186 4090 porcellus,
1254 4019 1313 4072 et
1368 4014 1429 4071 in
1486 4010 1723 4089 obliqua
1783 4011 2248 4089 interrogatione
2304 4028 2412 4089 per
2473 4028 2538 4070 se
2603 4011 2865 4089 positum

570 4122 595 4182 I
637 4119 738 4203 13,
776 4119 818 4182 2
873 4124 1037 4182 scire
1091 4124 1200 4195 qui
1252 4124 1540 4194 introeat,
1600 4116 1702 4199 69,
1741 4117 1781 4180 2
1840 4122 1947 4194 qui
2003 4125 2158 4179 esset
2202 4120 2710 4179 animadvertere.
2806 4119 2866 4177 in

571 4231 853 4291 feminino
902 4246 1121 4307 genere
1169 4245 1343 4302 quae,
1392 4245 1511 4287 non
1558 4244 1683 4301 qua
1731 4226 1755 4286 1
1794 4223 1898 4308 37,
1938 4223 1995 4287 5.
2043 4223 2095 4284 11
2132 4221 2192 4303 5,
2236 4223 2334 4286 17.
2384 4223 2463 4285 111
2500 4220 2561 4306 5,
2601 4221 2662 4286 3.
2699 4222 2757 4306 7,
2795 4221 2863 4305 33

571 4333 628 4399 5.
670 4335 729 4419 9,
775 4332 872 4396 14.
916 4335 1015 4411 11,
1053 4333 1121 4397 3:
1170 4354 1302 4396 nam
1352 4343 1633 4414 corrupta
1679 4334 1836 4395 haud
1883 4332 2061 4394 dubie
2109 4341 2250 4393 sunt
2294 4331 2458 4411 haec,
2504 4330 2585 4391 ΙΙΙ
2626 4330 2684 4412 7,
2720 4328 2763 4393 5
2810 4335 2866 4391 si

571 4463 693 4521 qua
742 4445 1005 4521 perierit
1060 4451 1119 4503 et
1173 4441 1250 4502 ΙΙΙ
1296 4439 1395 4523 16,
1434 4439 1520 4503 34
1578 4444 1756 4517 siqua
1805 4460 1978 4518 pars.
2067 4442 2209 4500 item
2266 4442 2327 4500 in
2384 4446 2599 4500 neutro
2647 4456 2862 4517 genere

569 4550 878 4632 pluraliter
915 4548 940 4607 Ι
971 4546 1072 4631 20,
1103 4548 1145 4611 4
1181 4554 1394 4626 siquae
1429 4556 1571 4610 sunt
1609 4557 1668 4610 et
1706 4548 1730 4608 Ι
1761 4546 1864 4630 37,
1895 4545 1933 4608 3
1972 4550 2445 4624 siquae—fieri
2483 4550 2863 4608 conveniret:
