3178 5185
599 428 729 492 258
1583 428 1957 482 VARRONIS

599 594 880 673 singulos,
911 593 1052 654 alias
1084 594 1273 673 binoS,
1305 613 1452 672 quae
1483 595 1875 655 ostenderunt
1905 595 2053 653 fetas
2082 603 2333 675 nostraS,
2365 612 2513 672 quae
2542 595 2603 652 in
2628 595 2911 671 conopiis

546 704 801 768 9iacent
857 701 982 761 dies
1039 701 1285 780 aliquot,
1353 721 1482 761 esse
1540 702 1845 762 eiuncidas
1901 720 1967 761 ac
2023 701 2500 761 contemnendas,
2604 699 2715 760 Cui
2772 718 2910 778 eg0,

596 808 796 888 Certe,
854 810 1124 888 inquam:
1182 828 1315 869 nam
1374 812 1432 868 in
1483 809 1715 887 Illyrico
1762 807 1875 867 hoe
1924 808 2209 888 ampliuS,
2268 817 2648 887 praegnatem
2702 826 2908 886 saepe,

595 935 729 976 cum
779 918 939 975 venit
986 917 1256 996 pariendi
1302 924 1556 997 tempus,
1605 934 1724 975 non
1770 914 1943 992 louge
1992 914 2065 974 ab
2114 934 2293 993 opere
2343 915 2650 975 discedere
2691 914 2907 994 ibique

594 1024 825 1081 enixam
874 1041 1127 1100 puerum
1178 1023 1421 1103 referre,
1472 1042 1647 1101 quem
1688 1041 1806 1082 non
1844 1024 2167 1102 peperisse,
2216 1023 2317 1082 sed
2359 1024 2658 1083 invenisse
2698 1030 2904 1100 putes
2962 1035 2985 1070 ⁵

594 1147 704 1188 nec
762 1147 881 1188 non
939 1131 1116 1189 etiam
1172 1130 1309 1210 hoc,
1369 1149 1513 1210 quas
1572 1132 1831 1208 virgines
1888 1129 1971 1189 ibi
2022 1129 2343 1210 appellant,
2401 1149 2520 1189 non
2567 1148 2904 1209 numquam

594 1254 885 1296 annorum
934 1232 1177 1319 viginti,
1224 1238 1442 1316 quibus
1490 1256 1618 1296 mos
1666 1256 1871 1296 eorum
1921 1256 2039 1297 non
2089 1237 2424 1318 denegavit,
2471 1246 2606 1297 ante
2654 1238 2906 1315 nuptias

596 1353 660 1404 ut
717 1343 1177 1403 succumberent
1234 1343 1452 1422 quibus
1507 1344 1725 1404 vellent
1782 1351 1842 1403 et
1897 1345 2256 1404 incomitatis
2312 1351 2378 1403 ut
2433 1346 2632 1422 vagari
2684 1343 2907 1405 liceret

500 1462 582 1518 10
604 1456 664 1508 et
728 1447 879 1509 filios
944 1449 1180 1510 hahere.
1281 1450 1441 1520 Quae
1509 1451 1579 1510 ad
1647 1450 2026 1511 valitudinem
2093 1452 2395 1529 pertinent
2458 1449 2769 1510 hominum
2835 1469 2905 1510 ae

591 1558 827 1633 peeoris
880 1565 940 1617 et
987 1560 1114 1617 sine
1163 1558 1391 1618 medico
1441 1560 1641 1618 curari
1687 1560 1944 1637 possint,
2001 1560 2350 1635 magistrum
2401 1559 2622 1636 scripta
2669 1558 2902 1617 habere
2934 1569 2982 1606 10

593 1670 842 1741 oportet.
945 1666 996 1724 is
1064 1667 1220 1725 enim
1287 1667 1415 1724 sine
1473 1665 1689 1725 litteris
1744 1666 1996 1725 idoneus
2052 1683 2170 1724 non
2227 1673 2344 1745 est,
2411 1664 2568 1743 quod
2628 1667 2904 1725 rationes

593 1768 917 1829 dominicas
955 1774 1264 1848 pecuarias
1304 1773 1599 1832 conficere
1638 1776 1997 1852 nequiquam
2037 1780 2197 1832 recte
2237 1779 2449 1850 potest.
2528 1771 2599 1831 de
2637 1791 2900 1831 numero

591 1884 896 1953 pastorum
964 1878 1061 1939 alii
1126 1882 1463 1959 angustiuS,
1529 1879 1627 1939 alii
1682 1879 1872 1940 laxius
1930 1881 2294 1940 constituere
2352 1878 2558 1939 solent.
2662 1898 2778 1957 ego
2839 1881 2901 1938 in

592 1992 907 2062 octogenas
956 1986 1142 2045 hirtas
1190 2005 1329 2046 oves
1377 1986 1643 2063 singulos
1690 1994 1958 2064 pastores
2007 1988 2317 2064 constitui,
2363 1986 2594 2045 Atticus
2637 1986 2705 2043 in
2759 2003 2899 2045 cen-

496 2098 782 2157 11tenaS.
883 2111 1093 2172 greges
1155 2095 1351 2153 ovium
1409 2094 1509 2153 sed
1565 2112 1871 2174 magnum,
1937 2112 2084 2173 quos
2140 2093 2422 2153 miliarios
2480 2092 2707 2152 faciunt
2767 2093 2899 2170 qui·
2928 2101 2976 2139 15

591 2197 750 2279 dam,
816 2199 1047 2260 facilius
1114 2200 1186 2260 de
1254 2220 1482 2261 summa
1547 2200 1853 2261 hominum
1921 2186 2231 2261 detrahere
2298 2201 2511 2279 possit,
2578 2217 2761 2277 quam
2824 2200 2896 2258 de

735 2410 762 2457 1
804 2404 1055 2475 singulas
1094 2424 1231 2461 corr.
1276 2440 1338 2446 ——
1380 2424 1441 2461 os
1469 2408 1524 2460 A
1669 2410 1843 2462 bonos
1882 2425 2019 2462 corr.
2059 2405 2221 2462 binos
2250 2406 2306 2460 A
2345 2420 2352 2424 ’
2449 2423 2590 2475 quae
2629 2408 2892 2461 ostende-

585 2496 716 2547 runt
743 2495 859 2548 Bm
899 2514 1004 2564 que
1034 2498 1195 2550 osten
1229 2498 1237 2567 Ι
1271 2497 1338 2550 de
1381 2495 1501 2550 reni
1537 2498 1686 2564 runt,
1724 2498 1815 2550 sed
1842 2495 1962 2550 reni
1990 2498 2217 2549 deletum
2246 2497 2301 2548 A
2331 2512 2471 2563 quae
2501 2496 2814 2549 ostendunt,
2851 2495 2905 2547 V

588 2602 731 2652 quae
770 2585 1126 2640 ostenderent
1167 2586 1461 2640 Iucundus
1613 2586 1793 2641 foetas
1844 2586 1894 2639 V
2034 2584 2285 2654 conopiis
2328 2583 2509 2640 PAB
2547 2584 2824 2654 eonopeis
2863 2603 2895 2638 v

720 2680 751 2727 2
790 2673 1011 2742 aliquot
1047 2675 1159 2727 VB
1197 2674 1425 2741 aliquod
1453 2675 1508 2728 A
1631 2674 1916 2729 eiuneidas
1961 2675 2247 2728 Turnebus
2284 2675 2493 2732 advers,
2558 2679 2611 2742 4,
2633 2674 2890 2728 Gleuun·

587 2761 741 2817 eidas
781 2762 959 2816 PAB
1004 2761 1117 2816 leni
1165 2763 1416 2818 mucidas
1463 2782 1510 2819 υ.
1592 2761 1992 2830 ‘Leuuneidas,
2049 2779 2116 2816 ae
2167 2764 2615 2817 contemnendas,
2702 2763 2893 2817 Locus

587 2854 842 2921 turpibus
877 2855 1107 2907 maculis
1143 2855 1409 2922 foedatus,
1448 2855 1513 2908 de
1548 2869 1655 2922 quo
1692 2858 1819 2907 ante
1856 2855 2019 2915 etiam
2058 2854 2224 2907 locuti
2260 2868 2464 2918 sumus,
2502 2868 2622 2905 eum
2657 2853 2725 2906 de
2756 2854 2891 2920 alia,

584 2943 681 3011 qui
716 2943 842 2997 item
880 2944 963 3011 (ut
990 2944 1209 3011 opinor)
1239 2945 1302 2996 in
1330 2945 1507 2997 eodem
1534 2943 1700 2996 uerbo
1728 2943 2056 3011 inquinatus
2084 2946 2217 3006 erat,
2257 2957 2533 3010 ayeremus
2570 2942 2650 3010 [I
2677 2945 2768 3010 31,
2801 2943 2886 3011 3].

589 3032 786 3086 Prima
833 3033 1064 3099 fortasse
1115 3033 1276 3086 litera
1320 3039 1452 3086 nota
1496 3033 1601 3085 illa
1644 3037 1744 3098 est,
1796 3049 1959 3100 quam
1996 3047 2153 3100 saepe
2188 3031 2249 3083 in
2288 3031 2688 3099 antiquissimis
2726 3032 2891 3085 libris

584 3121 828 3174 dixsimus
864 3122 1111 3175 inueniri
1138 3140 1156 3172 .·
1184 3123 1328 3190 quod
1362 3123 1413 3175 si
1449 3123 1804 3189 reciperetur,
1842 3137 1956 3176 non
1992 3121 2156 3174 ualde
2191 3121 2523 3188 discreparet
2558 3136 2698 3186 uox,
2747 3138 2889 3189 quae

582 3211 942 3279 relinquitur,
989 3212 1057 3264 ab
1108 3228 1196 3278 ea,
1244 3228 1406 3279 quam
1444 3216 1608 3264 antea
1644 3212 1707 3264 in
1735 3211 1918 3279 primo
1956 3211 2097 3264 libro
2133 3210 2448 3263 inuenimus
2474 3230 2491 3260 .·
2519 3226 2648 3262 nam
2687 3226 2887 3278 supra,

582 3295 928 3352 Eiuneidum
963 3302 1106 3354 enim
1142 3306 1502 3367 sarmentum,
1541 3300 1658 3354 ete.’
1714 3300 1988 3355 Victorius
2131 3316 2197 3353 ae
2235 3297 2673 3352 contemnendas
2717 3299 2776 3351 P
2820 3315 2885 3353 ae

583 3389 1185 3455 contempnendasAB
1215 3391 1272 3442 et
1292 3389 1728 3443 contemnendas
1747 3405 1778 3441 v
1872 3396 1902 3442 3
1924 3390 2325 3458 praegnantem
2346 3405 2376 3440 v
2398 3402 2680 3456 praegnax
2697 3387 2887 3443 PAB

689 3481 723 3528 4
760 3491 886 3529 eum
923 3474 1082 3531 uenit
1126 3477 1233 3530 VB
1273 3456 1532 3531 eonuenit
1560 3477 1617 3531 A
1726 3483 1762 3530 6
1795 3494 2192 3546 nonnunquam
2229 3476 2339 3529 VB
2373 3493 2801 3544 nunnumquam
2830 3477 2886 3531 A

690 3571 718 3618 7
749 3582 861 3618 non
891 3566 1194 3634 denegauit
1234 3566 1342 3620 Vm
1370 3582 1553 3620 nonne
1584 3565 1888 3635 denegauit
1914 3566 2036 3619 AB
2143 3576 2175 3619 ὅ
2206 3568 2271 3619 ut
2298 3565 2727 3620 succumberent,
2767 3567 2884 3619 VB

580 3655 646 3707 ut
701 3655 1024 3715 eumberent
1069 3656 1125 3710 A
1311 3654 1714 3709 incommitatis
1761 3656 1815 3710 A
1996 3662 2026 3708 9
2093 3653 2237 3708 filios
2292 3653 2499 3708 habere
2546 3654 2667 3708 AB
2732 3655 2880 3710 filios

579 3743 851 3797 haberent
913 3749 977 3798 ut
1030 3746 1246 3799 videtur
1293 3745 1350 3797 P
1402 3743 1547 3798 filios
1605 3744 1881 3798 haberent
1938 3761 1965 3798 e
2016 3742 2217 3811 quibus
2275 3742 2490 3796 uellent
2534 3761 2566 3797 v
2750 3761 2878 3814 ape-

580 3833 722 3887 eoris
769 3833 825 3887 A
879 3849 1014 3887 corr.
1064 3851 1130 3888 ae
1174 3834 1393 3903 peeoris
1440 3833 1522 3888 A2
1669 3838 1735 3886 10
1792 3836 1850 3887 et
1895 3832 2011 3886 sine
2057 3832 2233 3887 VAB
2280 3849 2345 3885 ae
2393 3830 2509 3885 sine
2557 3850 2610 3886 m
2658 3835 2723 3886 ut
2760 3835 2879 3887 sine

580 3922 873 3977 Iucundus
1017 3923 1223 3994 curari]
1274 3922 1458 3977 eurria
1501 3923 1556 3976 A
1701 3922 1917 3992 possint
1963 3922 2139 3976 VAB
2186 3923 2422 3989 possunt
2467 3938 2519 3974 m
2668 3928 2734 3976 12
2784 3939 2877 3976 ne-

577 4012 845 4080 quiquam
878 4011 934 4064 P
965 4013 1360 4081 nequidquam,
1397 4013 1491 4066 sed
1528 4009 1565 4062 d
1605 4012 1831 4065 deletum
1859 4010 1915 4064 A
1942 4009 2316 4078 nequicquam
2344 4009 2441 4062 Bv
2554 4017 2619 4065 13
2658 4011 2718 4065 in
2746 4012 2875 4066 hoe-

576 4103 812 4172 togenas
840 4103 1031 4156 hortas
1060 4102 1115 4155 A
1227 4106 1292 4154 15
1329 4119 1529 4171 greges
1557 4101 1747 4154 ouium
1778 4101 1876 4154 sed
1904 4117 2169 4169 magnum
2195 4099 2311 4152 PB
2342 4099 2528 4169 greg'e
2557 4099 2751 4154 ouium
2781 4101 2876 4155 sed

577 4209 844 4261 magnum
872 4192 927 4244 A
966 4208 1164 4261 greges
1205 4192 1395 4246 ouium
1433 4190 1531 4244 sed
1567 4207 1806 4258 magnos
1834 4206 1865 4242 v
1903 4187 1963 4242 in
2002 4188 2264 4257 gregibus
2304 4188 2494 4242 ouium
2524 4189 2620 4243 sed
2651 4187 2874 4258 magnis

579 4282 888 4336 Iucundus.
965 4280 1240 4350 ‘Antiqua
1277 4282 1432 4334 lectio
1469 4281 1718 4348 diuersa,
1756 4279 1849 4332 sed
1885 4295 2023 4346 quae
2061 4284 2320 4347 corrupta
2357 4280 2491 4334 adeo
2526 4280 2617 4347 sit,
2657 4285 2721 4333 ut
2757 4296 2873 4332 eam

577 4372 850 4438 explicare
876 4387 1136 4438 nequeam
1153 4372 1369 4438 :ipsam
1396 4370 1485 4422 hie
1514 4369 1809 4436 adponam,
1839 4365 2049 4437 Greges
2079 4365 2270 4421 ouium
2298 4368 2394 4421 sed
2423 4385 2707 4436 magnum.
2755 4368 2873 4420 Nec

575 4460 743 4513 multo
763 4465 908 4528 post,
936 4461 1035 4514 ubi
1061 4461 1125 4512 in
1152 4461 1381 4525 excusis,
1417 4459 1684 4513 Possunt:
1713 4460 1776 4513 in
1803 4459 1995 4512 iisdem
2024 4459 2283 4527 antiquis,
2313 4458 2519 4512 Possit'
2555 4458 2834 4512 Victorius
2854 4492 2868 4506 .

572 4549 803 4618 fortasse
839 4565 1034 4617 greges
1073 4549 1261 4602 ouium
1301 4548 1348 4602 si
1385 4548 1515 4602 sunt
1551 4548 1760 4616 magni·
1909 4554 1974 4601 16
2011 4547 2190 4616 possit
2229 4547 2409 4601 PAB
2448 4548 2684 4616 possunt
2720 4564 2751 4601 v
