3178 5185
843 440 1101 495 RERVM
1138 439 1610 496 RVSTICARVM
1647 440 1781 495 LIB.
1821 442 1843 494 I
1885 433 2129 492 38-40
2521 437 2643 500 177

351 623 384 664 e
460 613 615 665 terra
680 607 739 665 in
805 614 1050 686 terram,
1124 608 1284 667 vivas
1350 607 1608 688 radiceS‚
1675 627 1824 688 quae
1892 627 1963 668 ex
2029 604 2345 667 arboribus
2410 604 2646 683 dempta

350 713 751 773 demittuntur
796 715 858 772 in
904 713 1170 794 humum,
1219 733 1368 793 quae
1416 717 1766 775 inseruntur
1814 735 1883 781 ex
1933 713 2247 774 arboribus
2285 714 2348 773 in
2384 709 2646 790 arboreS‚

348 818 424 878 de
475 819 721 896 singulis
769 820 949 881 rebus
996 820 1332 902 videndum,
1381 840 1532 900 quae
1576 841 1814 901 quoque
1853 831 2120 901 tempore
2158 821 2407 900 locoque
2448 819 2643 879 facias,

526 925 792 987 Primum
859 946 1084 1008 semen,
1152 928 1309 1007 quod
1376 937 1467 989 est
1523 931 1884 1008 principium
1942 929 2222 1009 genendi‚
2285 929 2344 987 id
2402 925 2638 1004 duplex,
2676 922 2777 982 XL

287 1057 316 1096 5
347 1051 533 1091 unum
585 1033 741 1112 quod
791 1032 934 1093 latet
979 1042 1252 1096 nostrum
1300 1055 1558 1117 sensum,
1608 1037 1859 1097 alterum
1908 1036 2065 1116 quod
2104 1043 2392 1116 apertum.
2486 1032 2646 1114 latet,

346 1142 393 1198 si
449 1147 592 1199 suut
639 1142 866 1200 semina
911 1143 973 1201 in
1021 1161 1185 1223 aere,
1240 1150 1307 1203 ut
1353 1145 1434 1203 ait
1482 1143 1760 1223 physicos
1806 1144 2213 1223 AnaxagoraS‚
2271 1150 2331 1203 et
2379 1142 2431 1201 si
2476 1158 2645 1220 aqua,

346 1264 493 1324 quae
562 1246 761 1307 influit
824 1251 887 1308 in
952 1267 1184 1329 agrum,
1251 1250 1474 1309 inferre
1540 1251 1716 1334 solet,
1781 1259 1849 1312 ut
1912 1250 2123 1313 scribit
2182 1248 2644 1327 Theophrastus,
2715 1312 2722 1317 p

344 1352 486 1413 illud
547 1354 706 1431 quod
766 1364 1011 1434 apparet
1066 1356 1138 1416 ad
1195 1357 1509 1437 agricolaS‚
1567 1358 1625 1417 id
1674 1358 1994 1418 videndum
2040 1357 2374 1436 diligenter.
2469 1372 2644 1434 quae·

345 1460 476 1520 dam
543 1463 705 1521 enim
772 1461 842 1521 ad
910 1462 1244 1541 genendum
1304 1473 1621 1543 propterea
1677 1485 1867 1545 usque
1926 1465 2072 1526 adeo
2127 1483 2337 1545 parva,
2403 1470 2469 1523 ut
2526 1464 2645 1521 sint

258 1591 316 1628 10
344 1566 625 1648 obscura,
682 1575 752 1628 ut
808 1572 1096 1648 cupressi.
1188 1588 1308 1630 non
1363 1573 1520 1631 enim
1581 1571 1829 1653 galbuli,
1886 1575 1988 1652 qui
2034 1578 2390 1651 nascuntur,
2446 1568 2504 1629 id
2554 1574 2646 1627 est

345 1683 644 1754 tamquam
712 1676 865 1755 pilae
931 1697 1145 1756 parvae
1211 1680 1517 1760 corticiae‚
1593 1680 1651 1740 id
1720 1700 1948 1759 semen,
2026 1680 2128 1741 sed
2196 1681 2256 1739 in
2323 1679 2396 1736 iis
2463 1677 2642 1734 intus.

342 1784 698 1862 primigenia
747 1786 971 1844 semina
1019 1785 1182 1845 dedit
1218 1794 1445 1866 natura,
1492 1786 1720 1866 reliqua
1759 1789 1987 1848 invenit
2025 1786 2386 1866 experientia
2424 1781 2693 1842 coloni.2

346 1889 543 1968 [num]
604 1893 799 1970 prima
857 1910 1007 1970 quae
1066 1894 1194 1952 sine
1251 1893 1487 1975 colono,
1543 1897 1894 1974 priusquam
1955 1901 2105 1975 sata,
2165 1902 2328 1974 nata3
2384 1891 2641 1952 secunda

344 2016 493 2076 quae
545 2017 617 2059 ex
666 2001 741 2058 iis
790 1998 1034 2060 collecta
1083 2018 1303 2081 neque,
1350 2005 1701 2082 priusquam
1749 2009 1891 2083 sata,
1938 2008 2089 2061 nata.
2181 2002 2372 2079 prima
2420 2001 2643 2059 semina

260 2127 315 2166 15
344 2105 546 2165 videre
614 2113 853 2184 oportet
915 2125 990 2166 ne
1056 2114 1348 2168 vetustate
1413 2111 1534 2169 sint
1599 2116 1840 2170 exsucta
1906 2116 2009 2169 aut
2070 2126 2145 2167 ne
2213 2109 2333 2167 sint
2388 2105 2646 2165 admixta

346 2221 449 2273 aut
505 2232 580 2273 ne
637 2221 888 2292 propter
926 2213 1395 2275 ’similitudinem
1444 2218 1564 2276 sint
1611 2216 1958 2276 adulterina.
2050 2233 2253 2275 semen
2301 2224 2473 2273 vetus
2518 2219 2643 2270 tan-

348 2327 472 2380 tum
529 2320 685 2381 valet
743 2323 802 2381 in
854 2320 1206 2401 quibusdam
1262 2322 1471 2403 rebus,
1525 2330 1594 2384 ut
1648 2330 1920 2384 naturam
1978 2328 2296 2384 conmutet.
2387 2338 2522 2380 nam
2572 2337 2644 2378 ex

349 2428 576 2487 semine
622 2427 924 2489 brassicae
971 2439 1170 2491 vetere
1219 2438 1345 2490 sato
1393 2433 1558 2491 nasci
1605 2433 1770 2492 aiunt
1816 2450 1957 2511 rapa
2004 2438 2064 2491 et
2110 2438 2314 2491 contra
2362 2445 2433 2488 ex
2476 2445 2645 2505 rapo-

492 2677 524 2726 5
564 2673 726 2741 latet,
765 2674 813 2729 si
851 2677 980 2729 sunt
1017 2676 1231 2730 semina
1266 2675 1325 2729 in
1362 2692 1489 2731 aere
1525 2675 1789 2745 Theophr.
1826 2676 1950 2730 hist.
1977 2676 2157 2744 plant.
2189 2674 2310 2727 III
2334 2678 2385 2739 1,
2423 2675 2459 2726 4
2496 2688 2642 2726 caua.

340 2761 525 2829 plant.
567 2763 611 2815 I
644 2769 698 2830 5,
740 2768 777 2820 2
923 2771 955 2820 8
1003 2749 1278 2833 quaedam
1324 2766 1472 2821 enim
1511 2766 1585 2819 ad
1623 2767 1940 2832 genendum
1982 2765 2243 2833 Theophr.
2284 2779 2431 2818 caus,
2462 2763 2644 2831 plant.

348 2849 392 2901 I
427 2854 481 2916 5,
515 2854 553 2904 4

495 3109 521 3155 1
570 3102 630 3157 in
675 3104 888 3159 terram
935 3104 1096 3159 uiuas
1143 3107 1302 3175 (corr.
1358 3103 1494 3159 uiua
1529 3104 1633 3176 A2)
1681 3104 1898 3159 radices
1935 3103 2117 3159 PAB
2162 3102 2475 3157 interram
2512 3102 2646 3155 uiua.

345 3192 533 3247 radice
571 3210 627 3247 m
671 3191 735 3246 in
779 3195 984 3248 terram
1034 3212 1134 3264 per
1181 3211 1238 3249 se
1277 3211 1311 3248 a
1347 3200 1550 3249 natura
1586 3193 1702 3249 alia.
1738 3210 1806 3248 ex
1839 3193 2115 3247 industria.
2152 3194 2216 3247 ut
2250 3191 2468 3246 faciunt
2502 3189 2645 3245 uiui·

345 3282 563 3336 radices
601 3300 636 3337 v
782 3290 814 3337 2
854 3283 1228 3338 demittuntur
1264 3285 1377 3339 PB
1415 3284 1775 3339 dimittuntur
1811 3282 1907 3338 Av

488 3377 525 3425 4
576 3371 817 3427 cenendi
853 3373 1036 3427 PAB
1083 3374 1300 3429 oriendi
1334 3391 1367 3429 v
1397 3416 1410 3429 .
1436 3374 1619 3440 ‘Quod
1667 3375 1755 3428 esf,
1798 3372 2138 3442 principium
2174 3368 2419 3441 genendi
2447 3411 2460 3424 .
2491 3368 2646 3423 Haec

345 3477 481 3514 uera
534 3467 613 3516 est
668 3463 866 3517 lectio:
896 3464 959 3517 in
1013 3465 1226 3518 excusis
1278 3453 1460 3517 eadem
1513 3464 1810 3530 sententia,
1864 3463 1957 3516 sed
2007 3462 2119 3517 alio
2174 3463 2367 3528 uerbo,
2416 3459 2648 3515 oriendi

346 3549 547 3619 legitur
576 3571 590 3603 t
620 3567 796 3605 manu
838 3553 1035 3621 scripti
1078 3554 1286 3608 codices
1329 3550 1601 3622 Cenendi‚
1656 3553 1860 3606 usitato
1905 3567 2112 3618 errore,
2168 3550 2246 3620 G,
2291 3551 2356 3604 in
2394 3548 2464 3616 G,
2510 3552 2668 3603 com·‘

345 3641 605 3694 mutandi
643 3682 656 3694 .
692 3639 783 3694 De
836 3642 935 3695 hoc
996 3643 1162 3697 uerbo
1225 3643 1395 3711 paulo
1459 3648 1586 3697 ante
1642 3641 1915 3711 copiosius
1968 3641 2205 3695 disserui
2241 3657 2255 3689 z
2294 3640 2452 3706 infra
2502 3639 2647 3706 item,

347 3727 443 3784 Ad
484 3730 820 3800 yenendum,
891 3732 1178 3787 emendaui
1206 3753 1219 3785 =
1247 3732 1346 3785 ubi
1417 3732 1595 3785 eodem
1661 3735 1827 3800 pacto
1900 3736 2065 3785 antea
2118 3735 2400 3798 peccatum
2462 3729 2648 3795 suerat

358 3852 636 3910 Victorius
748 3862 779 3909 6
828 3856 1088 3925 physicos
1127 3855 1242 3909 PA
1277 3854 1527 3925 phisicos
1565 3856 1622 3909 Β
1658 3853 1920 3925 physicus
1957 3872 1990 3909 v
2099 3854 2148 3908 si
2184 3855 2355 3925 aqua]
2395 3828 2554 3923 siqua.
2589 3855 2647 3909 Β

352 3950 383 3999 9
423 3945 495 3998 ad
545 3945 858 3999 cenendum
896 3947 1197 4015 propterea,
1240 3962 1416 4013 usque
1455 3944 1596 4000 adeo
1647 3944 1829 4000 PAB
1867 3945 1937 3999 ad
1976 3943 2266 3998 oriendum
2306 3944 2435 3998 suni:
2469 3961 2646 4013 usque

350 4036 490 4090 adeo
522 4052 555 4090 v
694 4035 1017 4105 propterea]
1057 4036 1290 4102 fortasse
1328 4033 1611 4104 principia
1721 4038 1785 4088 11
1814 4036 2086 4103 tanquam
2127 4033 2307 4088 VAB
2408 4038 2473 4086 13
2512 4051 2647 4087 num

348 4125 532 4194 prima
569 4141 718 4192 quae
757 4121 878 4177 sine
908 4123 1023 4178 PB
1059 4143 1193 4178 num
1230 4124 1410 4193 prima
1447 4124 1565 4177 sine
1602 4123 1659 4178 A
1693 4140 1806 4178 non
1842 4124 2027 4194 prima
2064 4122 2182 4178 sine
2210 4140 2263 4177 m
2293 4123 2436 4176 unde
2462 4122 2648 4191 prima,

348 4229 494 4280 quae
534 4213 654 4267 sine
692 4230 726 4267 v
854 4213 1012 4283 num]
1058 4230 1193 4266 nam
1236 4210 1506 4267 Gesnerus
1630 4216 1697 4265 14
1736 4213 2001 4284 collecta]
2041 4212 2257 4266 colectu
2294 4210 2351 4265 A
2466 4228 2646 4280 neque

349 4302 674 4371 priusquam
717 4301 769 4355 V
801 4317 982 4369 neque
1018 4300 1290 4371 priusqua.
1319 4303 1376 4356 A
1411 4318 1592 4370 neque
1630 4300 1785 4371 prius
1823 4300 1864 4355 s'
1903 4317 2086 4368 quam,
2124 4302 2217 4355 sed
2254 4300 2297 4355 s'
2335 4302 2564 4355 deletum
2592 4301 2649 4355 B

496 4396 562 4444 15
601 4391 736 4445 sunt
782 4392 1010 4443 exsucta.
1045 4391 1102 4445 A
1220 4389 1451 4445 adiuxta
1494 4408 1632 4446 corr.
1673 4389 1923 4443 admixta
1959 4387 2015 4442 A
2133 4395 2198 4442 16
2238 4390 2351 4443 sint
2375 4389 2648 4458 postremo

320 4464 467 4533 ‘loco
501 4480 933 4550 superscriptum
977 4480 1040 4533 in
1075 4480 1131 4533 Β
1243 4485 1306 4534 17
1346 4481 1652 4534 commutet
1699 4479 1876 4534 VAB
1988 4483 2052 4533 18
2091 4495 2192 4532 nas
2225 4482 2234 4548 1
2267 4478 2345 4533 sci
2373 4478 2427 4531 A
2463 4476 2645 4533 nasci-

354 4572 448 4638 {mr
480 4571 532 4625 Β

2113 4658 2220 4710 12*
