3178 5185
588 356 719 451 312
1572 388 1945 444 VARRONIS

588 575 873 636 asparago
923 555 1122 616 cibum
1169 564 1414 635 carpant
1461 555 1670 636 solum,
1718 575 1791 616 ex
1839 555 1966 616 olea
2009 555 2220 616 arbore
2261 576 2475 637 ceram,
2524 576 2556 617 e
2597 559 2710 618 fico
2755 557 2897 633 mel,

489 665 569 723 25
595 664 698 725 sed
743 683 862 724 non
901 662 1139 723 bonum.
1205 662 1422 742 duplex
1459 665 1857 724 ministerium
1895 662 2188 745 praeberi,
2235 674 2302 725 ut
2339 685 2379 752 e·
2410 664 2558 746 faba,
2606 666 2898 745 apiastro,

587 770 926 851 cucurbita,
973 771 1235 831 brassica
1283 789 1481 831 ceram
1527 779 1586 831 et
1635 771 1860 832 cibum:
1908 791 2018 832 nec
2065 789 2182 832 non
2223 771 2392 831 aliter
2430 771 2674 853 duplex,
2726 773 2896 851 quod

586 880 652 938 fit.
708 872 938 940 e'malo
986 888 1046 940 et
1092 881 1240 957 piris
1289 877 1662 939 silvestribus
1709 879 1878 939 cibus
1928 887 1986 939 et
2033 878 2175 940 mel:
2236 881 2379 939 item
2425 878 2596 939 aliter
2643 879 2896 961 duplex,

586 987 744 1065 quod
801 1006 833 1046 e
888 1005 1178 1066 papavere
1237 1005 1372 1047 cera
1430 995 1489 1046 et
1544 987 1677 1046 mel.
1737 987 1951 1065 triplex
2001 989 2397 1047 ministerium
2448 1006 2684 1066 quoque
2738 988 2896 1069 fieri,
2950 1010 2974 1051 5

587 1101 653 1153 ut
701 1113 771 1153 ex
821 1113 972 1155 nuce
1021 1113 1230 1174 graeca
1279 1102 1336 1154 et
1386 1114 1417 1154 e
1462 1094 1703 1173 lapsano
1743 1093 1958 1174 cibum,
2005 1093 2140 1175 mel,
2188 1113 2400 1155 ceram.
2459 1096 2601 1155 item
2642 1113 2716 1154 ex
2761 1095 2897 1155 aliis

587 1200 835 1261 floribus
875 1204 955 1261 ita
994 1220 1257 1282 carpere,
1307 1210 1371 1262 ut
1409 1200 1518 1261 alia
1558 1201 1628 1261 ad
1670 1200 1931 1280 singulas
1971 1218 2068 1261 res
2108 1208 2360 1281 sumant,
2400 1201 2508 1261 alia
2549 1202 2617 1262 ad
2660 1202 2896 1284 plureS,

489 1310 569 1366 26
596 1327 703 1368 nec
771 1328 887 1369 non
955 1313 1131 1370 etiam
1199 1309 1342 1370 aliut
1408 1310 1729 1370 discrimen
1786 1318 2113 1388 sequantur
2168 1312 2230 1370 in
2287 1317 2566 1388 carptura
2623 1318 2731 1371 aut
2792 1330 2895 1371 eas

588 1424 897 1497 sequatur,
955 1426 1020 1478 ut
1068 1420 1128 1478 in
1176 1418 1374 1497 melle,
1424 1417 1582 1496 quod
1631 1435 1701 1476 ex
1749 1416 1859 1476 alia
1907 1435 1971 1476 re
2021 1417 2238 1476 faciant
2284 1416 2573 1496 liquidum
2626 1418 2776 1499 mel,
2829 1429 2896 1479 ut

587 1541 619 1581 e
668 1524 889 1584 siserae
938 1525 1102 1607 flore,
1151 1545 1220 1586 ex
1269 1524 1378 1584 alia
1426 1531 1632 1584 contra
1682 1525 1958 1604 spissum,
2007 1531 2073 1584 ut
2120 1542 2151 1582 e
2198 1542 2334 1583 rore
2379 1526 2633 1606 marino;
2684 1527 2777 1586 sic
2819 1545 2892 1587 ex
2923 1551 2973 1589 10

587 1628 696 1689 alia
744 1650 827 1711 re,
877 1641 941 1693 ut
989 1654 1019 1694 e
1062 1637 1173 1695 fico
1213 1632 1328 1694 mel
1368 1635 1630 1711 insuave,
1678 1652 1711 1692 e
1749 1633 1934 1710 cytiso
1975 1631 2213 1713 bonum,
2260 1651 2291 1691 e
2333 1632 2531 1711 thymo
2572 1634 2893 1710 optimum.

487 1738 566 1794 27
593 1736 711 1797 cibi
766 1758 904 1818 pars
963 1742 1119 1821 quod
1175 1743 1337 1820 potio
1395 1748 1456 1800 et
1511 1758 1578 1798 ea
1635 1740 1708 1798 iis
1765 1757 1913 1817 aqua
1970 1737 2217 1818 liquida,
2275 1739 2430 1799 unde
2488 1738 2695 1800 bibant
2755 1759 2893 1801 esse

585 1855 846 1929 oportet,
912 1867 1158 1928 eamque
1217 1850 1638 1927 propinquam,
1700 1833 1848 1925 quae
1905 1845 2289 1924 praeterfluat
2343 1854 2444 1915 aut
2503 1848 2563 1906 in
2622 1847 2892 1926 aliquem

585 1952 779 2014 locum
827 1957 1052 2033 influat,
1100 1959 1180 2017 ita
1228 1965 1295 2015 ut
1343 1974 1416 2014 ne
1465 1954 1774 2014 altitudine
1824 1953 2105 2014 escendat
2152 1952 2269 2012 duo
2319 1963 2420 2013 aut
2469 1962 2590 2014 tres
2635 1954 2892 2032 digitos:

584 2063 645 2120 in
694 2081 808 2140 qua
856 2083 1005 2143 aqua
1054 2067 1284 2125 iaceant
1330 2069 1515 2123 testae
1566 2069 1668 2121 aut
1712 2059 1920 2140 lapilli,
1968 2063 2048 2120 ita
2097 2069 2163 2121 ut
2210 2068 2412 2120 extent
2456 2060 2734 2143 paulum,
2786 2063 2889 2124 ubi
2921 2086 2969 2125 15

586 2170 856 2231 adsidere
916 2182 974 2232 et
1031 2170 1235 2232 bibere
1293 2171 1540 2249 possint.
1634 2170 1695 2227 in
1753 2186 1868 2246 qua
1925 2166 2240 2245 diligenter
2297 2166 2565 2228 habenda
2623 2188 2772 2230 cura
2823 2181 2892 2231 ut

584 2297 735 2357 aqua
796 2280 873 2339 sit
928 2299 1102 2359 pura,
1161 2278 1318 2358 quod
1379 2277 1449 2337 ad
1507 2274 1871 2335 mellificium
1919 2273 2141 2334 bonum
2189 2274 2569 2334 vehementer
2617 2278 2889 2355 prodest.

485 2380 565 2436 28
592 2386 748 2466 quod
819 2405 938 2446 non
1003 2389 1194 2447 omnis
1251 2392 1572 2464 tempestas
1630 2383 1702 2443 ad
1760 2390 1991 2461 pastum
2050 2382 2289 2461 prodire
2345 2381 2581 2460 longius
2638 2386 2889 2462 patitur,

584 2494 1026 2574 praeparandus
1074 2493 1261 2573 cibus,
1308 2511 1382 2552 ne
1431 2502 1557 2552 tum
1606 2490 1778 2551 melle
1826 2489 2285 2566 cogantursolo
2327 2491 2521 2551 vivere
2562 2499 2666 2551 aut
2707 2492 2889 2552 relin-

587 2621 771 2680 quere
829 2605 1154 2664 exinanitas
1212 2603 1387 2662 alvos,
1480 2603 1663 2680 igitur
1719 2602 1966 2660 ficorum
2024 2600 2335 2677 pinguium
2383 2601 2627 2660 circiter
2676 2601 2887 2662 decem
2918 2623 2967 2661 20

692 2888 718 2934 1
753 2898 974 2936 caeram
1004 2899 1033 2935 e
1063 2883 1168 2936 fico
1200 2881 1311 2934 VB
1340 2896 1561 2935 caramo
1591 2880 1695 2942 fico
1725 2895 1861 2933 corr.
1893 2895 2078 2932 ceram
2105 2879 2210 2931 fico
2230 2879 2286 2931 A
2316 2893 2504 2932 caram
2535 2895 2564 2944 e
2596 2880 2702 2934 fico
2722 2898 2777 2934 m

582 2978 613 3024 3
653 2970 872 3026 brasiea
909 2973 963 3025 A
1092 2988 1308 3025 caeram
1348 2973 1406 3025 et
1443 2969 1632 3024 eibum
1677 2969 1730 3022 V
1762 2985 1888 3023 cera
1926 2971 1984 3023 et
2020 2968 2207 3022 cibum
2245 2969 2301 3022 A
2338 2985 2467 3040 cera
2504 2972 2564 3023 et
2601 2968 2791 3023 cibum
2834 2971 2887 3022 Β

727 3060 914 3126 ‘Quod
961 3061 1026 3113 fit
1074 3077 1103 3115 e
1141 3061 1292 3115 malo
1331 3064 1388 3114 et
1424 3057 1577 3129 pyris
1618 3058 1982 3127 syluestribus
2022 3058 2225 3126 eibum,
2265 3058 2325 3111 ei:
2357 3056 2513 3112 mel.
2547 3059 2629 3112 In
2666 3061 2888 3114 excusis

581 3157 770 3218 antea,
829 3151 1044 3218 Geram,
1090 3157 1141 3205 et
1186 3152 1288 3205 mel
1325 3171 1341 3202 .·
1379 3150 1563 3204 cuncti
1608 3166 1779 3203 manu
1822 3149 2046 3216 scripti,
2104 3147 2325 3202 Circum
2371 3149 2429 3201 et
2475 3148 2616 3217 mel,
2661 3151 2884 3206 habent.

580 3242 796 3307 Cibum,
833 3242 1143 3296 coniectura
1179 3242 1374 3295 ductus
1403 3238 1710 3294 emendaui’
1769 3238 2042 3292 Victorius
2185 3243 2219 3291 4
2248 3238 2404 3291 cibus
2432 3238 2489 3291 et
2508 3237 2645 3308 mel]
2669 3238 2886 3292 circum

580 3333 640 3384 ei,
675 3330 788 3384 mel
816 3330 936 3384 AB
975 3347 1192 3385 caeram
1233 3332 1289 3384 et
1320 3328 1431 3381 mel
1472 3327 1525 3380 V
1665 3332 1696 3381 5
1735 3344 1897 3381 caera
1937 3327 1988 3379 V
2128 3333 2159 3381 6
2198 3328 2263 3380 ut
2300 3327 2358 3381 et
2392 3343 2532 3380 nuce
2561 3327 2616 3378 A
2766 3332 2829 3382 et
2856 3344 2887 3381 e

580 3421 813 3488 lapsano
836 3419 953 3474 AB
975 3421 1035 3474 ei.
1054 3436 1120 3472 ex
1140 3420 1373 3487 lapsano
1393 3418 1522 3471 Pet
1541 3434 1608 3471 ex
1629 3417 1864 3486 lapsana
1882 3434 1913 3471 υ
2007 3432 2227 3470 caeram
2260 3416 2313 3469 V
2399 3422 2427 3471 7
2450 3432 2678 3485 carpere
2700 3417 2888 3470 PAR

582 3525 782 3577 capere
820 3525 852 3562 v
973 3510 1036 3562 ut
1074 3507 1188 3561 alia
1232 3507 1285 3560 V
1315 3508 1379 3560 ut
1426 3507 1565 3572 alias
1614 3507 1667 3560 A
1705 3508 1769 3559 ut
1805 3505 1948 3561 alias
1984 3507 2040 3559 Β
2078 3508 2141 3560 ut
2177 3503 2318 3559 allia
2351 3522 2404 3559 m
2513 3512 2544 3559 8
2585 3504 2731 3559 aliut
2769 3506 2887 3559 dis-

582 3597 791 3651 crimen
827 3597 883 3651 A
921 3597 1074 3651 aliud
1114 3596 1411 3650 discrimen
1457 3595 1568 3649 VB
1680 3602 1710 3649 9
1750 3594 1964 3649 faciant
2005 3595 2119 3648 PB
2157 3595 2361 3649 fatiant
2395 3596 2448 3648 A
2486 3595 2704 3649 faciunt
2741 3612 2774 3649 v

580 3690 645 3741 ut
682 3705 711 3741 e
752 3687 955 3741 siserae
994 3687 1128 3740 flore
1166 3687 1222 3739 P
1254 3687 1316 3738 ut
1355 3684 1557 3739 esisere
1597 3686 1730 3739 flore
1762 3685 1818 3737 Β
1853 3685 1919 3737 ui:
1955 3701 2170 3739 escsere
2208 3684 2340 3739 flore
2370 3685 2426 3739 A
2463 3686 2527 3738 ut
2566 3700 2632 3737 ex
2671 3683 2886 3739 siserae

578 3777 713 3830 flore
751 3794 782 3830 v
897 3782 962 3830 10
1001 3793 1067 3829 ex
1105 3775 1218 3829 alia
1256 3774 1451 3828 contra
1488 3773 1541 3828 A
1579 3777 1638 3828 et
1679 3774 1792 3827 alia
1828 3777 2021 3828 contra
2068 3774 2174 3827 VB
2214 3791 2281 3827 ex
2317 3772 2452 3827 allia
2491 3774 2686 3827 contra
2721 3791 2777 3827 m

577 3865 791 3935 pissum
828 3866 883 3918 A
923 3883 1058 3919 corr.
1099 3863 1342 3934 spissum
1380 3863 1460 3918 Α2
1598 3871 1627 3917 e
1665 3864 1815 3934 rore]
1856 3880 2037 3929 errore
2075 3864 2128 3916 A
2169 3879 2352 3918 errore
2389 3880 2443 3916 m
2581 3869 2644 3916 11
2685 3880 2716 3917 e
2755 3870 2887 3918 ante

581 3938 756 4024 cytiso
786 3971 885 4009 om.
920 3956 1114 4021 VAB,
1145 3957 1272 4009 add.
1304 3955 1593 4009 Iucundus
1739 3970 1768 4007 e
1797 3952 1991 4021 thymo
2015 3953 2070 4006 P
2093 3971 2122 4006 e
2151 3952 2328 4007 thimo
2350 3953 2406 4006 Β
2427 3954 2485 4007 eb
2504 3969 2532 4005 e
2554 3952 2737 4006 thimo
2757 3954 2885 4007 Am

580 4047 638 4098 et
673 4044 866 4113 thymo
904 4062 935 4097 v
1049 4049 1115 4096 14
1152 4044 1349 4097 influat
1384 4043 1467 4096 ita.
1503 4045 1566 4096 ut
1602 4059 1673 4096 ne
1710 4042 1828 4095 AB
1866 4040 2066 4095 influat
2103 4044 2165 4096 nt
2201 4058 2269 4095 ne
2300 4043 2356 4095 P
2386 4041 2584 4096 influat
2619 4042 2705 4095 ita
2740 4061 2813 4097 ne
2851 4060 2882 4096 v

723 4134 986 4188 escendat
1014 4134 1195 4187 PAB
1231 4134 1500 4188 ascendat
1525 4150 1573 4187 v.
1636 4132 1840 4187 ‘Antea
1877 4132 1940 4185 in
1976 4133 2205 4197 escensis,
2243 4130 2575 4198 Descendat,
2615 4133 2880 4187 mendose.

581 4224 623 4276 I
622 4225 725 4277 nde
772 4229 942 4278 natus
987 4240 1138 4277 error
1174 4225 1422 4290 uidetur,
1470 4224 1615 4291 quod
1660 4223 1722 4275 in
1766 4239 1938 4276 manu
1982 4223 2204 4291 scriptis
2240 4220 2544 4275 Escendat'
2604 4220 2885 4276 Victorius

687 4314 797 4367 duo
832 4313 887 4365 P
921 4313 1059 4367 duos
1088 4312 1248 4367 ABv
1362 4317 1426 4366 15
1456 4312 1514 4365 in
1543 4328 1693 4380 aqua
1719 4329 1869 4380 aqua
1897 4328 2034 4368 corr.
2064 4311 2123 4365 in
2153 4329 2262 4380 qua
2290 4328 2439 4379 aqua
2465 4312 2521 4366 A
2637 4317 2701 4366 16
2733 4310 2883 4365 adsi-

580 4438 711 4490 dere
733 4436 850 4491 AB
881 4437 1122 4493 assidere
1153 4437 1203 4490 V
1348 4443 1410 4492 17
1450 4435 1789 4490 mellifitium
1810 4437 1866 4491 A
2015 4443 2077 4491 19
2108 4437 2553 4507 praeparandum
2583 4412 2882 4509 (ffeparan-

584 4525 716 4579 dum
768 4528 840 4595 A)
893 4526 980 4581 his
1040 4525 1196 4582 cibus
1254 4526 1432 4582 PAB
1488 4526 1907 4595 praeparandus
1961 4525 2049 4581 his
2108 4526 2263 4581 cibus
2319 4544 2350 4581 v
2495 4526 2770 4597 reliquere
2827 4528 2882 4582 A
