3178 5185
531 397 661 462 298
1516 396 1892 452 VARRONIS

531 584 630 626 eas
690 564 1054 626 .vestibulum
1122 582 1325 625 earum
1394 572 1786 643 exaequatum
1843 566 2095 625 tectorio
2156 583 2335 644 opere
2393 574 2668 627 testaceo.
2776 568 2848 626 in

531 691 602 733 eo
669 680 956 752 perpetua
1013 670 1260 752 canaliS,
1326 674 1385 731 in
1444 690 1621 750 quam
1679 680 1739 732 et
1795 672 1966 733 cibus
2023 673 2265 751 ponitur
2323 673 2410 749 [in
2467 672 2567 750 iIs]
2629 681 2690 733 et
2744 675 2848 733 in-

480 781 796 842 3mittitur
843 798 1009 858 aqua.
1082 780 1168 840 sic
1216 781 1374 839 enim
1422 778 1621 840 cibum
1671 780 1929 858 capiunt.
2023 798 2228 840 omnes
2276 782 2534 858 parietes
2581 783 2847 841 tectorio

531 887 894 967 levigantur,
959 905 1034 947 ne
1102 885 1281 946 faeles
1347 885 1528 946 aliave
1598 904 1747 964 quae
1814 886 2002 947 bestia
2062 888 2309 947 introire
2367 888 2438 948 ad
2484 888 2847 968 ,nocendum

531 996 748 1075 possit,
815 994 995 1073 idque
1063 1002 1331 1073 saeptum
1397 1002 1587 1054 totum
1647 1001 1774 1054 rete
1840 993 2164 1071 grandibus
2221 994 2469 1055 maculis
2523 996 2843 1077 integitur,

532 1119 606 1161 ne
665 1119 736 1161 eo
792 1100 1054 1161 involare
1113 1099 1306 1178 aquila
1364 1101 1553 1177 possit
1613 1118 1759 1160 neve
1820 1097 1942 1177 [ea]
2001 1099 2233 1159 evolare
2289 1118 2448 1160 anas,
2548 1100 2848 1178 pabulum

531 1210 606 1268 iis
654 1208 828 1269 datur
875 1208 1168 1287 triticum,
1225 1206 1543 1287 hordeum,
1592 1208 1846 1287 vinacei,
1893 1224 2069 1287 uvae,
2116 1224 2236 1266 non
2284 1225 2606 1285 numquam
2653 1209 2847 1268 etiam

533 1335 603 1375 ex
665 1335 815 1396 aqua
874 1316 1154 1375 cammari
1211 1321 1271 1373 et
1328 1314 1617 1393 quaedam
1675 1315 1804 1373 eius
1861 1313 2018 1373 modi
2067 1313 2359 1392 aquatilia.
2455 1334 2604 1394 quae
2652 1317 2716 1375 in
2766 1334 2846 1376 eo

532 1433 734 1502 saepto
795 1430 973 1483 erunt
1028 1423 1319 1502 piscinae,
1375 1423 1435 1481 iu
1495 1439 1595 1481 eas
1651 1436 1864 1500 aquam
1921 1418 2081 1499 large
2137 1420 2388 1481 influere
2447 1430 2709 1505 oportet,
2770 1432 2847 1484 ut

533 1547 769 1607 semper
817 1545 1028 1587 recens
1078 1529 1169 1587 sit.

478 1642 517 1697 4
720 1635 872 1696 Sunt
908 1636 1050 1694 item
1089 1653 1207 1695 non
1247 1633 1552 1695 dissimilia
1591 1633 1701 1694 alia
1740 1652 1975 1716 genera,
2021 1643 2089 1695 ut
2126 1636 2587 1716 querquedulae,
2636 1636 2841 1715 phala-

533 1744 709 1823 rideS,
759 1744 844 1802 sic
892 1742 1183 1822 perdices,
1232 1760 1402 1822 quae,
1449 1750 1516 1802 ut
1563 1740 1888 1802 Archelaus
1937 1741 2163 1822 scribit,
2213 1761 2355 1803 voce
2405 1746 2585 1804 maris
2632 1723 2852 1832 audiga‘

532 1851 893 1928 concipiunt.
961 1867 1128 1929 quae,
1169 1857 1235 1910 ut
1274 1851 1635 1929 superioreS,
1674 1867 1867 1927 neque
1905 1857 2152 1928 propter
2182 1850 2603 1911 fecunditatem
2635 1870 2840 1930 neque

531 1964 778 2036 propter
826 1958 1174 2017 suavitatem
1214 1958 1560 2034 saginantur
1599 1966 1659 2016 et
1696 1957 1781 2015 sic
1820 1956 2117 2034 pascendo
2157 1957 2307 2016 fiunt
2343 1958 2611 2035 pingues
2672 1959 2838 2036 quod

2907 1008 2934 1047 5

2874 1540 2932 1580 10

530 2065 601 2124 ad
642 2064 1031 2124 villaticarum
1070 2064 1410 2141 pastionum
1448 2062 1709 2140 primum
1747 2069 1945 2121 actum
1975 2064 2276 2141 pertinere
2307 2081 2439 2122 sum
2469 2071 2651 2144 ratuS,
2689 2065 2838 2125 dixi.
2873 2074 2924 2115 15

415 2172 520 2232 ΧΠ
720 2170 949 2231 Interea
994 2171 1148 2231 redit
1187 2170 1429 2249 AppiuS,
1477 2178 1536 2230 et
1573 2171 1904 2247 percontati
1944 2187 2051 2229 nos
2090 2168 2162 2229 ab
2201 2168 2299 2229 illo
2340 2178 2399 2230 et
2434 2170 2532 2230 ille
2571 2190 2602 2231 a
2642 2171 2840 2253 nobiS,

530 2281 672 2360 quid
732 2289 892 2341 esset
948 2280 1173 2340 dictum
1232 2298 1298 2338 ac
1357 2279 1594 2338 factum.
1697 2279 1949 2358 AppiuS,
2017 2278 2329 2359 Sequitur,
2384 2279 2604 2359 inquit,
2661 2288 2840 2339 actus

531 2388 782 2449 secundi
837 2388 1102 2466 generiS,
1160 2385 1490 2445 adficticius
1546 2386 1618 2445 ad
1666 2385 1863 2445 villam
1911 2387 2013 2464 qui
2063 2385 2212 2445 solet
2259 2403 2418 2467 esse,
2476 2403 2543 2445 ac
2593 2388 2837 2446 nomine

432 2566 438 2573 .
530 2498 726 2555 antico
775 2514 808 2556 a
855 2501 1022 2574 parte
1073 2493 1325 2572 quadam
1372 2492 1734 2571 leporarium
1784 2492 2161 2571 appellatum,
2226 2511 2362 2553 nam
2404 2510 2597 2571 neque
2638 2492 2837 2553 solum

532 2603 768 2681 lepores
834 2605 894 2662 in
962 2620 1031 2662 eo
1097 2600 1485 2662 includuntur
1552 2600 1723 2682 silva,
1790 2609 1857 2661 ut
1924 2600 2065 2660 olim
2122 2603 2183 2661 in
2240 2602 2445 2679 iugero
2503 2599 2673 2680 agelli
2728 2609 2920 2662 autso

531 2709 782 2789 duobuS,
831 2709 934 2769 sed
985 2710 1162 2769 etiam
1210 2709 1372 2769 cervi
1410 2716 1512 2768 aut
1550 2726 1798 2787 capreae
1838 2709 1899 2767 in
1939 2707 2246 2785 iugeribus
2287 2708 2505 2769 multis,
2572 2707 2837 2778 Quintus

672 2968 741 3016 20
778 2962 837 3015 in
875 2961 1069 3031 iugero
1109 2960 1282 3031 agelli
1313 2961 1523 3016 Charis.
1555 2978 1617 3029 p.
1658 2965 1784 3026 134,
1821 2966 1860 3014 8
2004 2967 2069 3014 21
2112 2958 2350 3025 Quintus
2379 2959 2610 3016 Fulvius
2637 2960 2834 3030 Lippi-

528 3069 633 3104 nus
671 3052 823 3105 Ptin.
865 3056 929 3117 9,
967 3055 1076 3105 173
2237 3054 2242 3060 ’

673 3297 700 3345 1
741 3292 990 3346 testaceo
1028 3308 1061 3345 v
1108 3292 1315 3345 testato
1358 3289 1541 3344 PAB
1685 3295 1717 3342 2
1757 3287 1816 3343 in
1852 3288 1922 3343 iis
1959 3290 2144 3343 PAB
2177 3290 2237 3341 in
2275 3288 2363 3343 his
2401 3308 2449 3357 v,
2488 3308 2586 3346 om.
2620 3291 2834 3346 Iucun-

527 3382 633 3435 dus
812 3379 1119 3434 inmittitur
1165 3380 1219 3432 A
1265 3378 1591 3434 immittitur
1651 3378 1760 3431 VB
1941 3384 1975 3432 4
2019 3378 2319 3448 leugantur
2360 3380 2414 3434 A
2595 3379 2732 3452 feles
2779 3379 2838 3432 P

526 3468 702 3523 faeles
738 3468 795 3522 Β
839 3468 977 3523 feles
1016 3469 1112 3523 Av
1292 3472 1324 3520 5
1371 3469 1593 3537 septum
1643 3463 1693 3520 V
1867 3469 2049 3522 totum
2086 3485 2186 3523 om.
2228 3469 2280 3522 A
2463 3475 2494 3522 6
2543 3468 2733 3537 aquila
2785 3470 2840 3522 V

530 3556 783 3626 aliquam
823 3574 959 3612 corr.
1000 3557 1192 3625 aquila
1226 3556 1283 3610 A
1320 3554 1559 3624 aliquila
1585 3556 1641 3608 Β
1750 3573 1891 3610 neue
1929 3572 1998 3610 ea
2026 3556 2208 3610 PAB
2245 3573 2386 3611 neue
2425 3575 2492 3611 ex
2528 3574 2596 3612 ea
2620 3575 2652 3611 v
2795 3565 2828 3612 7

527 3646 597 3701 iis
645 3648 812 3700 datur
854 3646 1034 3700 PAR
1082 3646 1170 3699 his
1206 3646 1374 3700 datur
1408 3662 1440 3700 v
1585 3661 1982 3713 nonnunquam
2030 3645 2140 3699 VB
2177 3664 2556 3715 nouumquam
2592 3648 2646 3702 A
2682 3663 2825 3703 corr.

524 3742 901 3805 nonumquam
941 3734 1020 3789 A²
1192 3741 1225 3789 8
1264 3733 1541 3802 gammari
1578 3732 1759 3786 PAB
1796 3733 2012 3802 gamar-i
2049 3751 2079 3787 v
2251 3736 2503 3803 aquatila
2539 3737 2592 3789 A
2754 3753 2828 3791 eo

525 3827 719 3894 saepto
756 3826 812 3879 B
850 3840 915 3879 eo
954 3823 1115 3893 septo
1152 3822 1206 3876 A
1245 3823 1441 3876 eodem
1478 3824 1638 3891 septo
1688 3822 1741 3876 V

672 3919 735 3967 11
783 3913 1105 3984 phalarides
1146 3912 1330 3966 PAB
1372 3910 1692 3980 phalerides
1728 3928 1760 3965 v
1911 3917 1974 3964 12
2024 3929 2131 3980 que
2181 3914 2244 3966 ut
2288 3929 2395 3981 que
2437 3913 2726 3969 archelaus
2767 3916 2826 3968 A

674 4009 736 4057 13
776 4001 1215 4057 foecunditatem
1264 4001 1316 4054 V

673 4099 738 4146 16
784 4091 1027 4161 Interea]
1065 4091 1148 4145 De
1195 4089 1480 4160 leporibus
1527 4090 1592 4144 in
1635 4091 1882 4159 maryine
1917 4092 2143 4145 rubrica
2180 4091 2234 4144 A
2413 4092 2728 4160 percontati
2766 4094 2828 4146 Β

524 4182 871 4252 perconctati
922 4182 976 4234 P
1018 4180 1368 4250 percunctati
1413 4181 1508 4234 Av
1694 4186 1758 4233 17
1806 4180 1976 4249 esset]
2014 4185 2085 4236 ’ὦ
2134 4181 2189 4232 A
2235 4182 2319 4235 eet
2363 4198 2417 4234 m
2594 4196 2658 4234 ac
2702 4181 2824 4235 fac-

524 4273 646 4325 tum
694 4271 809 4325 VB
846 4288 880 4325 a
915 4270 1125 4325 factum
1166 4270 1221 4323 A
1259 4286 1395 4323 corr.
1435 4285 1500 4322 ac
1537 4268 1749 4322 factum
1781 4269 1860 4321 Α2
1897 4271 1996 4324 aut
2042 4269 2255 4324 factum
2291 4287 2345 4324 m
2488 4268 2671 4337 inquit
2709 4270 2828 4323 VB

523 4360 719 4428 inquid
756 4359 812 4413 A
960 4365 1024 4414 18
1063 4358 1374 4412 adfieticius
1413 4358 1525 4411 PA
1564 4356 1859 4412 afflet-,icius
1887 4357 1942 4410 Β
1980 4358 2266 4413 affictitius
2303 4376 2335 4413 v
2449 4365 2511 4412 19
2549 4356 2736 4412 antico
2765 4360 2826 4412 A

525 4447 759 4516 antiquo
823 4449 936 4503 VB
1116 4449 1273 4520 nam]
1332 4464 1443 4501 nan
1493 4449 1548 4500 A
1732 4453 1799 4500 20
1854 4446 2073 4517 lepores
2129 4449 2189 4502 in
2243 4465 2308 4503 eo
2354 4448 2473 4502 Am
2527 4449 2828 4504 Iucundum

523 4539 744 4608 lepores
783 4554 850 4592 eo
899 4539 1012 4592 VB
1060 4538 1335 4592 Victorius
1477 4536 1533 4590 in
1572 4535 1792 4608 iugero]
1830 4535 2061 4591 inuuero
2100 4539 2155 4592 A
