3178 5185
618 381 747 446 114
1298 388 1677 446 COMMENT.
1714 391 1797 444 IN
1833 390 2208 446 VARRONIS

617 547 867 619 eliqitur
925 546 1012 604 ad
1064 546 1378 605 edendum.
1456 554 1653 606 vetere
1712 547 2043 625 scripturae
2102 547 2270 627 vitio,
2328 553 2394 606 ut
2450 545 2708 628 videtur,
2763 548 2889 607 dili-

613 654 812 726 qentis
861 658 918 711 et
965 651 1117 730 apud
1166 650 1489 713 Varronem
1537 660 1598 713 et
1644 652 1796 732 apud
1846 652 2103 713 Nonium
2151 655 2211 713 in
2260 651 2563 713 codicibus
2611 654 2888 731 scriptum

617 759 746 818 fuit.
822 776 957 818 nam
1005 758 1354 819 vindemiam
1404 759 1704 839 diligentis
1753 778 1869 820 non
1919 759 2117 820 addito
2166 758 2534 820 substantivo
2587 761 2819 819 nomine
2863 777 2892 817 a

617 863 878 925 Varrone
926 865 1149 927 dictum
1199 885 1330 927 esse
1379 885 1587 945 parum
1638 866 1920 927 credibile
1970 874 2077 927 est.
2162 867 2451 927 vindemia
2502 865 2751 945 diligens
2794 873 2893 946 est,

614 973 676 1032 in
724 991 838 1052 qua
887 974 1081 1034 omnia
1131 992 1308 1053 opera
1358 973 1672 1052 diligenter
1720 975 1894 1054 fiunt,
1953 976 2068 1034 nisi
2123 976 2320 1053 potius
2365 973 2478 1033 hoc
2524 973 2721 1051 ipsum
2768 974 2892 1032 dili-

609 1087 829 1155 aenter
876 1079 1257 1141 scribendum
1304 1090 1446 1142 erat.

790 1186 1042 1265 ltaque
1098 1186 1364 1248 lectius
1420 1187 1750 1248 defertur
1805 1189 1875 1248 in
1938 1190 2164 1248 forum
2220 1185 2648 1265 uiniarium]
2716 1187 2895 1247 Lecta

621 1292 1075 1376 SchoettgenuS,
1104 1298 1262 1355 lecta
1292 1297 1474 1355 citius
1502 1293 1742 1374 Popma.
1818 1298 2124 1357 vinarium
2151 1293 2393 1355 Merula.
2461 1292 2672 1368 forum
2710 1302 2894 1354 autem

612 1400 706 1461 vel
773 1400 953 1476 forus
1009 1395 1172 1483 (nam
1248 1410 1449 1462 utrum
1511 1400 1903 1462 masculinum
1971 1420 2043 1461 an
2118 1409 2397 1463 neutrum
2463 1419 2655 1480 genus
2722 1399 2896 1461 Varro

610 1506 977 1590 probaverit,
1041 1525 1158 1568 non
1234 1504 1491 1590 constat)
1557 1515 1650 1569 est
1715 1517 2030 1588 apparatus
2094 1511 2154 1569 in
2221 1507 2574 1590 torculario,
2650 1510 2713 1569 in
2788 1526 2896 1587 quo

617 1632 784 1695 uvae,
828 1621 1141 1695 postquam
1189 1614 1373 1676 lectae
1423 1624 1579 1697 sunt,
1628 1604 2007 1698 collocantur,
2055 1627 2122 1676 ut
2167 1617 2591 1694 exprimantur.
2670 1616 2797 1676 fora
2841 1617 2895 1674 in

616 1723 690 1781 iis
728 1739 878 1800 quae
916 1724 977 1782 in
1016 1722 1308 1783 vindemia
1346 1722 1606 1802 paranda
1636 1731 1776 1784 sunt
1805 1721 2127 1783 Columella
2155 1732 2574 1783 commemorat
2619 1721 2702 1782 XI
2730 1720 2790 1800 2,
2819 1719 2892 1784 71

616 1832 958 1891 torcularia
1006 1847 1149 1891 vero
1196 1839 1256 1892 et
1293 1830 1441 1906 fora
1489 1833 1813 1905 diligenter
1851 1832 2180 1891 emundata
2218 1834 2460 1905 lotaque
2496 1837 2557 1889 et
2583 1828 2696 1889 XII
2732 1825 2828 1911 18,
2855 1825 2891 1888 3

612 1940 787 1997 lacus
833 1939 1064 1997 vinarii
1107 1943 1165 1998 et
1210 1939 1538 1997 torcularii
1580 1944 1640 1997 et
1679 1936 1826 2012 fora
1872 1939 2191 2012 omniaque
2249 1954 2422 2010 vasa,
2479 1937 2625 1996 item
2676 1938 2737 1996 in
2782 1944 2893 1996 tor-

615 2043 837 2104 culario
886 2042 1106 2103 oleario
1154 2041 1296 2103 Cato
1347 2040 1448 2124 18,
1478 2039 1518 2103 3
1569 2050 1630 2103 et
1675 2041 1903 2103 Plinius
1950 2042 2051 2101 XV
2091 2040 2193 2105 23.

790 2149 864 2210 In
921 2149 1180 2211 ollulas
1237 2147 1575 2227 addatur]
1625 2151 1907 2211 Abdatur
1953 2149 2222 2210 Ursinus,
2316 2152 2590 2211 addatur
2639 2148 2896 2210 defendit

615 2257 920 2318 Gesnerus
966 2256 1096 2318 coll.
1134 2255 1213 2316 111
1254 2253 1356 2337 15,
1387 2256 1428 2317 2
1476 2260 1538 2318 in
1584 2260 1699 2318 hoc
1747 2260 1969 2318 dolium
2017 2260 2255 2318 addunt
2293 2260 2597 2332 ylandem.

791 2364 941 2424 Alia
994 2382 1170 2444 quae
1218 2366 1287 2424 in
1348 2382 1464 2424 ara
1522 2365 1592 2424 in
1651 2366 2053 2424 carnarium
2111 2361 2487 2441 escendat]
2547 2365 2691 2426 Alia
2746 2383 2895 2440 quae

614 2476 677 2533 in
725 2489 902 2532 aram
948 2479 1017 2532 ut
1062 2474 1125 2532 in
1173 2467 1533 2532 carnarium
1581 2474 1878 2533 ascendat
1922 2470 2243 2551 Iucundus,
2291 2474 2418 2531 alia
2456 2488 2616 2546 quae
2665 2475 2727 2532 in
2764 2474 2892 2532 hor-

612 2598 783 2641 reum
839 2586 948 2640 aut
1004 2581 1365 2641 carnarium
1423 2581 1757 2642 descendat
1812 2576 2065 2639 Ursinus
2122 2577 2251 2639 coll.
2298 2576 2522 2639 Colum.
2564 2576 2675 2639 XII
2710 2575 2823 2661 44,
2852 2575 2892 2638 4

612 2690 724 2748 alii
765 2704 903 2747 cum
950 2689 1229 2761 lecerunt
1273 2704 1467 2761 uvam,
1513 2689 1691 2761 siqua
1736 2693 1876 2746 sunt
1922 2688 1986 2746 in
2024 2704 2098 2747 ea
2147 2688 2361 2746 vitiosa
2394 2703 2621 2762 yrana,
2665 2686 2891 2761 forfici-

617 2796 727 2854 bus
773 2799 1090 2869 amputant
1134 2799 1317 2868 atque
1364 2795 1450 2853 ita
1503 2795 1570 2853 in
1616 2794 1839 2853 horreo
1893 2795 2289 2869 suspendunt,
2339 2795 2399 2852 in
2454 2811 2573 2868 quo
2631 2796 2892 2855 triticum

605 2903 866 2976 positum
924 2907 1027 2961 est.
1120 2902 1246 2960 alia
1312 2917 1470 2975 quae
1527 2902 1589 2960 in
1657 2917 1868 2960 aream
1929 2907 1998 2960 ut
2051 2901 2113 2960 in
2179 2902 2542 2961 carnarium
2605 2904 2893 2963 ascendat

613 3006 831 3087 Popma
888 3015 948 3068 et
1004 3005 1323 3066 GesnerUS.
1398 3008 1459 3066 in
1518 3008 1649 3067 uvis
1705 3006 2009 3067 servandis
2065 3007 2256 3065 variae
2321 3006 2564 3068 fuerunt
2619 3010 2891 3089 rationeS,

614 3133 760 3193 quas
807 3113 948 3173 Cato
998 3131 1047 3173 c.
1089 3110 1124 3173 7
1175 3121 1236 3174 et
1284 3111 1606 3174 Columella
1654 3111 1760 3174 XII
1795 3110 1885 3174 44
1931 3112 2396 3193 descripserunt.
2470 3132 2541 3173 ex
2580 3113 2677 3175 his
2716 3113 2888 3176 Varro

613 3240 773 3281 nunc
821 3218 1176 3299 praescribit
1222 3220 1393 3301 hane,
1442 3229 1508 3281 ut
1556 3238 1702 3280 uvae.
1762 3222 1824 3280 in
1873 3221 2142 3280 carnario
2199 3221 2259 3280 in
2316 3218 2593 3281 tabulatis
2652 3240 2888 3300 suspen-

612 3328 847 3409 dantur,
886 3325 988 3387 nbi
1026 3328 1291 3388 siccitate
1329 3327 1441 3387 loci
1482 3335 1541 3387 et
1582 3328 1746 3387 fumo
1785 3333 2233 3387 conserventur.
2307 3327 2494 3388 simile
2536 3336 2630 3389 est
2660 3328 2887 3390 Catonis

610 3440 994 3514 praeceptum
1046 3431 1102 3515 7,
1132 3431 1175 3495 2
1223 3437 1308 3495 ad
1345 3430 1597 3509 fabrum
1637 3432 1984 3510 ferrarium
2022 3451 2141 3511 pro
2181 3437 2381 3510 passis
2419 3453 2531 3496 eae
2568 3444 2734 3499 recte
2768 3454 2884 3498 ser-

610 3548 852 3602 vantur.
928 3539 1032 3601 sed
1082 3540 1153 3601 de
1202 3560 1300 3601 ara
1348 3559 1466 3601 non
1514 3543 1644 3602 sine
1692 3559 1866 3602 causa
1923 3542 2283 3618 interpretes
2328 3540 2776 3624 dubitaverunt,
2833 3550 2887 3601 et

610 3667 814 3710 verum
873 3666 1005 3708 esse
1052 3656 1196 3725 puto
1255 3651 1317 3708 in
1365 3665 1603 3722 aream,
1661 3649 1762 3726 qui
1821 3657 1912 3707 est
1967 3646 2131 3707 locus
2189 3648 2251 3706 in
2297 3649 2565 3708 carnario
2622 3650 2695 3710 ad
2752 3666 2884 3710 uvas

610 3753 983 3835 accipiendas
1030 3755 1238 3837 factuS,
1295 3758 1421 3815 alia
1466 3773 1627 3830 quae
1674 3758 1735 3815 in
1782 3772 1994 3815 aream
2056 3757 2118 3814 in
2174 3757 2533 3815 carnarium
2591 3758 2884 3818 escendat.

789 3860 1214 3922 Subiciendi
1261 3861 1388 3922 sub
1425 3860 1740 3942 plerum]
1792 3863 2038 3922 Prelum
2078 3879 2134 3920 m
2174 3869 2233 3921 et
2270 3859 2651 3924 Florentinus
2690 3864 2883 3924 codex.

609 3969 822 4032 deinde
869 3971 978 4030 sub
1018 3973 1236 4046 praelo
1274 3973 1477 4045 fluere
1523 3969 1637 4030 fuit
1676 3970 1736 4029 in
1776 3968 2114 4050 archetypo,
2163 3966 2264 4029 ubi
2308 3970 2419 4029 sub
2457 3974 2637 4047 plera
2674 3969 2882 4032 habent

606 4076 939 4159 apographa
986 4079 1336 4139 recentiora.

789 4181 830 4244 3
896 4182 980 4243 Et
1044 4201 1301 4243 rursus
1366 4202 1518 4243 cum
1586 4201 2004 4263 expressum
2063 4184 2704 4246 circumcisicitum
2772 4202 2878 4263 ap-

606 4288 916 4371 pellant]
973 4291 1478 4353 Circumcisitium
1526 4290 1815 4374 Scaliger,
1873 4299 1939 4352 ut
1985 4291 2041 4351 id
2091 4309 2278 4370 genus
2326 4293 2446 4351 vini
2493 4302 2676 4374 esset,
2731 4289 2874 4370 quod

608 4397 750 4459 Cato
798 4395 902 4478 23,
930 4394 974 4457 4
1012 4402 1294 4459 tortivum
1330 4407 1587 4460 mustum
1626 4401 2188 4460 circumcidaneum
2225 4397 2496 4477 appellat.
2571 4399 2644 4459 de
2681 4398 2873 4459 eodem

607 4522 824 4583 genere
882 4502 1027 4565 dicit
1082 4504 1401 4565 Columella
1449 4504 1556 4566 XII
1594 4503 1680 4568 36
1735 4512 1991 4567 mustum
2047 4509 2328 4567 tortivum
2394 4513 2482 4567 est
2545 4508 2709 4581 quod
2748 4510 2875 4582 post
