3178 5185
543 398 573 458 1
592 401 669 460 16
1525 398 1898 454 VARRONIS

721 566 914 626 medio
999 568 1050 625 si
1136 565 1378 626 robusta
1463 568 1709 626 materia
1795 569 1872 627 sit
1945 567 2217 648 depacta,
2294 587 2409 627 uon
2485 570 2648 627 nasci
2715 587 2840 627 ser-

719 682 958 753 pentem

545 780 840 850 Quattuor
899 798 1030 840 esse
1088 798 1304 859 genera
1375 782 1697 861 seminum,
1754 788 1813 840 et
1861 800 2009 859 quae
2060 801 2175 860 quo
2226 790 2490 861 tempore
2537 781 2665 842 loco
2716 781 2838 859 [ut]

721 885 973 946 debeant
1021 890 1141 947 seri

546 993 707 1063 Quae
747 995 866 1054 sint
904 1013 1121 1072 genera
1161 996 1473 1077 seminum,
1512 1003 1571 1054 ct
1612 1014 1787 1074 quem
1828 996 1898 1055 ad
1939 996 2178 1056 modum
2216 998 2530 1075 propagari
2570 995 2844 1076 debeant,
2914 1013 2944 1051 5

725 1108 785 1160 et
833 1101 1051 1180 quibus
1101 1101 1468 1180 temporibus
1516 1121 1753 1180 quoque
1802 1102 1931 1163 loco
1980 1104 2248 1181 ponenda
2298 1106 2416 1163 siut

546 1206 628 1265 De
697 1207 1068 1285 temporibus
1134 1209 1684 1270 transferendorum
1743 1210 2147 1290 surculorum,
2213 1218 2272 1270 et
2328 1229 2476 1289 quae
2534 1212 2653 1270 sint
2708 1218 2847 1287 post

728 1316 1016 1376 sationem
1065 1316 1427 1379 observanda

552 1420 630 1479 De
679 1420 887 1491 melica

548 1528 631 1586 De
680 1530 866 1606 cytiso
2885 1550 2946 1585 1o

551 1636 810 1706 Quoteni
855 1637 1039 1696 modii
1087 1643 1365 1697 serantur
1411 1639 1470 1698 in
1521 1640 1731 1716 iugero
1779 1638 1976 1718 fabae,
2024 1640 2237 1718 tritici,
2284 1638 2516 1717 hordei,
2565 1638 2739 1696 farris

553 1742 687 1801 Sata
737 1751 915 1822 quota
965 1762 1234 1823 quaeque
1284 1743 1378 1803 die
1426 1745 1715 1822 prodeant
1763 1745 1835 1806 de
1884 1753 2042 1804 terra

552 1850 639 1909 Ex
689 1848 907 1928 quihus
954 1850 1111 1910 foliis
1159 1852 1437 1930 cognosci
1483 1853 1715 1930 possint
1762 1853 1900 1911 anni
1950 1859 2212 1930 tempora

553 1957 741 2027 Quem
789 1957 862 2017 ad
909 1956 1148 2032 modum
1197 1966 1320 2018 sata
1369 1960 1489 2018 sint
1536 1959 1754 2019 tuenda

554 2066 717 2135 Quae
763 2066 826 2124 in
875 2066 1037 2143 spica
1086 2066 1204 2125 sint
1249 2065 1531 2126 vocabula
1581 2075 1641 2125 et
1688 2083 1899 2127 causae
1948 2082 2152 2124 eorum
2885 2082 2945 2119 15

553 2171 635 2230 De
685 2170 979 2232 fructibus
1026 2173 1275 2231 maturis
1322 2172 1626 2250 capiendis
1718 2209 1729 2222 ·

555 2278 636 2339 De
684 2280 988 2339 faenisicio
1036 2287 1099 2338 et
1144 2279 1458 2339 sicilitione
1505 2286 1812 2358 pratorum

553 2385 637 2445 De
703 2403 895 2445 messe
963 2393 1023 2445 et
1082 2404 1259 2446 causa
1315 2386 1493 2446 huius
1549 2384 1847 2464 vocabuli,
1913 2404 2096 2464 quare
2157 2388 2370 2445 messis
2425 2385 2711 2464 appellata
2771 2387 2851 2445 sit

735 2510 989 2570 quareve
1036 2491 1235 2571 paleae
1282 2491 1605 2571 appellatae
1654 2494 1775 2552 sint

556 2596 781 2660 Aream
830 2599 1062 2678 qualem
1111 2618 1241 2660 esse
1290 2607 1560 2679 oporteat
1977 2633 1978 2636 =
2881 2620 2944 2656 20

556 2707 622 2766 In
670 2724 874 2766 semen
924 2725 1098 2785 quem
1147 2707 1217 2766 ad
1266 2707 1508 2767 modum
1555 2709 1749 2786 spicas
1798 2711 2030 2768 secerni
2077 2716 2347 2787 oporteat

558 2813 796 2874 Tritura
846 2832 1021 2891 quem
1070 2812 1140 2873 ad
1190 2814 1430 2874 modum
1477 2815 1611 2874 fieri
1656 2823 1926 2893 oporteat

560 2920 641 2980 De
689 2919 905 2999 stipula

558 3027 640 3087 De
690 3028 978 3087 vindemia
1027 3027 1290 3087 facienda

558 3133 640 3193 De
691 3133 816 3193 olea
865 3134 1106 3211 legenda
2881 3152 2944 3191 25

703 3401 734 3446 3
794 3394 1073 3459 Quattuor
1120 3411 1240 3449 esse
1286 3410 1494 3464 genera
1541 3396 1815 3449 seminum
1856 3397 1864 3464 Ι
1907 3397 1984 3450 Vt
2029 3411 2174 3464 quae
2224 3412 2334 3462 quo
2378 3397 2631 3463 tempore
2665 3395 2672 3460 Ι
2706 3393 2853 3448 Loco

560 3485 623 3537 ut
660 3484 903 3537 debeant
931 3484 1040 3537 seri
1066 3485 1121 3538 A
1268 3489 1299 3535 5
1340 3484 1494 3549 Quae
1525 3483 1573 3537 si
1601 3501 1809 3554 genera
1837 3485 1891 3538 A
2038 3492 2066 3539 7
2108 3501 2253 3551 quae
2281 3482 2393 3537 sint
2418 3486 2549 3553 post
2578 3482 2854 3537 sationem

561 3572 914 3626 obseruanda
962 3573 1014 3627 V
1046 3590 1187 3642 quae
1225 3574 1441 3642 possint
1475 3576 1604 3642 post
1641 3574 1917 3628 sationem
1956 3572 2307 3628 obseruanda
2334 3573 2456 3628 AB
2602 3577 2665 3624 11
2707 3570 2857 3636 Quot

561 3660 711 3715 enim
775 3661 948 3715 modii
1014 3664 1270 3717 serantur
1322 3663 1381 3716 in
1433 3662 1628 3733 iugero
1669 3665 1678 3731 Ι
1718 3661 1906 3717 Fabae
1948 3666 1955 3731 Ι
1998 3661 2195 3715 Tritici
2236 3665 2244 3730 Ι
2285 3662 2495 3716 Hordei
2526 3663 2535 3731 Ι
2565 3661 2753 3715 Farris
2798 3661 2854 3713 A

705 3752 945 3816 Quoteni
999 3751 1175 3805 modii
1229 3752 1483 3806 serantur
1541 3752 1598 3804 P
1651 3752 1800 3817 Quot
1853 3751 2002 3806 enim
2056 3750 2238 3804 modis
2296 3752 2550 3806 serantur
2604 3752 2660 3805 Β
2708 3749 2857 3814 Quot

561 3841 734 3894 modii
764 3843 1021 3895 seruntur
1039 3857 1072 3894 v
1183 3846 1249 3893 13
1287 3841 1551 3908 cognosci
1577 3840 1796 3909 possint
1827 3841 1836 3912 Ι
1867 3839 2016 3894 Anni
2034 3842 2291 3908 tempora
2310 3839 2777 3909 quemadmodum
2798 3839 2855 3892 A

705 3935 773 3982 14
811 3929 924 3983 sint
958 3928 1170 3982 tuenda
1197 3929 1316 3983 AB
1355 3929 1630 3985 Victorius
1667 3932 1797 3984 sunt
1831 3930 2041 3984 tuenda
2080 3929 2132 3983 V
2274 3934 2339 3982 15
2377 3929 2553 4000 spica]
2595 3928 2771 3998 spicia
2799 3931 2852 3980 A

707 4024 773 4072 17
821 4015 1071 4072 fenisitio
1126 4016 1182 4070 A
1236 4018 1526 4073 foenisicio
1588 4019 1702 4072 VB
1849 4024 1914 4072 18
1973 4016 2222 4086 apellata
2277 4018 2352 4072 sit
2399 4020 2587 4087 priore
2642 4019 2754 4073 loco
2800 4018 2856 4071 A

706 4113 773 4161 19
812 4108 1075 4179 quareve]
1115 4113 1180 4177 qr
1218 4109 1274 4161 A
1418 4107 1707 4177 appellata
1743 4107 1855 4160 sint
1885 4108 2181 4175 posteriore
2217 4108 2331 4162 loco
2367 4108 2423 4161 Β
2565 4114 2629 4161 21
2672 4105 2856 4176 spicas

567 4198 782 4253 secerni
844 4198 1145 4266 oporteat!
1179 4196 1406 4252 Tritura
1469 4196 1939 4265 quemadmodum
1997 4195 2120 4251 fieri
2176 4198 2437 4266 oporteat
2468 4200 2474 4264 Ι
2506 4196 2589 4250 De
2645 4194 2859 4264 stipula

577 4288 853 4342 Victorius
889 4293 938 4340 et
984 4288 1051 4341 de
1097 4287 1307 4356 stipula
1344 4303 1466 4343 cum
1505 4287 1694 4356 priore
1738 4286 1900 4340 titulo
1945 4287 2295 4341 coniunctum
2333 4287 2386 4339 A
2425 4285 2607 4354 spicas
2645 4285 2859 4339 secerni
2889 4311 2912 4326 ·-

566 4376 825 4443 oporteat
861 4376 1332 4442 quemadmodum
1379 4376 1500 4430 fieri
1543 4375 1800 4444 oporteat
1835 4374 2037 4428 tritura
2068 4378 2075 4443 Ι
2109 4376 2190 4429 De
2230 4375 2440 4445 stipula
2481 4377 2535 4429 P
2567 4375 2629 4445 in
2675 4375 2859 4445 spicas

567 4463 779 4518 secerni
833 4469 1093 4533 oporteat
1146 4467 1351 4520 tritura
1405 4463 1873 4533 quemadmodum
1930 4464 2052 4519 fieri
2108 4466 2367 4534 oporteat
2412 4465 2492 4520 De
2547 4464 2757 4534 stipula
2801 4466 2857 4519 Β

565 4552 749 4621 spicas
777 4555 988 4609 secerni
1017 4557 1278 4625 oporteat
1296 4557 1354 4610 et
1373 4556 1442 4609 de
1460 4552 1665 4607 tritura
1696 4556 1704 4622 1
1739 4554 1820 4608 De
1842 4552 2051 4623 stipula
2069 4572 2100 4608 v
2210 4560 2278 4608 25
2309 4554 2391 4609 De
2413 4554 2537 4610 oleo
2553 4554 2855 4624 legendaA
