3178 5185
946 427 1206 481 RERVM
1241 425 1720 482 RVSTICARVM
1757 427 1892 481 LIB.
1928 427 1982 481 II
2021 426 2058 482 8
2476 418 2596 483 197

501 580 833 642 Tricenis
897 583 976 643 ad
1035 581 1585 661 quadringentis
1644 580 1934 642 milibus
2000 581 2412 642 admissarii
2476 581 2602 642 ali-

323 689 509 766 quod
572 688 998 765 uenierunt]
1065 689 1336 750 Tricenis
1392 707 1469 750 ac
1523 692 1988 764 quadrinqentis
2046 687 2296 768 Merula,
2353 691 2605 750 tricenis

321 815 397 858 ac
444 799 849 872 quadriqenis
885 795 1206 876 IucunduS,
1256 797 1519 856 trecenis
1566 813 1644 857 ac
1681 797 2079 871 quadriqenis
2125 794 2397 876 UrsinuS,
2444 795 2601 875 quod

320 903 627 964 Gesnerus
675 912 734 964 et
773 902 1174 964 Schneiderus
1222 911 1598 981 receperunt.
1673 902 1744 962 de
1791 903 1983 981 pretio
2028 903 2327 962 asinorum
2365 911 2604 982 praeter

317 1011 478 1070 hunc
530 1009 726 1070 locum
775 1013 1013 1089 scripsit
1059 1010 1240 1070 Varro
1280 1009 1333 1069 lI
1374 1007 1429 1090 1,
1464 1006 1547 1071 14
1602 1012 1717 1071 hoc
1771 1013 2009 1071 nomine
2063 1012 2217 1070 enim
2275 1012 2439 1070 asini
2489 1011 2602 1069 Ar·

317 1119 532 1177 cadici
576 1119 639 1176 in
674 1118 940 1178 Graecia
986 1119 1303 1191 nobilitati,
1351 1120 1414 1177 in
1461 1118 1648 1178 Italia
1695 1117 1971 1198 Reatini,
2008 1135 2197 1192 usque
2243 1135 2312 1178 eo
2358 1124 2428 1177 ut
2469 1131 2603 1177 mea

317 1226 612 1285 memoria
678 1226 886 1284 asinus
949 1227 1206 1285 venierit
1266 1226 1558 1284 sestertiis
1622 1226 1859 1285 milibus
1934 1227 2259 1299 sexaqinta
2323 1231 2383 1284 et
2443 1241 2604 1285 unae

316 1332 669 1405 quadrigae
714 1328 946 1390 Romae
1001 1332 1383 1391 constiterint
1435 1332 1899 1405 quadrinqentis
1954 1333 2192 1391 milibus
2239 1340 2298 1392 et
2343 1328 2423 1389 111
2461 1327 2529 1408 2,
2562 1327 2598 1391 7

317 1440 560 1497 asinum
608 1443 798 1511 tuum,
852 1454 1025 1510 quem
1071 1439 1221 1497 mihi
1245 1439 1684 1512 .quadraqinta
1730 1440 1970 1498 milibus
2024 1445 2286 1514 emptum
2331 1440 2601 1499 ostende·

316 1545 440 1605 bas,
520 1562 592 1602 ex
640 1542 857 1622 quibus
904 1563 971 1604 ea
1019 1562 1169 1623 quae
1217 1547 1278 1604 in
1324 1546 1503 1604 tertio
1550 1542 1702 1604 libro
1751 1545 1970 1623 scripta
2031 1553 2169 1605 sunt
2226 1552 2448 1604 mutato
2495 1562 2600 1604 nu-

312 1669 479 1710 mero
512 1649 738 1711 Plinius
776 1648 903 1710 VIII
943 1646 1065 1711 167
1118 1652 1422 1732 repetivit,
1470 1654 1708 1711 asinum
1761 1643 1967 1713 0000
2008 1653 2247 1713 milibus
2302 1667 2603 1711 nummum

314 1766 576 1835 emptum
634 1760 697 1831 Q.
745 1760 905 1819 Axio
951 1760 1226 1819 senatori
1269 1764 1489 1818 auctor
1543 1765 1633 1818 est
1693 1758 1907 1832 Varro,
1959 1760 2132 1819 haud
2183 1760 2310 1819 scio
2357 1777 2439 1819 an
2485 1776 2603 1819 om-

314 1869 483 1926 nium
515 1867 718 1941 pretio
758 1867 1112 1925 animalium
1146 1866 1320 1925 victo.
1394 1882 1711 1924 numerum
1752 1883 1782 1924 a
1813 1864 2002 1925 Plinio
2040 1864 2322 1925 traditum
2352 1864 2603 1926 Ursinus

318 1980 439 2032 not.
487 1973 547 2032 in
598 1971 762 2032 Varr.
804 1970 856 2031 II
901 1969 955 2052 1,
997 1968 1081 2032 14
1128 1970 1320 2032 tribus
1367 1970 1513 2031 locis
1561 1971 1714 2049 apud
1755 1971 2079 2032 Varronem
2120 1980 2342 2032 temere
2380 1980 2602 2033 mutata

317 2098 497 2139 manu
546 2081 907 2158 scriptorum
955 2076 1242 2139 librorum
1273 2080 1568 2198 scriptusa
1608 2080 1844 2139 restitui
1873 2078 2072 2139 voluit.
2150 2098 2281 2139 nam
2319 2079 2370 2139 Il
2413 2077 2477 2155 1,
2520 2077 2602 2141 14

314 2185 701 2247 scribendum
767 2187 1102 2246 coniecerat
1166 2188 1374 2247 asinus
1436 2187 1695 2246 venierit
1765 2189 2057 2247 sestertiis
2129 2188 2389 2247 millibus
2453 2205 2596 2261 qua-

316 2296 660 2368 drinqentis
706 2300 767 2354 et
809 2310 971 2354 unae
1017 2295 1361 2368 quadrigae
1407 2291 1639 2353 Romae
1686 2296 2068 2354 constiterint
2102 2294 2243 2353 XII
2274 2294 2382 2353 HS
2423 2301 2483 2353 et
2519 2292 2598 2352 Ill

313 2397 373 2482 2,
408 2397 444 2461 7
495 2402 959 2476 quadrinqentis
1004 2401 1263 2460 millibus
1307 2406 1581 2477 emptum.
1658 2398 1761 2459 sed
1799 2398 2026 2460 Plinius
2071 2418 2280 2479 parum
2324 2410 2599 2462 accurate

314 2507 554 2568 videtur
603 2506 922 2582 rettulisse,
971 2525 1121 2586 quae
1170 2505 1323 2585 apud
1363 2499 1687 2566 Varronem
1736 2508 1954 2586 scripta
2001 2509 2322 2569 invenerat.
2415 2526 2599 2586 quare

315 2616 430 2675 hoc
476 2614 606 2675 loco
645 2614 781 2676 dedi
828 2614 985 2694 quod
1033 2616 1094 2674 in
1143 2613 1347 2675 codice
1396 2633 1451 2674 m
1500 2633 1570 2674 ex
1619 2622 1822 2675 vetere
1862 2615 2289 2697 emendatione,
2340 2625 2405 2676 ut
2445 2615 2598 2676 vide-

316 2733 443 2803 tur,
503 2724 791 2801 scriptum
848 2730 939 2782 est
993 2724 1244 2783 tricenis
1301 2739 1377 2783 ac
1433 2724 1884 2797 quaaraqemzae
1938 2724 1997 2781 in
2056 2721 2301 2801 reliquis
2366 2721 2599 2783 duobus

317 2829 464 2890 locis
513 2828 798 2890 lectiones
844 2827 1149 2907 archetypi
1197 2830 1433 2888 retinui.

493 2936 536 2997 4
599 2935 685 2997 Et
729 2935 796 2996 id
845 2946 1006 2996 ante
1054 2935 1522 2996 admissuram
1561 2945 1629 2996 et
1667 2936 1942 3014 largius
1983 2936 2287 2995 facimus
2326 2944 2401 2996 ut
2439 2934 2596 2995 cibo

317 3042 821 3105 suffundamus
877 3044 1074 3102 uires
1132 3042 1209 3102 ad
1278 3041 1622 3119 feturam]
1692 3044 1846 3103 Ante
1899 3044 2306 3128 admissuram
2361 3046 2598 3117 laryius

318 3150 473 3210 edita
520 3148 656 3209 inde
715 3167 746 3207 a
802 3150 1071 3228 principe
1130 3149 1387 3209 editione
1444 3148 1815 3228 exemplaria.
1891 3157 1951 3210 et
2005 3168 2075 3208 ex
2130 3147 2449 3228 archetypo
2505 3168 2593 3209 re·

319 3258 502 3338 stitui,
549 3255 605 3316 h.
646 3275 694 3316 e.
744 3257 918 3316 etiam
966 3255 1187 3334 largius
1236 3255 1501 3317 facimuS.
1573 3257 1997 3331 suffulciamus
2044 3257 2298 3315 coniecit
2337 3255 2597 3335 Georges

319 3364 445 3424 coll.
485 3361 787 3424 Columell.
829 3361 898 3421 Vl
938 3359 1041 3442 24,
1069 3358 1114 3422 4
1158 3380 1273 3423 nec
1312 3361 1502 3437 forda
1547 3365 1730 3423 simul
1762 3366 1963 3439 operis
2009 3370 2069 3423 et
2103 3366 2270 3423 uteri
2298 3370 2598 3438 qravetur

318 3490 515 3533 onere.
600 3487 759 3546 quae
813 3487 949 3531 cum
988 3477 1238 3546 partum
1292 3472 1507 3543 edidit,
1563 3472 1686 3530 nisi
1737 3472 1889 3531 cibis
1937 3468 2099 3544 fulta
2156 3477 2268 3543 est,
2324 3474 2596 3545 quamvis

318 3579 474 3639 bona
530 3579 747 3636 nutrix
802 3577 1010 3636 labore
1061 3574 1331 3650 fatiqata
1388 3582 1532 3635 nato
1584 3576 1895 3635 subtrahit
1948 3577 2321 3650 alimentum,
2390 3575 2594 3637 Senec.

320 3686 486 3763 epist.
526 3678 632 3764 95,
661 3679 746 3745 22
793 3686 930 3743 vino
970 3682 1201 3758 fulcire
1245 3700 1430 3742 venas
1476 3684 1778 3742 cadentes.

492 3789 751 3850 Eodem
801 3798 1120 3868 tempore
1176 3808 1311 3868 quo
1359 3806 1581 3868 equos
1640 3787 2083 3849 adducentes
2142 3787 2465 3867 idemque
2522 3800 2596 3849 ut

318 3901 507 3959 ineat
553 3915 776 3976 equas
823 3914 946 3976 per
985 3898 1225 3975 erigas
1263 3894 1634 3971 curamus]
1677 3896 1990 3970 Iidemque
2028 3903 2096 3955 ut
2133 3899 2342 3956 ineant
2378 3893 2590 3956 Iucun-

317 4006 452 4086 duS,
506 4006 687 4065 iidem
732 4011 801 4064 ut
854 4007 1072 4065 ineant,
1110 4002 1511 4064 Schneiderus
1567 4003 1840 4063 coniecit.
1927 4021 2043 4079 per
2093 4005 2420 4080 peroriqas
2469 4002 2589 4081 Syl·

318 4112 563 4191 burgius
618 4113 681 4170 in
736 4110 992 4171 editione
1047 4108 1504 4170 Commeliniana
1561 4128 1616 4188 p.
1658 4104 1803 4170 755.
1886 4110 1949 4168 in
2005 4107 2288 4187 singulari
2344 4126 2592 4169 numero

316 4228 449 4297 post
514 4217 801 4297 pluralem
856 4218 963 4278 hos
1011 4219 1321 4294 pascimus
1377 4224 1436 4276 et
1491 4233 1673 4291 equos
1729 4217 1922 4293 posito
1979 4214 2237 4275 editores
2292 4214 2590 4276 offendere

319 4345 431 4386 non
479 4323 791 4386 debebant.
864 4322 968 4383 sed
1013 4341 1340 4401 pronomen
1381 4324 1537 4383 idem
1575 4321 1647 4381 de
1686 4322 1847 4381 asino
1888 4319 2231 4380 admissario
2270 4339 2388 4380 non
2426 4332 2588 4382 recte

320 4432 550 4494 dicitur.
643 4448 750 4509 pro
806 4429 919 4490 hoc
977 4433 1115 4490 item
1170 4432 1399 4509 scripsi,
1456 4432 1714 4504 itemque
1757 4435 1828 4488 ut
1871 4430 2038 4488 ineat
2082 4445 2267 4502 equas
2304 4447 2422 4504 per
2472 4432 2590 4489 ori-

314 4557 426 4616 qas
480 4555 785 4601 curamus
869 4537 1076 4597 eodem
1124 4545 1410 4617 tempore,
1469 4553 1586 4614 quo
1646 4536 1784 4614 equi
1840 4533 2214 4595 adducuntur
2269 4533 2339 4594 ad
2393 4553 2590 4615 equaS,
