<?xml version="1.0" encoding="UTF-8"?>
<!DOCTYPE html PUBLIC "-//W3C//DTD XHTML 1.0 Transitional//EN"
    "http://www.w3.org/TR/xhtml1/DTD/xhtml1-transitional.dtd">
<html xmlns="http://www.w3.org/1999/xhtml" xml:lang="en" lang="en">
 <head>
  <title>
</title>
<meta http-equiv="Content-Type" content="text/html;charset=utf-8" />
  <meta name='ocr-system' content='tesseract 3.04.00' />
  <meta name='ocr-capabilities' content='ocr_page ocr_carea ocr_par ocr_line ocrx_word'/>
</head>
<body>
  <div class='ocr_page' id='page_1' title='image "./mporcicatonisde01catogoog_0016.png"; bbox 0 0 3178 5185; ppageno 0'>
   <div class='ocr_carea' id='block_1_1' title="bbox 500 400 1857 459">
    <p class='ocr_par' dir='ltr' id='par_1_1' title="bbox 500 400 1857 459">
     <span class='ocr_line' id='line_1_1' title="bbox 500 400 1857 459; baseline 0.001 -4"><span class='ocrx_word' id='word_1_1' title='bbox 500 401 605 455; x_wconf 89' lang='lat' dir='ltr'><strong>XII</strong></span> <span class='ocrx_word' id='word_1_2' title='bbox 1452 400 1857 459; x_wconf 83' lang='lat' dir='ltr'><strong>PRAEFATIO</strong></span> 
     </span>
    </p>
   </div>
   <div class='ocr_carea' id='block_1_2' title="bbox 443 571 2790 4617">
    <p class='ocr_par' dir='ltr' id='par_1_2' title="bbox 443 571 2790 1616">
     <span class='ocr_line' id='line_1_2' title="bbox 443 571 2788 649; baseline 0.001 -20"><span class='ocrx_word' id='word_1_3' title='bbox 443 588 447 593; x_wconf 82' lang='lat'><strong>·</strong></span> <span class='ocrx_word' id='word_1_4' title='bbox 503 588 707 648; x_wconf 89' lang='lat' dir='ltr'><strong>pressa</strong></span> <span class='ocrx_word' id='word_1_5' title='bbox 758 578 1038 630; x_wconf 90' lang='lat' dir='ltr'><strong>servaret.</strong></span> <span class='ocrx_word' id='word_1_6' title='bbox 1132 578 1309 649; x_wconf 89' lang='lat' dir='ltr'><strong>atque</strong></span> <span class='ocrx_word' id='word_1_7' title='bbox 1359 573 1532 630; x_wconf 89' lang='lat' dir='ltr'><strong>etiam</strong></span> <span class='ocrx_word' id='word_1_8' title='bbox 1584 590 1734 649; x_wconf 88' lang='lat' dir='ltr'><strong>quae</strong></span> <span class='ocrx_word' id='word_1_9' title='bbox 1790 574 1850 630; x_wconf 89' lang='lat' dir='ltr'><strong>in</strong></span> <span class='ocrx_word' id='word_1_10' title='bbox 1901 571 2219 649; x_wconf 80' lang='lat' dir='ltr'><strong>archetypo</strong></span> <span class='ocrx_word' id='word_1_11' title='bbox 2277 578 2542 630; x_wconf 87' lang='lat' dir='ltr'><strong>correcta</strong></span> <span class='ocrx_word' id='word_1_12' title='bbox 2591 571 2683 630; x_wconf 92' lang='lat' dir='ltr'><strong>vel</strong></span> <span class='ocrx_word' id='word_1_13' title='bbox 2729 574 2788 631; x_wconf 95' lang='lat' dir='ltr'><strong>in</strong></span> 
     </span>
     <span class='ocr_line' id='line_1_3' title="bbox 503 677 2790 757; baseline 0.001 -21"><span class='ocrx_word' id='word_1_14' title='bbox 503 677 867 757; x_wconf 80' lang='lat' dir='ltr'><strong>marginibus</strong></span> <span class='ocrx_word' id='word_1_15' title='bbox 925 678 1221 757; x_wconf 88' lang='lat' dir='ltr'><strong>adscripta</strong></span> <span class='ocrx_word' id='word_1_16' title='bbox 1280 688 1452 738; x_wconf 89' lang='lat' dir='ltr'><strong>erant</strong></span> <span class='ocrx_word' id='word_1_17' title='bbox 1501 696 1618 738; x_wconf 92' lang='lat' dir='ltr'><strong>non</strong></span> <span class='ocrx_word' id='word_1_18' title='bbox 1669 677 1845 738; x_wconf 92' lang='lat' dir='ltr'><strong>nullis</strong></span> <span class='ocrx_word' id='word_1_19' title='bbox 1894 678 2040 738; x_wconf 90' lang='lat' dir='ltr'><strong>locis</strong></span> <span class='ocrx_word' id='word_1_20' title='bbox 2086 686 2360 738; x_wconf 89' lang='lat' dir='ltr'><strong>accurate</strong></span> <span class='ocrx_word' id='word_1_21' title='bbox 2409 681 2659 757; x_wconf 88' lang='lat' dir='ltr'><strong>repetita</strong></span> <span class='ocrx_word' id='word_1_22' title='bbox 2707 681 2790 738; x_wconf 88' lang='lat' dir='ltr'><strong>in-</strong></span> 
     </span>
     <span class='ocr_line' id='line_1_4' title="bbox 500 776 2788 865; baseline 0.001 -21"><span class='ocrx_word' id='word_1_23' title='bbox 500 776 820 844; x_wconf 88' lang='lat' dir='ltr'><strong>veniuntur</strong></span> <span class='ocrx_word' id='word_1_24' title='bbox 883 787 943 844; x_wconf 91' lang='lat' dir='ltr'><strong>in</strong></span> <span class='ocrx_word' id='word_1_25' title='bbox 998 784 1286 844; x_wconf 81' lang='lat' dir='ltr'><strong>Parisino,</strong></span> <span class='ocrx_word' id='word_1_26' title='bbox 1389 804 1458 844; x_wconf 88' lang='lat' dir='ltr'><strong>ex</strong></span> <span class='ocrx_word' id='word_1_27' title='bbox 1525 804 1644 864; x_wconf 89' lang='lat' dir='ltr'><strong>quo</strong></span> <span class='ocrx_word' id='word_1_28' title='bbox 1710 804 1926 865; x_wconf 90' lang='lat' dir='ltr'><strong>genere</strong></span> <span class='ocrx_word' id='word_1_29' title='bbox 1995 793 2134 847; x_wconf 89' lang='lat' dir='ltr'><strong>sunt</strong></span> <span class='ocrx_word' id='word_1_30' title='bbox 2197 804 2266 845; x_wconf 92' lang='lat' dir='ltr'><strong>ea</strong></span> <span class='ocrx_word' id='word_1_31' title='bbox 2335 804 2484 865; x_wconf 90' lang='lat' dir='ltr'><strong>quae</strong></span> <span class='ocrx_word' id='word_1_32' title='bbox 2552 788 2611 844; x_wconf 89' lang='lat' dir='ltr'><strong>in</strong></span> <span class='ocrx_word' id='word_1_33' title='bbox 2668 786 2788 846; x_wconf 85' lang='lat' dir='ltr'><strong>Cat.</strong></span> 
     </span>
     <span class='ocr_line' id='line_1_5' title="bbox 502 888 2789 973; baseline -0 -21"><span class='ocrx_word' id='word_1_34' title='bbox 502 912 552 952; x_wconf 86' lang='lat' dir='ltr'><strong>e.</strong></span> <span class='ocrx_word' id='word_1_35' title='bbox 600 888 686 951; x_wconf 84' lang='lat'><strong>95</strong></span> <span class='ocrx_word' id='word_1_36' title='bbox 744 901 802 951; x_wconf 90' lang='lat' dir='ltr'><strong>et</strong></span> <span class='ocrx_word' id='word_1_37' title='bbox 854 888 979 951; x_wconf 82' lang='grc'><strong>112</strong></span> <span class='ocrx_word' id='word_1_38' title='bbox 1038 899 1096 951; x_wconf 91' lang='lat' dir='ltr'><strong>et</strong></span> <span class='ocrx_word' id='word_1_39' title='bbox 1153 894 1214 952; x_wconf 92' lang='lat' dir='ltr'><strong>in</strong></span> <span class='ocrx_word' id='word_1_40' title='bbox 1265 891 1426 953; x_wconf 88' lang='lat' dir='ltr'><strong>Varr.</strong></span> <span class='ocrx_word' id='word_1_41' title='bbox 1475 889 1505 952; x_wconf 93' lang='grc' dir='ltr'><strong>Ι</strong></span> <span class='ocrx_word' id='word_1_42' title='bbox 1553 891 1614 973; x_wconf 82' lang='grc'><strong>2,</strong></span> <span class='ocrx_word' id='word_1_43' title='bbox 1662 889 1704 953; x_wconf 83' lang='lat'>5</span> <span class='ocrx_word' id='word_1_44' title='bbox 1752 893 2038 954; x_wconf 83' lang='lat' dir='ltr'><strong>adnotavi.</strong></span> <span class='ocrx_word' id='word_1_45' title='bbox 2131 901 2435 972; x_wconf 90' lang='lat' dir='ltr'><strong>praeterea</strong></span> <span class='ocrx_word' id='word_1_46' title='bbox 2486 895 2544 952; x_wconf 92' lang='lat' dir='ltr'><strong>in</strong></span> <span class='ocrx_word' id='word_1_47' title='bbox 2593 893 2789 953; x_wconf 92' lang='lat' dir='ltr'><strong>ortho-</strong></span> 
     </span>
     <span class='ocr_line' id='line_1_6' title="bbox 504 998 2788 1079; baseline 0 -21"><span class='ocrx_word' id='word_1_48' title='bbox 504 999 745 1077; x_wconf 90' lang='lat' dir='ltr'><strong>graphia</strong></span> <span class='ocrx_word' id='word_1_49' title='bbox 827 998 1247 1060; x_wconf 90' lang='lat' dir='ltr'><strong>vocabulorum</strong></span> <span class='ocrx_word' id='word_1_50' title='bbox 1315 1001 1616 1079; x_wconf 89' lang='lat' dir='ltr'><strong>antiquam</strong></span> <span class='ocrx_word' id='word_1_51' title='bbox 1683 1002 1971 1061; x_wconf 88' lang='lat' dir='ltr'><strong>rationem</strong></span> <span class='ocrx_word' id='word_1_52' title='bbox 2037 999 2267 1061; x_wconf 86' lang='lat' dir='ltr'><strong>fidelius</strong></span> <span class='ocrx_word' id='word_1_53' title='bbox 2335 1018 2509 1078; x_wconf 88' lang='lat' dir='ltr'><strong>quam</strong></span> <span class='ocrx_word' id='word_1_54' title='bbox 2577 998 2788 1079; x_wconf 88' lang='lat' dir='ltr'><strong>reliqui</strong></span> 
     </span>
     <span class='ocr_line' id='line_1_7' title="bbox 498 1105 2788 1186; baseline 0 -21"><span class='ocrx_word' id='word_1_55' title='bbox 498 1108 767 1167; x_wconf 88' lang='lat' dir='ltr'><strong>servavit.</strong></span> <span class='ocrx_word' id='word_1_56' title='bbox 873 1115 1081 1166; x_wconf 87' lang='lat' dir='ltr'><strong>contra</strong></span> <span class='ocrx_word' id='word_1_57' title='bbox 1136 1105 1437 1167; x_wconf 91' lang='lat' dir='ltr'><strong>Mediceus</strong></span> <span class='ocrx_word' id='word_1_58' title='bbox 1505 1107 1693 1167; x_wconf 81' lang='lat' dir='ltr'><strong>codex</strong></span> <span class='ocrx_word' id='word_1_59' title='bbox 1756 1111 1915 1168; x_wconf 92' lang='lat' dir='ltr'><strong>omni</strong></span> <span class='ocrx_word' id='word_1_60' title='bbox 1972 1127 2190 1184; x_wconf 88' lang='lat' dir='ltr'><strong>genere</strong></span> <span class='ocrx_word' id='word_1_61' title='bbox 2248 1109 2527 1167; x_wconf 86' lang='lat' dir='ltr'><strong>vitiorum</strong></span> <span class='ocrx_word' id='word_1_62' title='bbox 2585 1107 2788 1186; x_wconf 90' lang='lat' dir='ltr'><strong>depra-</strong></span> 
     </span>
     <span class='ocr_line' id='line_1_8' title="bbox 496 1213 2790 1294; baseline 0.001 -23"><span class='ocrx_word' id='word_1_63' title='bbox 496 1221 664 1272; x_wconf 90' lang='lat' dir='ltr'><strong>vatus</strong></span> <span class='ocrx_word' id='word_1_64' title='bbox 723 1220 830 1272; x_wconf 87' lang='lat' dir='ltr'><strong>est.</strong></span> <span class='ocrx_word' id='word_1_65' title='bbox 924 1231 1056 1272; x_wconf 91' lang='lat' dir='ltr'><strong>nam</strong></span> <span class='ocrx_word' id='word_1_66' title='bbox 1117 1231 1233 1273; x_wconf 91' lang='lat' dir='ltr'><strong>non</strong></span> <span class='ocrx_word' id='word_1_67' title='bbox 1295 1213 1486 1274; x_wconf 88' lang='lat' dir='ltr'><strong>solum</strong></span> <span class='ocrx_word' id='word_1_68' title='bbox 1536 1214 1906 1293; x_wconf 82' lang='lat' dir='ltr'><strong>neglegentia</strong></span> <span class='ocrx_word' id='word_1_69' title='bbox 1954 1216 2083 1274; x_wconf 91' lang='lat' dir='ltr'><strong>eius</strong></span> <span class='ocrx_word' id='word_1_70' title='bbox 2132 1217 2234 1294; x_wconf 89' lang='lat' dir='ltr'><strong>qui</strong></span> <span class='ocrx_word' id='word_1_71' title='bbox 2281 1214 2790 1293; x_wconf 83' lang='lat' dir='ltr'><strong>librum‘scripsit</strong></span> 
     </span>
     <span class='ocr_line' id='line_1_9' title="bbox 494 1319 2789 1403; baseline 0 -24"><span class='ocrx_word' id='word_1_72' title='bbox 494 1319 747 1398; x_wconf 88' lang='lat' dir='ltr'><strong>plurima</strong></span> <span class='ocrx_word' id='word_1_73' title='bbox 795 1321 855 1379; x_wconf 92' lang='lat' dir='ltr'><strong>in</strong></span> <span class='ocrx_word' id='word_1_74' title='bbox 904 1338 975 1379; x_wconf 91' lang='lat' dir='ltr'><strong>eo</strong></span> <span class='ocrx_word' id='word_1_75' title='bbox 1023 1323 1283 1399; x_wconf 89' lang='lat' dir='ltr'><strong>graviter</strong></span> <span class='ocrx_word' id='word_1_76' title='bbox 1331 1330 1613 1401; x_wconf 89' lang='lat' dir='ltr'><strong>corrupta</strong></span> <span class='ocrx_word' id='word_1_77' title='bbox 1662 1329 1829 1403; x_wconf 84' lang='lat' dir='ltr'><strong>sunt,</strong></span> <span class='ocrx_word' id='word_1_78' title='bbox 1877 1321 1979 1381; x_wconf 89' lang='lat' dir='ltr'><strong>sed</strong></span> <span class='ocrx_word' id='word_1_79' title='bbox 2030 1324 2205 1381; x_wconf 88' lang='lat' dir='ltr'><strong>etiam</strong></span> <span class='ocrx_word' id='word_1_80' title='bbox 2254 1324 2564 1382; x_wconf 77' lang='lat' dir='ltr'><strong>manifesta</strong></span> <span class='ocrx_word' id='word_1_81' title='bbox 2611 1320 2789 1381; x_wconf 89' lang='lat' dir='ltr'><strong>babet</strong></span> 
     </span>
     <span class='ocr_line' id='line_1_10' title="bbox 495 1426 2788 1507; baseline 0 -21"><span class='ocrx_word' id='word_1_82' title='bbox 495 1426 970 1506; x_wconf 80' lang='lat' dir='ltr'><strong>interpolationis</strong></span> <span class='ocrx_word' id='word_1_83' title='bbox 1010 1427 1277 1506; x_wconf 89' lang='lat' dir='ltr'><strong>exempla</strong></span> <span class='ocrx_word' id='word_1_84' title='bbox 1318 1447 1387 1487; x_wconf 90' lang='lat' dir='ltr'><strong>ex</strong></span> <span class='ocrx_word' id='word_1_85' title='bbox 1428 1429 1764 1506; x_wconf 78' lang='lat' dir='ltr'><strong>antiquiore</strong></span> <span class='ocrx_word' id='word_1_86' title='bbox 1794 1427 1964 1502; x_wconf 87' lang='lat' dir='ltr'><strong>libre,</strong></span> <span class='ocrx_word' id='word_1_87' title='bbox 2003 1436 2314 1507; x_wconf 88' lang='lat' dir='ltr'><strong>postquam</strong></span> <span class='ocrx_word' id='word_1_88' title='bbox 2349 1430 2400 1487; x_wconf 90' lang='lat' dir='ltr'><strong>is</strong></span> <span class='ocrx_word' id='word_1_89' title='bbox 2430 1429 2788 1488; x_wconf 87' lang='lat' dir='ltr'><strong>correctoris</strong></span> 
     </span>
     <span class='ocr_line' id='line_1_11' title="bbox 495 1534 1594 1616; baseline 0 -22"><span class='ocrx_word' id='word_1_90' title='bbox 495 1534 756 1595; x_wconf 89' lang='lat' dir='ltr'><strong>studium</strong></span> <span class='ocrx_word' id='word_1_91' title='bbox 805 1542 1086 1614; x_wconf 89' lang='lat' dir='ltr'><strong>expertus</strong></span> <span class='ocrx_word' id='word_1_92' title='bbox 1136 1545 1289 1616; x_wconf 82' lang='lat' dir='ltr'><strong>erat,</strong></span> <span class='ocrx_word' id='word_1_93' title='bbox 1336 1543 1594 1614; x_wconf 90' lang='lat' dir='ltr'><strong>recepta.</strong></span> 
     </span>
    </p>

    <p class='ocr_par' dir='ltr' id='par_1_3' title="bbox 487 1641 2789 2580">
     <span class='ocr_line' id='line_1_12' title="bbox 673 1641 2789 1721; baseline 0 -21"><span class='ocrx_word' id='word_1_94' title='bbox 673 1641 953 1701; x_wconf 88' lang='lat' dir='ltr'><strong>Eiusdem</strong></span> <span class='ocrx_word' id='word_1_95' title='bbox 1011 1644 1247 1720; x_wconf 91' lang='lat' dir='ltr'><strong>generis</strong></span> <span class='ocrx_word' id='word_1_96' title='bbox 1305 1643 1567 1703; x_wconf 87' lang='lat' dir='ltr'><strong>codicem</strong></span> <span class='ocrx_word' id='word_1_97' title='bbox 1618 1642 1728 1703; x_wconf 89' lang='lat' dir='ltr'><strong>sub</strong></span> <span class='ocrx_word' id='word_1_98' title='bbox 1781 1644 2015 1704; x_wconf 89' lang='lat' dir='ltr'><strong>initium</strong></span> <span class='ocrx_word' id='word_1_99' title='bbox 2065 1645 2260 1721; x_wconf 90' lang='lat' dir='ltr'><strong>quarti</strong></span> <span class='ocrx_word' id='word_1_100' title='bbox 2308 1642 2522 1702; x_wconf 87' lang='lat' dir='ltr'><strong>decimi</strong></span> <span class='ocrx_word' id='word_1_101' title='bbox 2571 1642 2789 1702; x_wconf 90' lang='lat' dir='ltr'><strong>saeculi</strong></span> 
     </span>
     <span class='ocr_line' id='line_1_13' title="bbox 492 1747 2786 1810; baseline 0.001 -4"><span class='ocrx_word' id='word_1_102' title='bbox 492 1748 698 1807; x_wconf 89' lang='lat' dir='ltr'><strong>habuit</strong></span> <span class='ocrx_word' id='word_1_103' title='bbox 762 1747 976 1808; x_wconf 88' lang='lat' dir='ltr'><strong>Petrus</strong></span> <span class='ocrx_word' id='word_1_104' title='bbox 1044 1747 1425 1810; x_wconf 87' lang='lat' dir='ltr'><strong>Crescentius</strong></span> <span class='ocrx_word' id='word_1_105' title='bbox 1492 1749 1905 1810; x_wconf 69' lang='lat' dir='ltr'><strong>Bononiensis</strong></span> <span class='ocrx_word' id='word_1_106' title='bbox 2006 1751 2055 1809; x_wconf 90' lang='lat' dir='ltr'><strong>is</strong></span> <span class='ocrx_word' id='word_1_107' title='bbox 2123 1752 2278 1809; x_wconf 89' lang='lat' dir='ltr'><strong>enim</strong></span> <span class='ocrx_word' id='word_1_108' title='bbox 2345 1753 2405 1809; x_wconf 92' lang='lat' dir='ltr'><strong>in</strong></span> <span class='ocrx_word' id='word_1_109' title='bbox 2474 1749 2786 1810; x_wconf 87' lang='lat' dir='ltr'><strong>duodecim</strong></span> 
     </span>
     <span class='ocr_line' id='line_1_14' title="bbox 491 1854 2787 1938; baseline 0.001 -24"><span class='ocrx_word' id='word_1_110' title='bbox 491 1854 658 1914; x_wconf 91' lang='lat' dir='ltr'><strong>libris</strong></span> <span class='ocrx_word' id='word_1_111' title='bbox 706 1854 777 1914; x_wconf 94' lang='lat' dir='ltr'><strong>de</strong></span> <span class='ocrx_word' id='word_1_112' title='bbox 826 1855 1214 1934; x_wconf 82' lang='lat' dir='ltr'><strong>agricultura,</strong></span> <span class='ocrx_word' id='word_1_113' title='bbox 1272 1859 1371 1934; x_wconf 88' lang='lat' dir='ltr'><strong>qui</strong></span> <span class='ocrx_word' id='word_1_114' title='bbox 1419 1859 1629 1935; x_wconf 90' lang='lat' dir='ltr'><strong>primis</strong></span> <span class='ocrx_word' id='word_1_115' title='bbox 1676 1856 1834 1917; x_wconf 89' lang='lat' dir='ltr'><strong>illius</strong></span> <span class='ocrx_word' id='word_1_116' title='bbox 1882 1856 2105 1917; x_wconf 90' lang='lat' dir='ltr'><strong>saeculi</strong></span> <span class='ocrx_word' id='word_1_117' title='bbox 2152 1859 2321 1917; x_wconf 91' lang='lat' dir='ltr'><strong>annis</strong></span> <span class='ocrx_word' id='word_1_118' title='bbox 2371 1859 2579 1936; x_wconf 88' lang='lat' dir='ltr'><strong>scripti</strong></span> <span class='ocrx_word' id='word_1_119' title='bbox 2629 1865 2787 1938; x_wconf 84' lang='lat' dir='ltr'><strong>sunt,</strong></span> 
     </span>
     <span class='ocr_line' id='line_1_15' title="bbox 492 1963 2787 2043; baseline 0 -21"><span class='ocrx_word' id='word_1_120' title='bbox 492 1982 667 2040; x_wconf 85' lang='lat' dir='ltr'><strong>saepe</strong></span> <span class='ocrx_word' id='word_1_121' title='bbox 728 1969 995 2022; x_wconf 90' lang='lat' dir='ltr'><strong>veterum</strong></span> <span class='ocrx_word' id='word_1_122' title='bbox 1063 1965 1421 2042; x_wconf 86' lang='lat' dir='ltr'><strong>scriptorum</strong></span> <span class='ocrx_word' id='word_1_123' title='bbox 1488 1964 1559 2023; x_wconf 92' lang='lat' dir='ltr'><strong>de</strong></span> <span class='ocrx_word' id='word_1_124' title='bbox 1627 1983 1692 2023; x_wconf 90' lang='lat' dir='ltr'><strong>re</strong></span> <span class='ocrx_word' id='word_1_125' title='bbox 1750 1965 1970 2024; x_wconf 87' lang='lat' dir='ltr'><strong>rustica</strong></span> <span class='ocrx_word' id='word_1_126' title='bbox 2027 1972 2342 2043; x_wconf 87' lang='lat' dir='ltr'><strong>praecepta</strong></span> <span class='ocrx_word' id='word_1_127' title='bbox 2399 1963 2669 2024; x_wconf 88' lang='lat' dir='ltr'><strong>adhibuit</strong></span> <span class='ocrx_word' id='word_1_128' title='bbox 2726 1972 2787 2023; x_wconf 90' lang='lat' dir='ltr'><strong>et</strong></span> 
     </span>
     <span class='ocr_line' id='line_1_16' title="bbox 493 2069 2786 2132; baseline 0 -3"><span class='ocrx_word' id='word_1_129' title='bbox 493 2089 564 2129; x_wconf 87' lang='lat' dir='ltr'><strong>ex</strong></span> <span class='ocrx_word' id='word_1_130' title='bbox 612 2069 851 2129; x_wconf 86' lang='lat' dir='ltr'><strong>Catonis</strong></span> <span class='ocrx_word' id='word_1_131' title='bbox 910 2077 971 2129; x_wconf 93' lang='lat' dir='ltr'><strong>et</strong></span> <span class='ocrx_word' id='word_1_132' title='bbox 1019 2069 1298 2129; x_wconf 89' lang='lat' dir='ltr'><strong>Varronis</strong></span> <span class='ocrx_word' id='word_1_133' title='bbox 1354 2069 1521 2130; x_wconf 88' lang='lat' dir='ltr'><strong>libris</strong></span> <span class='ocrx_word' id='word_1_134' title='bbox 1583 2071 1766 2132; x_wconf 90' lang='lat' dir='ltr'><strong>multa</strong></span> <span class='ocrx_word' id='word_1_135' title='bbox 1824 2070 2037 2131; x_wconf 89' lang='lat' dir='ltr'><strong>additis</strong></span> <span class='ocrx_word' id='word_1_136' title='bbox 2086 2078 2395 2131; x_wconf 91' lang='lat' dir='ltr'><strong>auctorum</strong></span> <span class='ocrx_word' id='word_1_137' title='bbox 2445 2069 2786 2131; x_wconf 88' lang='lat' dir='ltr'><strong>nominibus</strong></span> 
     </span>
     <span class='ocr_line' id='line_1_17' title="bbox 490 2175 2784 2259; baseline 0 -22"><span class='ocrx_word' id='word_1_138' title='bbox 490 2177 821 2256; x_wconf 90' lang='lat' dir='ltr'><strong>adscripsit.</strong></span> <span class='ocrx_word' id='word_1_139' title='bbox 915 2175 1017 2236; x_wconf 89' lang='lat' dir='ltr'><strong>sed</strong></span> <span class='ocrx_word' id='word_1_140' title='bbox 1075 2178 1137 2235; x_wconf 89' lang='lat' dir='ltr'><strong>in</strong></span> <span class='ocrx_word' id='word_1_141' title='bbox 1194 2176 1288 2235; x_wconf 91' lang='lat' dir='ltr'><strong>his</strong></span> <span class='ocrx_word' id='word_1_142' title='bbox 1345 2177 1621 2237; x_wconf 87' lang='lat' dir='ltr'><strong>omnibus</strong></span> <span class='ocrx_word' id='word_1_143' title='bbox 1678 2177 1825 2237; x_wconf 92' lang='lat' dir='ltr'><strong>nihil</strong></span> <span class='ocrx_word' id='word_1_144' title='bbox 1884 2180 2111 2259; x_wconf 83' lang='lat' dir='ltr'><strong>inveni,</strong></span> <span class='ocrx_word' id='word_1_145' title='bbox 2168 2177 2323 2257; x_wconf 89' lang='lat' dir='ltr'><strong>quod</strong></span> <span class='ocrx_word' id='word_1_146' title='bbox 2373 2178 2444 2238; x_wconf 90' lang='lat' dir='ltr'><strong>ad</strong></span> <span class='ocrx_word' id='word_1_147' title='bbox 2492 2177 2784 2238; x_wconf 88' lang='lat' dir='ltr'><strong>diversam</strong></span> 
     </span>
     <span class='ocr_line' id='line_1_18' title="bbox 487 2283 2782 2366; baseline 0 -22"><span class='ocrx_word' id='word_1_148' title='bbox 487 2304 519 2344; x_wconf 92' lang='lat' dir='ltr'><strong>a</strong></span> <span class='ocrx_word' id='word_1_149' title='bbox 566 2294 909 2344; x_wconf 89' lang='lat' dir='ltr'><strong>nostrorum</strong></span> <span class='ocrx_word' id='word_1_150' title='bbox 957 2283 1246 2345; x_wconf 86' lang='lat' dir='ltr'><strong>librorum</strong></span> <span class='ocrx_word' id='word_1_151' title='bbox 1295 2287 1480 2363; x_wconf 89' lang='lat' dir='ltr'><strong>stirpe</strong></span> <span class='ocrx_word' id='word_1_152' title='bbox 1530 2287 1820 2364; x_wconf 87' lang='lat' dir='ltr'><strong>originem</strong></span> <span class='ocrx_word' id='word_1_153' title='bbox 1862 2285 2244 2345; x_wconf 85' lang='lat' dir='ltr'><strong>referendum</strong></span> <span class='ocrx_word' id='word_1_154' title='bbox 2282 2292 2459 2366; x_wconf 84' lang='lat' dir='ltr'><strong>esset,</strong></span> <span class='ocrx_word' id='word_1_155' title='bbox 2498 2285 2587 2344; x_wconf 92' lang='lat' dir='ltr'><strong>vel</strong></span> <span class='ocrx_word' id='word_1_156' title='bbox 2626 2283 2782 2363; x_wconf 89' lang='lat' dir='ltr'><strong>quod</strong></span> 
     </span>
     <span class='ocr_line' id='line_1_19' title="bbox 490 2391 2783 2472; baseline 0 -22"><span class='ocrx_word' id='word_1_157' title='bbox 490 2391 733 2451; x_wconf 91' lang='lat' dir='ltr'><strong>meliore</strong></span> <span class='ocrx_word' id='word_1_158' title='bbox 790 2391 995 2451; x_wconf 87' lang='lat' dir='ltr'><strong>codice</strong></span> <span class='ocrx_word' id='word_1_159' title='bbox 1051 2410 1226 2452; x_wconf 88' lang='lat' dir='ltr'><strong>usum</strong></span> <span class='ocrx_word' id='word_1_160' title='bbox 1285 2410 1416 2452; x_wconf 89' lang='lat' dir='ltr'><strong>esse</strong></span> <span class='ocrx_word' id='word_1_161' title='bbox 1464 2392 1904 2468; x_wconf 83' lang='lat' dir='ltr'><strong>Crescentium,</strong></span> <span class='ocrx_word' id='word_1_162' title='bbox 1963 2411 2138 2471; x_wconf 91' lang='lat' dir='ltr'><strong>quam</strong></span> <span class='ocrx_word' id='word_1_163' title='bbox 2196 2410 2345 2472; x_wconf 89' lang='lat' dir='ltr'><strong>quos</strong></span> <span class='ocrx_word' id='word_1_164' title='bbox 2404 2411 2560 2453; x_wconf 91' lang='lat' dir='ltr'><strong>nunc</strong></span> <span class='ocrx_word' id='word_1_165' title='bbox 2608 2391 2783 2452; x_wconf 91' lang='lat' dir='ltr'><strong>habe-</strong></span> 
     </span>
     <span class='ocr_line' id='line_1_20' title="bbox 487 2498 1055 2580; baseline -0.005 -21"><span class='ocrx_word' id='word_1_166' title='bbox 487 2517 642 2580; x_wconf 82' lang='lat' dir='ltr'><strong>mus,</strong></span> <span class='ocrx_word' id='word_1_167' title='bbox 698 2498 1055 2558; x_wconf 88' lang='lat' dir='ltr'><strong>ostenderet.</strong></span> 
     </span>
    </p>

    <p class='ocr_par' dir='ltr' id='par_1_4' title="bbox 480 2605 2785 4492">
     <span class='ocr_line' id='line_1_21' title="bbox 666 2605 2781 2689; baseline 0.002 -25"><span class='ocrx_word' id='word_1_168' title='bbox 666 2606 754 2665; x_wconf 85' lang='lat' dir='ltr'><strong>Ex</strong></span> <span class='ocrx_word' id='word_1_169' title='bbox 819 2608 893 2665; x_wconf 88' lang='lat' dir='ltr'><strong>iis</strong></span> <span class='ocrx_word' id='word_1_170' title='bbox 960 2605 1126 2667; x_wconf 89' lang='lat' dir='ltr'><strong>libris</strong></span> <span class='ocrx_word' id='word_1_171' title='bbox 1191 2609 1295 2687; x_wconf 92' lang='lat' dir='ltr'><strong>qui</strong></span> <span class='ocrx_word' id='word_1_172' title='bbox 1361 2610 1567 2687; x_wconf 89' lang='lat' dir='ltr'><strong>quinto</strong></span> <span class='ocrx_word' id='word_1_173' title='bbox 1635 2609 1863 2669; x_wconf 88' lang='lat' dir='ltr'><strong>decimo</strong></span> <span class='ocrx_word' id='word_1_174' title='bbox 1929 2609 2165 2669; x_wconf 90' lang='lat' dir='ltr'><strong>saeculo</strong></span> <span class='ocrx_word' id='word_1_175' title='bbox 2234 2607 2515 2689; x_wconf 71' lang='lat' dir='ltr'><strong>in,1talia</strong></span> <span class='ocrx_word' id='word_1_176' title='bbox 2575 2611 2781 2688; x_wconf 90' lang='lat' dir='ltr'><strong>scripti</strong></span> 
     </span>
     <span class='ocr_line' id='line_1_22' title="bbox 489 2714 2775 2794; baseline 0 -18"><span class='ocrx_word' id='word_1_177' title='bbox 489 2723 629 2776; x_wconf 91' lang='lat' dir='ltr'><strong>sunt</strong></span> <span class='ocrx_word' id='word_1_178' title='bbox 683 2716 856 2793; x_wconf 88' lang='lat' dir='ltr'><strong>pauci</strong></span> <span class='ocrx_word' id='word_1_179' title='bbox 913 2721 1066 2794; x_wconf 84' lang='lat' dir='ltr'><strong>tum,</strong></span> <span class='ocrx_word' id='word_1_180' title='bbox 1123 2734 1261 2775; x_wconf 90' lang='lat' dir='ltr'><strong>cum</strong></span> <span class='ocrx_word' id='word_1_181' title='bbox 1308 2714 1642 2776; x_wconf 90' lang='lat' dir='ltr'><strong>Marcianus</strong></span> <span class='ocrx_word' id='word_1_182' title='bbox 1690 2716 1873 2776; x_wconf 89' lang='lat' dir='ltr'><strong>codex</strong></span> <span class='ocrx_word' id='word_1_183' title='bbox 1923 2718 2008 2776; x_wconf 92' lang='lat' dir='ltr'><strong>sic</strong></span> <span class='ocrx_word' id='word_1_184' title='bbox 2059 2726 2122 2776; x_wconf 89' lang='lat' dir='ltr'><strong>ut</strong></span> <span class='ocrx_word' id='word_1_185' title='bbox 2170 2715 2494 2775; x_wconf 89' lang='lat' dir='ltr'><strong>Politianus</strong></span> <span class='ocrx_word' id='word_1_186' title='bbox 2543 2723 2604 2775; x_wconf 93' lang='lat' dir='ltr'><strong>et</strong></span> <span class='ocrx_word' id='word_1_187' title='bbox 2650 2715 2775 2776; x_wconf 89' lang='lat' dir='ltr'><strong>Vic-</strong></span> 
     </span>
     <span class='ocr_line' id='line_1_23' title="bbox 491 2820 2772 2902; baseline 0 -20"><span class='ocrx_word' id='word_1_188' title='bbox 491 2824 680 2883; x_wconf 90' lang='lat' dir='ltr'><strong>torius</strong></span> <span class='ocrx_word' id='word_1_189' title='bbox 729 2840 867 2883; x_wconf 91' lang='lat' dir='ltr'><strong>eum</strong></span> <span class='ocrx_word' id='word_1_190' title='bbox 913 2820 1255 2882; x_wconf 90' lang='lat' dir='ltr'><strong>habuerunt</strong></span> <span class='ocrx_word' id='word_1_191' title='bbox 1301 2830 1563 2883; x_wconf 88' lang='lat' dir='ltr'><strong>extrema</strong></span> <span class='ocrx_word' id='word_1_192' title='bbox 1613 2831 1781 2902; x_wconf 89' lang='lat' dir='ltr'><strong>parte</strong></span> <span class='ocrx_word' id='word_1_193' title='bbox 1830 2823 2178 2884; x_wconf 85' lang='lat' dir='ltr'><strong>decurtatus</strong></span> <span class='ocrx_word' id='word_1_194' title='bbox 2226 2831 2379 2902; x_wconf 85' lang='lat' dir='ltr'><strong>erat,</strong></span> <span class='ocrx_word' id='word_1_195' title='bbox 2437 2841 2506 2882; x_wconf 88' lang='lat' dir='ltr'><strong>ex</strong></span> <span class='ocrx_word' id='word_1_196' title='bbox 2557 2841 2627 2882; x_wconf 94' lang='lat' dir='ltr'><strong>eo</strong></span> <span class='ocrx_word' id='word_1_197' title='bbox 2676 2822 2772 2882; x_wconf 93' lang='lat' dir='ltr'><strong>de-</strong></span> 
     </span>
     <span class='ocr_line' id='line_1_24' title="bbox 489 2929 2783 3010; baseline 0.001 -22"><span class='ocrx_word' id='word_1_198' title='bbox 489 2931 696 3008; x_wconf 89' lang='lat' dir='ltr'><strong>scripti</strong></span> <span class='ocrx_word' id='word_1_199' title='bbox 755 2936 920 3010; x_wconf 83' lang='lat' dir='ltr'><strong>sunt,</strong></span> <span class='ocrx_word' id='word_1_200' title='bbox 978 2932 1081 3010; x_wconf 91' lang='lat' dir='ltr'><strong>qui</strong></span> <span class='ocrx_word' id='word_1_201' title='bbox 1138 2932 1265 3010; x_wconf 85' lang='lat' dir='ltr'><strong>ipso</strong></span> <span class='ocrx_word' id='word_1_202' title='bbox 1324 2930 1559 2990; x_wconf 85' lang='lat' dir='ltr'><strong>defectu</strong></span> <span class='ocrx_word' id='word_1_203' title='bbox 1619 2931 1909 3008; x_wconf 91' lang='lat' dir='ltr'><strong>originem</strong></span> <span class='ocrx_word' id='word_1_204' title='bbox 1959 2949 2124 2991; x_wconf 90' lang='lat' dir='ltr'><strong>suam</strong></span> <span class='ocrx_word' id='word_1_205' title='bbox 2173 2929 2449 3010; x_wconf 88' lang='lat' dir='ltr'><strong>produnt.</strong></span> <span class='ocrx_word' id='word_1_206' title='bbox 2542 2930 2783 3009; x_wconf 90' lang='lat' dir='ltr'><strong>plurimi</strong></span> 
     </span>
     <span class='ocr_line' id='line_1_25' title="bbox 487 3036 2780 3117; baseline 0 -21"><span class='ocrx_word' id='word_1_207' title='bbox 487 3046 714 3117; x_wconf 85' lang='lat' dir='ltr'><strong>autem,</strong></span> <span class='ocrx_word' id='word_1_208' title='bbox 771 3039 873 3116; x_wconf 90' lang='lat' dir='ltr'><strong>qui</strong></span> <span class='ocrx_word' id='word_1_209' title='bbox 921 3039 1163 3098; x_wconf 89' lang='lat' dir='ltr'><strong>tertium</strong></span> <span class='ocrx_word' id='word_1_210' title='bbox 1214 3036 1492 3096; x_wconf 90' lang='lat' dir='ltr'><strong>Varronis</strong></span> <span class='ocrx_word' id='word_1_211' title='bbox 1540 3036 1759 3097; x_wconf 89' lang='lat' dir='ltr'><strong>librum</strong></span> <span class='ocrx_word' id='word_1_212' title='bbox 1805 3038 2103 3115; x_wconf 89' lang='lat' dir='ltr'><strong>integrum</strong></span> <span class='ocrx_word' id='word_1_213' title='bbox 2153 3038 2399 3117; x_wconf 85' lang='lat' dir='ltr'><strong>babent,</strong></span> <span class='ocrx_word' id='word_1_214' title='bbox 2456 3057 2526 3097; x_wconf 87' lang='lat' dir='ltr'><strong>ex</strong></span> <span class='ocrx_word' id='word_1_215' title='bbox 2574 3038 2780 3098; x_wconf 91' lang='lat' dir='ltr'><strong>eodem</strong></span> 
     </span>
     <span class='ocr_line' id='line_1_26' title="bbox 487 3143 2781 3226; baseline 0 -23"><span class='ocrx_word' id='word_1_216' title='bbox 487 3144 835 3225; x_wconf 84' lang='lat' dir='ltr'><strong>archetypo,</strong></span> <span class='ocrx_word' id='word_1_217' title='bbox 895 3152 1211 3223; x_wconf 88' lang='lat' dir='ltr'><strong>antequam</strong></span> <span class='ocrx_word' id='word_1_218' title='bbox 1269 3143 1429 3204; x_wconf 90' lang='lat' dir='ltr'><strong>illam</strong></span> <span class='ocrx_word' id='word_1_219' title='bbox 1475 3146 1762 3205; x_wconf 88' lang='lat' dir='ltr'><strong>iacturam</strong></span> <span class='ocrx_word' id='word_1_220' title='bbox 1812 3145 2024 3226; x_wconf 81' lang='lat' dir='ltr'><strong>ferret,</strong></span> <span class='ocrx_word' id='word_1_221' title='bbox 2080 3144 2244 3204; x_wconf 87' lang='lat' dir='ltr'><strong>ducti</strong></span> <span class='ocrx_word' id='word_1_222' title='bbox 2292 3153 2446 3204; x_wconf 90' lang='lat' dir='ltr'><strong>sunt.</strong></span> <span class='ocrx_word' id='word_1_223' title='bbox 2541 3163 2673 3204; x_wconf 89' lang='lat' dir='ltr'><strong>nam</strong></span> <span class='ocrx_word' id='word_1_224' title='bbox 2720 3144 2781 3203; x_wconf 88' lang='lat' dir='ltr'><strong>hi</strong></span> 
     </span>
     <span class='ocr_line' id='line_1_27' title="bbox 488 3250 2780 3334; baseline -0.001 -22"><span class='ocrx_word' id='word_1_225' title='bbox 488 3270 722 3331; x_wconf 89' lang='lat' dir='ltr'><strong>quoque</strong></span> <span class='ocrx_word' id='word_1_226' title='bbox 774 3261 833 3312; x_wconf 93' lang='lat' dir='ltr'><strong>et</strong></span> <span class='ocrx_word' id='word_1_227' title='bbox 878 3255 1036 3311; x_wconf 90' lang='lat' dir='ltr'><strong>inter</strong></span> <span class='ocrx_word' id='word_1_228' title='bbox 1084 3270 1146 3312; x_wconf 90' lang='lat' dir='ltr'><strong>se</strong></span> <span class='ocrx_word' id='word_1_229' title='bbox 1195 3259 1253 3312; x_wconf 89' lang='lat' dir='ltr'><strong>et</strong></span> <span class='ocrx_word' id='word_1_230' title='bbox 1302 3269 1438 3312; x_wconf 91' lang='lat' dir='ltr'><strong>cum</strong></span> <span class='ocrx_word' id='word_1_231' title='bbox 1488 3252 1737 3330; x_wconf 90' lang='lat' dir='ltr'><strong>reliquis</strong></span> <span class='ocrx_word' id='word_1_232' title='bbox 1785 3253 1863 3312; x_wconf 92' lang='lat' dir='ltr'><strong>ita</strong></span> <span class='ocrx_word' id='word_1_233' title='bbox 1912 3253 2321 3334; x_wconf 81' lang='lat' dir='ltr'><strong>consentiunt,</strong></span> <span class='ocrx_word' id='word_1_234' title='bbox 2378 3259 2443 3311; x_wconf 89' lang='lat' dir='ltr'><strong>ut</strong></span> <span class='ocrx_word' id='word_1_235' title='bbox 2490 3250 2561 3310; x_wconf 92' lang='lat' dir='ltr'><strong>ad</strong></span> <span class='ocrx_word' id='word_1_236' title='bbox 2611 3251 2780 3310; x_wconf 90' lang='lat' dir='ltr'><strong>aliam</strong></span> 
     </span>
     <span class='ocr_line' id='line_1_28' title="bbox 488 3359 2779 3438; baseline 0 -20"><span class='ocrx_word' id='word_1_237' title='bbox 488 3361 735 3437; x_wconf 88' lang='lat' dir='ltr'><strong>stirpem</strong></span> <span class='ocrx_word' id='word_1_238' title='bbox 793 3361 1009 3419; x_wconf 86' lang='lat' dir='ltr'><strong>referri</strong></span> <span class='ocrx_word' id='word_1_239' title='bbox 1069 3366 1383 3438; x_wconf 88' lang='lat' dir='ltr'><strong>nequeant.</strong></span> <span class='ocrx_word' id='word_1_240' title='bbox 1475 3359 1579 3419; x_wconf 90' lang='lat' dir='ltr'><strong>sed</strong></span> <span class='ocrx_word' id='word_1_241' title='bbox 1639 3377 1847 3419; x_wconf 89' lang='lat' dir='ltr'><strong>eorum</strong></span> <span class='ocrx_word' id='word_1_242' title='bbox 1905 3360 2168 3418; x_wconf 88' lang='lat' dir='ltr'><strong>omnium</strong></span> <span class='ocrx_word' id='word_1_243' title='bbox 2219 3359 2661 3417; x_wconf 85' lang='lat' dir='ltr'><strong>accuratissime</strong></span> <span class='ocrx_word' id='word_1_244' title='bbox 2710 3377 2779 3418; x_wconf 91' lang='lat' dir='ltr'><strong>ex</strong></span> 
     </span>
     <span class='ocr_line' id='line_1_29' title="bbox 486 3461 2781 3545; baseline -0 -20"><span class='ocrx_word' id='word_1_245' title='bbox 486 3467 781 3526; x_wconf 90' lang='lat' dir='ltr'><strong>Marciano</strong></span> <span class='ocrx_word' id='word_1_246' title='bbox 856 3466 1058 3526; x_wconf 87' lang='lat' dir='ltr'><strong>codice</strong></span> <span class='ocrx_word' id='word_1_247' title='bbox 1136 3466 1473 3545; x_wconf 90' lang='lat' dir='ltr'><strong>descriptus</strong></span> <span class='ocrx_word' id='word_1_248' title='bbox 1547 3475 1640 3525; x_wconf 92' lang='lat' dir='ltr'><strong>est</strong></span> <span class='ocrx_word' id='word_1_249' title='bbox 1706 3466 1891 3526; x_wconf 89' lang='lat' dir='ltr'><strong>codex</strong></span> <span class='ocrx_word' id='word_1_250' title='bbox 1957 3465 2500 3526; x_wconf 89' lang='lat' dir='ltr'><strong>Laurentianus</strong></span> <span class='ocrx_word' id='word_1_251' title='bbox 2562 3461 2675 3545; x_wconf 85' lang='lat'><strong>51,</strong></span> <span class='ocrx_word' id='word_1_252' title='bbox 2738 3463 2781 3524; x_wconf 86' lang='grc'>4</span> 
     </span>
     <span class='ocr_line' id='line_1_30' title="bbox 487 3569 2780 3651; baseline -0 -19"><span class='ocrx_word' id='word_1_253' title='bbox 487 3572 852 3635; x_wconf 82' lang='lat' dir='ltr'><strong>chartaceus,</strong></span> <span class='ocrx_word' id='word_1_254' title='bbox 945 3575 1006 3633; x_wconf 89' lang='lat' dir='ltr'><strong>in</strong></span> <span class='ocrx_word' id='word_1_255' title='bbox 1064 3592 1134 3633; x_wconf 91' lang='lat' dir='ltr'><strong>eo</strong></span> <span class='ocrx_word' id='word_1_256' title='bbox 1182 3572 1464 3633; x_wconf 89' lang='lat' dir='ltr'><strong>Varronis</strong></span> <span class='ocrx_word' id='word_1_257' title='bbox 1520 3572 1658 3633; x_wconf 91' lang='lat' dir='ltr'><strong>libri</strong></span> <span class='ocrx_word' id='word_1_258' title='bbox 1717 3582 1839 3635; x_wconf 88' lang='lat' dir='ltr'><strong>tres</strong></span> <span class='ocrx_word' id='word_1_259' title='bbox 1897 3591 2033 3633; x_wconf 92' lang='lat' dir='ltr'><strong>cum</strong></span> <span class='ocrx_word' id='word_1_260' title='bbox 2087 3571 2364 3650; x_wconf 90' lang='lat' dir='ltr'><strong>capitulis</strong></span> <span class='ocrx_word' id='word_1_261' title='bbox 2419 3569 2558 3631; x_wconf 90' lang='lat' dir='ltr'><strong>libri</strong></span> <span class='ocrx_word' id='word_1_262' title='bbox 2603 3573 2780 3651; x_wconf 90' lang='lat' dir='ltr'><strong>primi</strong></span> 
     </span>
     <span class='ocr_line' id='line_1_31' title="bbox 487 3679 2781 3761; baseline 0 -22"><span class='ocrx_word' id='word_1_263' title='bbox 487 3681 694 3758; x_wconf 88' lang='lat' dir='ltr'><strong>scripti</strong></span> <span class='ocrx_word' id='word_1_264' title='bbox 751 3687 894 3740; x_wconf 89' lang='lat' dir='ltr'><strong>sunt</strong></span> <span class='ocrx_word' id='word_1_265' title='bbox 950 3682 1162 3740; x_wconf 88' lang='lat' dir='ltr'><strong>omissa</strong></span> <span class='ocrx_word' id='word_1_266' title='bbox 1223 3689 1485 3742; x_wconf 87' lang='lat' dir='ltr'><strong>extrema</strong></span> <span class='ocrx_word' id='word_1_267' title='bbox 1542 3688 1712 3761; x_wconf 89' lang='lat' dir='ltr'><strong>parte</strong></span> <span class='ocrx_word' id='word_1_268' title='bbox 1770 3679 1908 3740; x_wconf 90' lang='lat' dir='ltr'><strong>libri</strong></span> <span class='ocrx_word' id='word_1_269' title='bbox 1966 3681 2153 3761; x_wconf 83' lang='lat' dir='ltr'><strong>tertii,</strong></span> <span class='ocrx_word' id='word_1_270' title='bbox 2223 3680 2517 3740; x_wconf 81' lang='lat' dir='ltr'><strong>Varronis</strong></span> <span class='ocrx_word' id='word_1_271' title='bbox 2571 3698 2781 3741; x_wconf 83' lang='lat' dir='ltr'><strong>rerum</strong></span> 
     </span>
     <span class='ocr_line' id='line_1_32' title="bbox 486 3786 2785 3866; baseline 0.001 -20"><span class='ocrx_word' id='word_1_272' title='bbox 486 3789 861 3848; x_wconf 81' lang='lat' dir='ltr'><strong>rusticarum</strong></span> <span class='ocrx_word' id='word_1_273' title='bbox 927 3790 1002 3848; x_wconf 83' lang='lat' dir='ltr'><strong>de</strong></span> <span class='ocrx_word' id='word_1_274' title='bbox 1059 3791 1448 3863; x_wconf 69' lang='lat' dir='ltr'><strong>ayricultura</strong></span> <span class='ocrx_word' id='word_1_275' title='bbox 1504 3791 1662 3850; x_wconf 85' lang='lat' dir='ltr'><strong>liber</strong></span> <span class='ocrx_word' id='word_1_276' title='bbox 1707 3793 1949 3866; x_wconf 81' lang='lat' dir='ltr'><strong>primus</strong></span> <span class='ocrx_word' id='word_1_277' title='bbox 2005 3791 2222 3864; x_wconf 75' lang='lat' dir='ltr'><strong>incipit</strong></span> <span class='ocrx_word' id='word_1_278' title='bbox 2266 3786 2553 3859; x_wconf 82' lang='lat' dir='ltr'><strong>feliciter.</strong></span> <span class='ocrx_word' id='word_1_279' title='bbox 2664 3790 2785 3860; x_wconf 77' lang='lat' dir='ltr'><strong>Qui</strong></span> 
     </span>
     <span class='ocr_line' id='line_1_33' title="bbox 480 3897 2776 3973; baseline 0 -19"><span class='ocrx_word' id='word_1_280' title='bbox 480 3897 706 3969; x_wconf 70' lang='lat' dir='ltr'><strong>qraeci</strong></span> <span class='ocrx_word' id='word_1_281' title='bbox 769 3902 829 3955; x_wconf 84' lang='lat' dir='ltr'><strong>et</strong></span> <span class='ocrx_word' id='word_1_282' title='bbox 882 3897 1063 3955; x_wconf 82' lang='lat' dir='ltr'><strong>latini</strong></span> <span class='ocrx_word' id='word_1_283' title='bbox 1124 3899 1200 3957; x_wconf 82' lang='lat' dir='ltr'><strong>de</strong></span> <span class='ocrx_word' id='word_1_284' title='bbox 1256 3900 1648 3972; x_wconf 60' lang='lat' dir='ltr'><strong>acricultura</strong></span> <span class='ocrx_word' id='word_1_285' title='bbox 1705 3899 2068 3973; x_wconf 81' lang='lat' dir='ltr'><strong>scripserint</strong></span> <span class='ocrx_word' id='word_1_286' title='bbox 2126 3928 2191 3937; x_wconf 92' lang='lat'>-</span> <span class='ocrx_word' id='word_1_287' title='bbox 2247 3897 2333 3955; x_wconf 83' lang='lat' dir='ltr'><strong>ad</strong></span> <span class='ocrx_word' id='word_1_288' title='bbox 2376 3898 2776 3956; x_wconf 81' lang='lat' dir='ltr'><strong>uendendum.</strong></span> 
     </span>
     <span class='ocr_line' id='line_1_34' title="bbox 501 4003 2780 4081; baseline 0 -20"><span class='ocrx_word' id='word_1_289' title='bbox 501 4003 671 4062; x_wconf 83' lang='lat' dir='ltr'><strong>Otius</strong></span> <span class='ocrx_word' id='word_1_290' title='bbox 747 4020 933 4062; x_wconf 81' lang='lat' dir='ltr'><strong>essem</strong></span> <span class='ocrx_word' id='word_1_291' title='bbox 999 4011 1358 4064; x_wconf 81' lang='lat' dir='ltr'><strong>consecutus</strong></span> <span class='ocrx_word' id='word_1_292' title='bbox 1424 4038 1505 4046; x_wconf 87' lang='lat'>—</span> <span class='ocrx_word' id='word_1_293' title='bbox 1575 4008 1663 4065; x_wconf 83' lang='lat' dir='ltr'><strong>ad</strong></span> <span class='ocrx_word' id='word_1_294' title='bbox 1725 4006 2058 4065; x_wconf 71' lang='lat' dir='ltr'><strong>tubicinum</strong></span> <span class='ocrx_word' id='word_1_295' title='bbox 2118 4020 2431 4078; x_wconf 71' lang='lat' dir='ltr'><strong>qraecum.</strong></span> <span class='ocrx_word' id='word_1_296' title='bbox 2542 4009 2780 4081; x_wconf 90' lang='lat' dir='ltr'><strong>praeter</strong></span> 
     </span>
     <span class='ocr_line' id='line_1_35' title="bbox 486 4105 2773 4190; baseline 0 -22"><span class='ocrx_word' id='word_1_297' title='bbox 486 4108 783 4169; x_wconf 82' lang='lat' dir='ltr'><strong>defectum</strong></span> <span class='ocrx_word' id='word_1_298' title='bbox 842 4110 1003 4169; x_wconf 91' lang='lat' dir='ltr'><strong>tertii</strong></span> <span class='ocrx_word' id='word_1_299' title='bbox 1061 4108 1197 4169; x_wconf 92' lang='lat' dir='ltr'><strong>libri</strong></span> <span class='ocrx_word' id='word_1_300' title='bbox 1257 4110 1366 4170; x_wconf 89' lang='lat' dir='ltr'><strong>sub</strong></span> <span class='ocrx_word' id='word_1_301' title='bbox 1429 4111 1603 4171; x_wconf 84' lang='lat' dir='ltr'><strong>finem</strong></span> <span class='ocrx_word' id='word_1_302' title='bbox 1663 4109 1930 4171; x_wconf 88' lang='lat' dir='ltr'><strong>eiusdem</strong></span> <span class='ocrx_word' id='word_1_303' title='bbox 1988 4108 2122 4169; x_wconf 92' lang='lat' dir='ltr'><strong>libri</strong></span> <span class='ocrx_word' id='word_1_304' title='bbox 2180 4109 2315 4169; x_wconf 91' lang='lat' dir='ltr'><strong>inde</strong></span> <span class='ocrx_word' id='word_1_305' title='bbox 2364 4128 2395 4168; x_wconf 90' lang='lat' dir='ltr'><strong>a</strong></span> <span class='ocrx_word' id='word_1_306' title='bbox 2443 4128 2492 4169; x_wconf 92' lang='lat' dir='ltr'><strong>c.</strong></span> <span class='ocrx_word' id='word_1_307' title='bbox 2544 4107 2645 4190; x_wconf 88' lang='lat'><strong>16,</strong></span> <span class='ocrx_word' id='word_1_308' title='bbox 2691 4105 2773 4169; x_wconf 82' lang='lat'><strong>21</strong></span> 
     </span>
     <span class='ocr_line' id='line_1_36' title="bbox 486 4214 2777 4296; baseline 0 -21"><span class='ocrx_word' id='word_1_309' title='bbox 486 4217 722 4295; x_wconf 87' lang='lat' dir='ltr'><strong>saepius</strong></span> <span class='ocrx_word' id='word_1_310' title='bbox 779 4216 1007 4295; x_wconf 89' lang='lat' dir='ltr'><strong>singula</strong></span> <span class='ocrx_word' id='word_1_311' title='bbox 1065 4215 1268 4296; x_wconf 90' lang='lat' dir='ltr'><strong>verba,</strong></span> <span class='ocrx_word' id='word_1_312' title='bbox 1330 4235 1478 4296; x_wconf 89' lang='lat' dir='ltr'><strong>quae</strong></span> <span class='ocrx_word' id='word_1_313' title='bbox 1537 4220 1597 4276; x_wconf 89' lang='lat' dir='ltr'><strong>in</strong></span> <span class='ocrx_word' id='word_1_314' title='bbox 1659 4217 1979 4295; x_wconf 86' lang='lat' dir='ltr'><strong>archetypo</strong></span> <span class='ocrx_word' id='word_1_315' title='bbox 2026 4215 2253 4276; x_wconf 88' lang='lat' dir='ltr'><strong>lacunis</strong></span> <span class='ocrx_word' id='word_1_316' title='bbox 2302 4214 2777 4276; x_wconf 88' lang='lat' dir='ltr'><strong>membranarum</strong></span> 
     </span>
     <span class='ocr_line' id='line_1_37' title="bbox 485 4321 2779 4403; baseline 0 -21"><span class='ocrx_word' id='word_1_317' title='bbox 485 4325 789 4403; x_wconf 89' lang='lat' dir='ltr'><strong>perierant</strong></span> <span class='ocrx_word' id='word_1_318' title='bbox 832 4322 924 4383; x_wconf 89' lang='lat' dir='ltr'><strong>vel</strong></span> <span class='ocrx_word' id='word_1_319' title='bbox 969 4322 1087 4402; x_wconf 90' lang='lat' dir='ltr'><strong>legi</strong></span> <span class='ocrx_word' id='word_1_320' title='bbox 1136 4342 1250 4382; x_wconf 89' lang='lat' dir='ltr'><strong>non</strong></span> <span class='ocrx_word' id='word_1_321' title='bbox 1302 4331 1594 4403; x_wconf 83' lang='lat' dir='ltr'><strong>poteraut,</strong></span> <span class='ocrx_word' id='word_1_322' title='bbox 1643 4325 1859 4383; x_wconf 90' lang='lat' dir='ltr'><strong>omissa</strong></span> <span class='ocrx_word' id='word_1_323' title='bbox 1908 4330 2066 4403; x_wconf 85' lang='lat' dir='ltr'><strong>sunt,</strong></span> <span class='ocrx_word' id='word_1_324' title='bbox 2115 4323 2217 4383; x_wconf 94' lang='lat' dir='ltr'><strong>ubi</strong></span> <span class='ocrx_word' id='word_1_325' title='bbox 2264 4321 2540 4383; x_wconf 88' lang='lat' dir='ltr'><strong>librarius</strong></span> <span class='ocrx_word' id='word_1_326' title='bbox 2589 4325 2779 4402; x_wconf 89' lang='lat' dir='ltr'><strong>spatio</strong></span> 
     </span>
     <span class='ocr_line' id='line_1_38' title="bbox 483 4430 1449 4492; baseline -0.001 -2"><span class='ocrx_word' id='word_1_327' title='bbox 483 4433 823 4491; x_wconf 89' lang='lat' dir='ltr'><strong>intermisso</strong></span> <span class='ocrx_word' id='word_1_328' title='bbox 870 4431 1109 4492; x_wconf 90' lang='lat' dir='ltr'><strong>lacunas</strong></span> <span class='ocrx_word' id='word_1_329' title='bbox 1156 4430 1449 4490; x_wconf 80' lang='lat' dir='ltr'><strong>indicavit.</strong></span> 
     </span>
    </p>

    <p class='ocr_par' dir='ltr' id='par_1_5' title="bbox 658 4536 2777 4617">
     <span class='ocr_line' id='line_1_39' title="bbox 658 4536 2777 4617; baseline 0.001 -21"><span class='ocrx_word' id='word_1_330' title='bbox 658 4536 723 4597; x_wconf 89' lang='lat' dir='ltr'><strong>In</strong></span> <span class='ocrx_word' id='word_1_331' title='bbox 791 4537 1038 4615; x_wconf 91' lang='lat' dir='ltr'><strong>reliquis</strong></span> <span class='ocrx_word' id='word_1_332' title='bbox 1104 4537 1271 4597; x_wconf 89' lang='lat' dir='ltr'><strong>libris</strong></span> <span class='ocrx_word' id='word_1_333' title='bbox 1341 4555 1458 4596; x_wconf 91' lang='lat' dir='ltr'><strong>non</strong></span> <span class='ocrx_word' id='word_1_334' title='bbox 1515 4540 1713 4597; x_wconf 91' lang='lat' dir='ltr'><strong>inveni</strong></span> <span class='ocrx_word' id='word_1_335' title='bbox 1770 4538 2105 4617; x_wconf 89' lang='lat' dir='ltr'><strong>apographa</strong></span> <span class='ocrx_word' id='word_1_336' title='bbox 2160 4539 2289 4617; x_wconf 93' lang='lat' dir='ltr'><strong>pari</strong></span> <span class='ocrx_word' id='word_1_337' title='bbox 2346 4536 2647 4617; x_wconf 91' lang='lat' dir='ltr'><strong>diligentia</strong></span> <span class='ocrx_word' id='word_1_338' title='bbox 2705 4557 2777 4598; x_wconf 88' lang='lat' dir='ltr'><strong>ex</strong></span> 
     </span>
    </p>
   </div>
   <div class='ocr_carea' id='block_1_3' title="bbox 3174 2362 3178 2896">
    <p class='ocr_par' dir='ltr' id='par_1_6' title="bbox 3174 2362 3178 2896">
     <span class='ocr_line' id='line_1_40' title="bbox 3174 2362 3178 2896; baseline 0 0"><span class='ocrx_word' id='word_1_339' title='bbox 3174 2362 3178 2896; x_wconf 95' lang='lat' dir='ltr'><strong> </strong></span> 
     </span>
    </p>
   </div>
  </div>
 </body>
</html>
