3178 5185
779 405 1033 459 RERVM
1070 403 1537 459 RVSTICARVM
1574 404 1707 458 LIB.
1747 403 1772 454 Ι
1814 397 2054 454 13-15
2444 402 2572 465 149

278 594 385 653 que
444 577 684 653 species
741 573 918 633 habet
963 573 1182 651 plures,
1274 574 1534 650 primum
1582 570 1848 631 naturale
1897 572 2353 650 saepimentum‚
2411 569 2569 647 quod

276 683 474 759 opseri
544 681 697 741 solet
754 679 1022 759 virgultis
1079 686 1181 739 aut
1236 680 1424 758 spinis
1436 725 1454 759 ‚
1521 679 1679 757 quod
1734 677 1912 738 habet
1967 677 2200 737 radices
2253 696 2321 737 ac
2380 676 2571 753 [vivae

275 787 496 866 saepis]
539 789 978 867 praetereuntis
1015 787 1218 846 lascivi
1261 803 1379 845 non
1418 792 1644 845 metuet
1682 787 1869 846 facem
1906 785 2228 844 ardentem.
2304 783 2560 870 secunda
2585 788 2621 843 2

274 912 447 973 saeps
507 903 600 955 est
656 896 909 972 agrestis
966 914 998 953 e
1054 894 1238 971 ligno,
1297 893 1401 953 sed
1458 912 1577 952 non
1636 895 1800 953 vivit:
1861 894 1926 952 fit
1981 900 2082 952 aut
2137 876 2286 970 palis
2334 893 2572 951 statutis

226 1002 509 1062 5crebris
558 1000 647 1078 [e]
698 1000 969 1078 virgultis
1016 999 1313 1078 inplicatis
1359 1006 1463 1059 aut
1509 982 1643 1059 latis
1691 1001 2007 1078 perforatis
2054 1009 2115 1060 et
2161 1017 2268 1078 per
2314 1017 2381 1058 ea
2420 1000 2570 1058 fora-

275 1110 431 1168 mina
500 1109 767 1169 traiectis
832 1107 1098 1185 longuris
1166 1108 1289 1166 fere
1355 1105 1511 1165 binis
1567 1113 1669 1166 aut
1727 1109 1914 1167 ternis
1969 1114 2072 1166 aut
2128 1125 2200 1165 ex
2257 1104 2571 1165 arboribus

278 1217 506 1275 truncis
554 1214 832 1274 demissis
877 1216 940 1273 in
987 1222 1208 1273 terram
1255 1213 1537 1291 deinceps
1583 1215 1944 1273 constitutis,
2035 1215 2277 1273 tertium
2317 1211 2570 1272 militare

277 1324 709 1400 saepimentum
768 1332 859 1381 est
916 1321 1071 1380 fossa
1128 1327 1187 1379 et
1243 1327 1477 1379 terreus
1533 1338 1727 1398 agger.
1833 1319 1935 1391 sed
1994 1320 2149 1379 fossa
2206 1321 2284 1378 ita
2342 1317 2569 1398 idonea,

277 1432 326 1488 si
364 1447 600 1488 omnem
642 1446 874 1506 aquam,
911 1445 1061 1505 quae
1100 1445 1131 1485 e
1171 1425 1334 1486 caclo
1373 1427 1550 1505 venit,
1589 1427 1858 1505 recipere
1897 1433 2094 1505 potest
2131 1433 2235 1485 aut
2271 1427 2570 1503 fastigium

209 1549 250 1587 10
278 1535 469 1615 babet,
517 1544 584 1595 ut
632 1541 804 1594 exeat
850 1553 882 1593 e
929 1533 1130 1592 fundo,
1221 1551 1398 1610 agger
1437 1535 1488 1593 is
1526 1532 1736 1612 bonuS‚
1784 1535 1888 1611 qui
1924 1534 2285 1592 intrinsecus
2323 1535 2620 1593 iunctus3

279 1645 433 1703 fossa
487 1650 593 1702 aut
649 1644 728 1701 ita
786 1640 1034 1719 ardum,
1094 1646 1160 1699 ut
1217 1659 1353 1699 eum
1401 1639 1826 1699 transcendere
1885 1658 2004 1699 non
2059 1642 2136 1699 sit
2183 1638 2371 1700 facile.
2463 1639 2576 1699 hoc

278 1769 465 1828 genus
531 1767 742 1827 saepes
800 1734 929 1807 sieri
985 1748 1313 1808 secundum
1376 1750 1499 1806 vias
1557 1746 1825 1825 publicas
1885 1746 2078 1806 solent
2134 1754 2194 1807 et
2249 1745 2575 1806 secundum

278 1875 494 1918 amnes,
588 1856 663 1915 ad
721 1855 872 1914 viam
927 1853 1198 1914 salariam
1254 1856 1316 1914 in
1374 1872 1516 1932 agro
1565 1853 1948 1914 Crustumino
1997 1854 2197 1914 videre
2244 1853 2384 1914 licet
2429 1852 2577 1912 locis

280 1964 498 2048 aliquot
555 1963 910 2022 coniunctos
966 1980 1211 2041 aggeres
1267 1981 1403 2023 cum
1463 1963 1668 2042 fossiS‚
1723 1980 1798 2021 ne
1855 1960 2076 2021 flumen
2133 1962 2291 2039 agris
2348 1968 2574 2020 noceat.

211 2080 256 2119 15
281 2089 522 2148 aggeres
574 2070 800 2130 faciunt
847 2071 974 2129 sine
1021 2071 1204 2130 fossa:
1251 2088 1355 2129 eos
1400 2069 1644 2148 quidam
1693 2076 1905 2128 vocant
1952 2086 2172 2147 muroS‚
2221 2050 2394 2127 utin
2432 2084 2572 2144 agro

280 2177 539 2237 Reatino,
634 2184 912 2255 quartum
960 2175 1168 2236 fabrile
1215 2178 1647 2255 saepimentum
1694 2185 1787 2236 est
1831 2177 2243 2255 novissimum,
2292 2177 2624 2235 maceria.4

281 2284 451 2344 huius
517 2285 643 2342 fere
711 2285 943 2361 species
1008 2280 1318 2364 quattuor,
1382 2283 1542 2361 quod
1609 2284 1759 2342 fiunt
1814 2300 1847 2341 e
1903 2281 2125 2362 lapide,
2190 2290 2258 2342 ut
2313 2283 2375 2340 in
2431 2299 2573 2358 agro

284 2389 642 2470 Tusculano,
692 2390 850 2467 quod
898 2409 930 2449 e
978 2389 1265 2450 lateribus
1313 2389 1657 2471 coctilibuS‚
1706 2397 1772 2448 ut
1820 2390 1880 2448 in
1928 2406 2069 2466 agro
2118 2387 2365 2468 Gallico,
2414 2388 2577 2466 quod

285 2516 315 2555 e
371 2496 658 2557 lateribus
716 2496 945 2578 crudiS‚
1004 2505 1072 2557 ut
1117 2498 1179 2557 in
1227 2515 1366 2575 agro
1416 2497 1662 2578 Sabino,
1722 2496 1880 2578 quod
1930 2514 2002 2555 ex
2049 2503 2208 2555 terra
2256 2503 2317 2555 et
2362 2494 2573 2574 lapillis

216 2616 262 2654 2⁰
287 2607 603 2684 conpositis
650 2606 714 2664 in
763 2604 994 2684 formi8‚
1040 2611 1108 2663 ut
1152 2605 1215 2662 in
1262 2603 1544 2682 Hispania
1592 2611 1653 2664 et
1698 2622 1839 2682 agro
1888 2603 2226 2663 Tarentino.

454 2712 773 2772 Praeterea
840 2711 969 2769 sine
1037 2712 1255 2787 saeptis
1311 2710 1460 2769 fines
1510 2710 1721 2789 -praedi
1777 2712 2021 2771 sationis
2076 2712 2234 2770 notis
2288 2709 2569 2773 arborum
2591 2710 2689 2770 XV

419 2907 450 2954 9
489 2916 697 2968 aquam
732 2907 883 2966 'quae
922 2916 952 2953 e
990 2898 1145 2953 caelo
1184 2898 1340 2980 yenit
1373 2899 1520 2953 Non.
1551 2916 1613 2968 p.
1653 2903 1793 2965 302,
1831 2902 1906 2953 12

420 3084 451 3132 2
512 3076 699 3148 opseri
743 3077 801 3130 P
850 3075 1034 3131 obseri
1077 3076 1240 3131 ABv
1385 3076 1550 3131 vivae
1608 3078 1792 3146 saepis
1847 3077 2073 3130 inclusit
2128 3075 2396 3130 Gesnerua
2540 3083 2572 3129 3

286 3166 720 3236 praeteereuntis
756 3165 812 3219 Β
956 3164 1200 3219 secunda
1245 3183 1372 3236 seps
1409 3165 1529 3220 AB
1577 3166 1821 3220 secunda
1868 3182 2061 3234 saepes
2110 3166 2162 3218 V
2301 3170 2336 3217 4
2384 3166 2472 3219 est
2507 3182 2574 3219 ex

286 3256 488 3325 agresti
541 3253 734 3324 eligno
781 3254 899 3309 PB
953 3260 1003 3309 et
1058 3271 1088 3308 e
1145 3256 1329 3310 littera
1382 3261 1510 3310 ante
1564 3255 1719 3326 ligno
1776 3256 1950 3310 deleta
1994 3255 2048 3308 A
2106 3255 2193 3307 est
2248 3270 2315 3307 ex
2362 3255 2574 3323 agresti

286 3343 430 3413 ligno
467 3362 561 3399 mv
710 3350 742 3397 5
783 3359 812 3396 e
851 3343 1108 3413 uirgultis
1138 3343 1320 3397 PAB
1365 3346 1423 3400 et
1459 3343 1722 3413 uirgultis
1750 3360 1803 3397 m
1840 3360 1906 3397 ac
1943 3342 2205 3412 uirgultis
2234 3361 2265 3397 v
2410 3343 2572 3412 inpli-

287 3434 418 3488 catis
461 3432 516 3486 A
563 3430 870 3502 implicatis
921 3431 1039 3487 PB
1094 3431 1384 3502 implicitis
1418 3450 1461 3506 ‘v
1609 3440 1640 3487 6
1695 3431 1944 3486 traiectis
2002 3432 2085 3486 bis
2134 3434 2426 3502 scriptum,
2482 3435 2575 3489 sed

277 3524 571 3591 posteriore
625 3522 740 3575 loco
797 3522 1026 3575 deletum
1081 3526 1157 3576 est
1209 3522 1273 3576 in
1318 3521 1372 3574 A
1518 3522 1767 3591 longuris
1818 3522 2001 3575 PAB
2046 3522 2319 3591 longuriis
2364 3538 2398 3576 v
2542 3528 2573 3575 7

285 3645 506 3701 demisis
533 3645 592 3700 A
735 3643 973 3700 tercium
1002 3645 1053 3698 A
1199 3650 1231 3699 8
1270 3622 1455 3701 terzus
1484 3646 1541 3700 A
1684 3662 1857 3715 agger
1891 3645 1945 3700 V
1966 3662 2100 3715 ager
2128 3646 2249 3701 AB
2392 3653 2423 3701 9
2463 3662 2576 3713 qua

286 3735 432 3790 ecelo
461 3735 517 3790 A
667 3740 734 3788 10
772 3750 801 3788 e
838 3733 1037 3804 fundo]
1077 3733 1298 3788 effundo
1326 3735 1383 3790 A
1526 3752 1699 3804 agger
1734 3735 1783 3788 is
1813 3736 2107 3791 Iucunda-s
2134 3734 2357 3806 aggeris
2398 3734 2576 3789 VAB

388 3831 453 3879 12
494 3841 693 3893 saepes
712 3823 771 3878 P
791 3838 952 3891 sepes
972 3823 1094 3878 AB
1120 3822 1303 3893 saepis
1319 3840 1350 3877 υ
1464 3831 1528 3877 13
1549 3823 1905 3878 crusti-imino
1924 3824 1981 3878 A
2001 3824 2326 3879 crustimino
2345 3842 2399 3878 m
2509 3829 2575 3877 14

288 3947 509 4018 aliquod
559 3947 680 4002 PA
733 3912 963 4015 alffigfi
1010 3948 1066 4002 Β
1210 3947 1535 4001 cuniunctos
1583 3947 1640 4002 A
1783 3965 1909 4002 cum
1955 3948 2145 4019 fossis]
2204 3921 2474 4002 confossis
2521 3947 2577 4002 A

425 4044 491 4091 16
531 4035 750 4091 reatino
779 4053 875 4091 mv
912 4035 1092 4091 retino
1122 4035 1299 4091 PAB
1409 4040 1671 4105 quartum
1702 4036 1863 4091 ABv
1893 4038 2164 4105 quantum
2191 4041 2255 4090 ut
2280 4037 2496 4090 videtur
2523 4036 2581 4089 P

422 4133 487 4180 17
542 4126 686 4179 fiunt
722 4123 900 4180 PAB
954 4126 1020 4180 fit
1054 4123 1238 4179 A2mv
1385 4130 1448 4179 19
1507 4124 1576 4178 de
1632 4124 1901 4179 lateribus
1948 4126 2246 4194 posteriore
2300 4126 2413 4180 loco
2457 4124 2577 4179 Am

422 4220 492 4270 20
530 4213 859 4283 compositis
896 4214 1008 4269 VB
1045 4214 1325 4284 copiosius
1352 4214 1409 4269 A
1514 4213 1575 4268 in
1611 4214 1869 4284 hispania
1907 4214 1966 4268 et
1996 4230 2131 4283 agro
2158 4231 2194 4269 v
2229 4211 2289 4267 in
2315 4212 2575 4287 hispanie

290 4321 416 4373 agro
467 4304 522 4357 P
574 4304 633 4357 in
688 4302 949 4372 hispanie
1003 4320 1138 4373 agro
1175 4304 1232 4359 A
1282 4302 1342 4358 in
1397 4303 1660 4372 hispania
1713 4302 1772 4357 in
1828 4320 1963 4373 agro
2008 4320 2060 4357 m
2118 4302 2176 4355 in
2224 4301 2574 4370 hinispaniae

291 4409 417 4462 agro
453 4394 510 4446 Β
654 4390 939 4447 terentino
975 4392 1031 4445 A

387 4487 452 4535 21
482 4479 696 4551 saeptis
717 4481 774 4535 Β
801 4475 976 4549 septis
999 4479 1112 4535 VA
1218 4480 1438 4550 praedii
1460 4480 1638 4537 VAB
1746 4479 1976 4535 sationis
2006 4479 2154 4534 notis
2173 4481 2435 4536 arborum
2462 4480 2579 4535 VB

293 4569 517 4625 sationis
559 4566 771 4626 ationis
804 4568 955 4624 notis
993 4569 1251 4625 arborum
1286 4570 1344 4626 A
1381 4570 1610 4676 satione
1634 4572 1893 4626 arborum
1929 4570 2291 4626 Schneiderus
