3178 5185
843 396 1097 451 RERVM
1134 396 1772 468 RVSTICARVMJLIB.
1811 397 1861 450 ΙΙ
1904 395 1940 448 2
2410 397 2540 460 219

316 582 439 643 quae
494 564 682 623 dicam.
786 565 1029 643 arieteS,
1096 564 1312 642 quibus
1381 566 1462 623 sis
1527 583 1749 624 usurus
1808 564 1878 624 ad
1935 564 2215 644 feturam,
2280 563 2552 623 bimestri

310 680 532 749 tempore
589 678 721 730 ante
780 670 1214 730 secernendum
1271 679 1331 731 et
1385 671 1608 755 largius
1664 671 1880 749 pabulo
1949 670 2322 749 explendum.
2413 688 2549 730 cum

305 776 567 837 redierunt
619 781 706 837 ad
758 776 986 837 stabula
1043 795 1074 836 e
1131 785 1332 858 pasta,
1387 777 1678 838 hordeum
1736 781 1788 838 si
1834 785 1925 838 est
1971 777 2200 855 datum,
2256 777 2551 837 firmiores

301 885 428 943 fiunt
467 884 528 943 ad
571 882 831 943 laborem
883 883 1313 943 sustinendum.
1405 891 1642 961 tempus
1682 886 1971 962 optimum
2008 884 2078 944 ad
2118 883 2549 945 admittendum

253 988 360 1049 5ab
406 991 607 1049 arcturi
662 1007 881 1049 occasu
936 989 1006 1049 ad
1064 989 1294 1069 aquilae
1352 1008 1656 1070 occasum,
1728 989 1885 1068 quod
1944 1008 2094 1068 quae
2151 999 2353 1070 postea
2411 1009 2548 1052 con-

295 1097 505 1175 cipiunt,
539 1097 685 1156 fiunt
724 1096 1049 1174 vegrandes
1087 1104 1264 1175 atque
1302 1096 1628 1157 inbecillae.
1714 1098 1838 1155 ovis
1874 1115 2164 1175 praegnas
2202 1107 2293 1159 est
2330 1098 2540 1159 diebus
2564 1101 2646 1158 14

296 1217 384 1263 CL.
426 1206 605 1283 itaque
652 1204 720 1263 fit
765 1211 974 1282 partus
1021 1207 1186 1265 exitu
1223 1203 1566 1285 autumnali,
1615 1222 1750 1263 cum
1790 1221 1890 1263 aer
1928 1212 2019 1264 est
2057 1205 2287 1265 modice
2325 1213 2546 1283 tempe-

293 1318 431 1370 ratus
497 1319 553 1370 et
623 1312 906 1389 primitus
980 1313 1172 1371 oritur
1245 1310 1430 1371 herba
1505 1309 1798 1371 imbribus
1863 1310 2228 1389 primoribus
2293 1317 2549 1388 evocata.

294 1435 441 1495 quam
485 1418 579 1477 diu
625 1418 956 1478 admissura
996 1419 1079 1499 fit,
1127 1418 1333 1478 eadem
1372 1436 1521 1496 aqua
1560 1420 1649 1478 uti
1688 1426 1940 1498 oportet,
1988 1418 2144 1496 quod
2185 1418 2548 1478 conmutatio

229 1542 269 1581 ιο
292 1532 343 1583 et
388 1524 561 1585 lanam
612 1525 755 1585 facit
803 1527 1023 1586 variam
1070 1532 1131 1584 et
1179 1526 1508 1603 corrumpit
1555 1532 1810 1585 uterum.
1907 1543 2042 1585 cum
2090 1543 2295 1585 omnes
2341 1543 2550 1584 conce-

289 1642 501 1714 perunt,
553 1650 767 1692 rursus
823 1633 1042 1692 arietes
1095 1632 1472 1712 secernendi,
1529 1633 1611 1691 ita
1658 1617 1829 1691 factis
1877 1631 2343 1709 praegnantibus
2391 1631 2548 1709 quod

290 1748 408 1798 sunt
456 1738 708 1819 molesti,
766 1738 1002 1798 obsunt.
1097 1756 1290 1816 neque
1349 1739 1468 1815 pati
1525 1745 1760 1815 oportet
1815 1739 2079 1797 minores
2138 1756 2313 1816 quam
2361 1736 2550 1796 bimas

291 1842 453 1925 saliri,
505 1845 655 1924 quod
715 1863 912 1923 neque
964 1853 1166 1905 natum
1216 1864 1286 1905 ex
1334 1845 1428 1905 his
1474 1845 1753 1906 idoneum
1802 1852 1918 1926 est,
1978 1863 2172 1923 neque
2221 1861 2341 1903 non
2386 1845 2549 1921 ipsae

291 1949 418 2012 fiunt
475 1952 827 2033 deteriore83
892 1959 952 2012 et
1016 1971 1135 2012 non
1204 1951 1481 2012 meliores
1537 1971 1712 2030 quam
1772 1954 1982 2012 trimae
2040 1951 2348 2011 admissae.
2451 1950 2549 2010 de-

231 2073 268 2114 15
292 2063 492 2117 terrent
533 2058 603 2118 ab
652 2058 944 2139 saliend0,
993 2067 1054 2118 et
1100 2058 1351 2118 fiscellas
1400 2077 1431 2119 e
1481 2060 1660 2119 iunco
1710 2058 1892 2118 aliave
1940 2076 2055 2137 qua
2103 2076 2168 2116 re
2218 2056 2374 2135 quod
2424 2054 2547 2115 alli-

292 2170 408 2239 gant
447 2165 514 2224 ad
559 2174 848 2226 naturam.
942 2166 1311 2226 commodius
1360 2174 1699 2245 servantur,
1747 2168 1799 2226 si
1847 2174 2107 2226 secretas
2155 2171 2424 2243 pascunt.

439 2271 498 2332 In
534 2275 835 2334 nutricatu
875 2291 1010 2333 cum
1048 2291 1258 2351 parere
1298 2285 1642 2354 coeperunt,
1690 2275 1924 2351 inigunt
1961 2275 2021 2332 in
2061 2270 2305 2351 stabula,
2353 2288 2540 2348 eaque
2567 2274 2645 2332 15

293 2374 478 2439 habent
521 2380 589 2439 ad
637 2399 769 2441 eam
817 2399 944 2441 rem
991 2380 1242 2462 seclusa,
1289 2381 1492 2460 ibique
1541 2388 1675 2441 nata
1714 2382 1978 2441 recentia
2018 2379 2088 2439 ad
2129 2380 2324 2456 ignem
2362 2396 2548 2455 prope

289 2494 503 2567 ponunt,
549 2488 736 2566 quaad
791 2488 1234 2549 convaluerunt.
1326 2488 1574 2549 biduum
1623 2496 1724 2548 aut
1770 2488 2035 2547 triduum
2082 2487 2360 2565 retinent,
2407 2485 2550 2544 dum

404 2770 436 2818 4
469 2768 689 2836 tempus
728 2767 1006 2836 optimum
1048 2767 1198 2823 Ptin.
1240 2773 1295 2837 8,
1332 2772 1442 2824 187

472 3023 501 3070 2
565 3017 995 3086 exemplandum
1030 3017 1107 3071 .B
1321 3023 1352 3070 3
1417 3015 1705 3071 redierunt
1759 3016 1831 3070 ad
1885 3014 2107 3069 stabula
2157 3014 2211 3066 P
2262 3013 2549 3068 redierunt

289 3101 479 3159 stabula
513 3106 695 3161 ABm
730 3106 1000 3160 redierint
1036 3104 1108 3159 ad
1148 3104 1373 3159 stabula
1407 3122 1440 3159 v
1611 3105 1940 3177 hordeumm
1975 3104 2031 3158 Β
2201 3108 2236 3157 4
2273 3103 2546 3157 sustinen-

289 3189 398 3257 dum
457 3193 564 3248 VA
623 3194 1048 3249 substinendum
1103 3194 1158 3247 Β
1330 3197 1364 3246 5
1423 3192 1672 3262 aquilae]
1729 3191 2000 3261 aliquidle
2055 3206 2191 3246 corr.
2250 3191 2437 3259 aquile
2491 3190 2548 3244 A

325 3276 331 3284 ’
406 3283 547 3349 quod
595 3283 764 3352 quae]
815 3282 1023 3350 quodq3
1061 3283 1116 3335 B
1261 3281 1357 3350 qui
1393 3282 1594 3350 postea
1633 3279 2023 3350 concipiuntur
2058 3281 2201 3334 fiunt
2235 3281 2547 3349 uegrandes

287 3369 427 3437 atque
454 3369 724 3426 imbecilli
755 3371 991 3425 Ursinus
1023 3377 1072 3426 et
1091 3371 1300 3438 Popma
1320 3371 1436 3424 coll.
1463 3370 1619 3424 Ptin.
1652 3368 1818 3423 VIII
1845 3373 1954 3425 187
1975 3371 2174 3438 postea
2191 3370 2447 3440 concepti
2464 3368 2548 3424 in-

285 3458 433 3513 validi
521 3468 552 3516 6
580 3459 926 3529 uaegrandes
954 3460 1009 3513 Β
1032 3502 1043 3514 .
1063 3460 1390 3529 Vegrandes
1418 3461 1482 3513 in
1499 3460 1748 3528 marqine
1768 3459 2060 3528 adscripsit
2080 3459 2137 3512 P
2219 3458 2547 3514 inbecilleA

285 3543 569 3605 imuecillae
609 3550 666 3602 P
699 3549 963 3621 inuecille
1003 3566 1045 3617 s,
1082 3551 1175 3604 sed
1212 3568 1237 3603 s
1273 3549 1500 3603 deletum
1528 3549 1584 3601 B
1621 3547 1913 3602 inbecilles
1949 3565 2003 3601 m
2039 3545 2355 3602 imbecillae
2392 3565 2424 3602 v

285 3650 529 3704 praegnas
570 3636 627 3691 P
660 3653 977 3707 praegnans
1013 3636 1176 3691 ABv
1359 3644 1389 3691 ’1
1430 3636 1582 3691 exitu
1620 3653 1712 3691 mv
1753 3637 1933 3691 exitus
1967 3637 2149 3690 PAB
2331 3636 2549 3688 autum-

286 3723 379 3777 nali
405 3726 518 3779 AB
554 3725 849 3781 autunnali
876 3725 933 3779 P
952 3725 1278 3781 auctunnali
1305 3743 1336 3779 v
1446 3732 1478 3780 8
1518 3728 1577 3778 et
1605 3725 1864 3794 primitus
1905 3725 2018 3779 VB
2045 3741 2111 3779 ac
2140 3723 2400 3794 primitus
2428 3723 2549 3778 Am

373 3820 401 3867 9
437 3814 789 3882 admissuran
816 3816 871 3869 Β
990 3815 1140 3883 quod
1177 3813 1543 3869 commutatio
1591 3814 1695 3867 VB
1732 3814 1885 3882 quod
1919 3813 2287 3867 cummutatio
2315 3813 2370 3866 A
2483 3818 2548 3865 10

287 3917 451 3957 omnes
486 3905 728 3959 mutatio
767 3907 1156 3975 conceperunt,
1195 3907 1288 3959 sed
1324 3903 1561 3958 mutatio
1600 3904 1828 3958 deletum
1855 3905 1910 3957 A
2022 3910 2086 3958 12
2127 3901 2332 3957 obsunt
2357 3902 2550 3956 delevit

287 3989 502 4063 Scaliger
594 4000 661 4047 13
699 4008 879 4062 neque
902 4010 1027 4053 ,non
1062 3993 1220 4063 ipsae
1250 3993 1364 4048 PA
1401 4009 1581 4060 neque
1618 3993 1774 4061 ipsae
1802 3992 1857 4045 Β
1894 4008 1997 4046 nec
2032 4010 2142 4047 non
2169 3991 2327 4060 ipsae
2353 4007 2386 4044 v
2481 3995 2547 4044 15

288 4081 333 4133 et
368 4082 600 4137 fiscellas
652 4099 681 4136 e
729 4081 894 4138 iunco
951 4082 1004 4136 V
1046 4083 1104 4137 et
1150 4081 1364 4136 fiscella
1409 4081 1633 4136 seiunco
1680 4080 1736 4134 Β
1783 4086 1840 4135 et
1883 4081 2074 4135 fixelas
2123 4078 2349 4134 seiunco
2388 4080 2443 4132 A
2490 4081 2549 4133 et

287 4168 494 4226 fiscellas
531 4170 761 4226 seiunco
797 4189 848 4226 m

407 4267 466 4316 17
505 4262 813 4330 coeperunt
837 4260 894 4314 P
919 4261 1186 4329 ceperunt
1212 4261 1265 4312 A
1296 4261 1597 4329 caeperunt
1623 4259 1677 4312 B
1707 4257 1993 4327 coeperint
2018 4275 2051 4312 v
2187 4260 2253 4309 19
2282 4257 2498 4325 ponunt
2514 4273 2547 4310 v
2635 4300 2648 4318 .

287 4353 468 4414 ponant
507 4349 693 4403 PAB
838 4349 1024 4418 quaad
1058 4349 1242 4403 PAB
1281 4348 1468 4417 quoad
1500 4346 1624 4403 A'v
1769 4346 2000 4402 biduum
2036 4347 2137 4399 aut
2170 4343 2416 4399 triduum
2453 4362 2547 4400 mv

287 4434 488 4491 biduum
517 4438 590 4491 ad
619 4437 865 4491 triduum
885 4437 1003 4491 PB
1029 4437 1261 4493 budium
1281 4437 1353 4492 ad
1371 4437 1619 4491 triduum
1637 4437 1693 4491 A
1784 4435 1916 4488 dum
1935 4434 2350 4502 adcognoscant
2368 4434 2549 4487 PAB

291 4523 398 4579 dum
431 4526 744 4597 agnoscant
778 4541 872 4579 mv
2369 4562 2370 4569 κ
