3178 5185
551 389 637 452 40
1242 393 1622 450 COMMENT.
1661 394 1740 448 IN
1778 391 2153 448 VARRONIS

554 560 748 614 terrae
773 552 1087 613 mediocris
1106 551 1253 611 haec
1284 551 1438 611 dicta
1469 558 1628 632 sunt,
1648 568 1767 610 non
1798 549 1869 610 de
1899 568 2018 610 uno
2040 548 2276 610 Tiburti
2305 567 2474 629 agro:
2504 546 2717 609 deinde
2750 552 2842 609 in-

553 664 821 738 clinabit,
851 659 955 721 ubi
984 662 1303 721 inclinarit
1330 658 1420 719 vel
1452 661 1782 719 inclinaret
1800 657 2102 718 Gesnerus
2133 658 2487 718 coniecerat.
2541 655 2845 735 Theophr.

553 769 625 829 de
674 787 832 829 caus,
870 767 1048 847 plant.
1084 761 1140 826 '11
1178 763 1246 846 4,
1286 763 1325 827 9
1375 757 1452 827 oi
1506 757 1640 846 μὴν
1688 755 1834 826 ἀλλ’
1889 758 2114 827 αὐτῶν
2157 784 2234 845 γε
2279 759 2538 825 τούτων
2586 754 2627 843 ἡ
2675 754 2849 843 πρὸς

552 867 845 957 θάτερον
893 869 1092 956 μέρος
1139 866 1599 935 ἀποκλίνουσα
1646 869 1762 952 τῆς
1809 865 2258 946 ἐναντιώσεως
2303 870 2639 953 κρείττων.

733 981 769 1044 7
841 982 1055 1061 Signa
1111 983 1293 1041 sumi
1348 998 1562 1059 posse
1622 989 1742 1040 aut
1789 998 1868 1040 ex
1926 982 2077 1059 ipsa
2135 989 2255 1040 aut
2311 997 2489 1059 quae
2537 998 2849 1040 nascun-

553 1099 671 1152 tur
728 1109 808 1150 ex
864 1088 992 1167 iis]
1051 1089 1173 1149 Aut
1237 1107 1315 1149 ex
1381 1091 1513 1164 ipsa
1577 1094 1684 1148 aut
1741 1106 1820 1149 ex
1881 1090 1956 1148 iis
2011 1106 2169 1163 quae
2224 1093 2566 1149 nascuntur
2622 1106 2705 1148 ex
2774 1106 2851 1148 ea

554 1197 875 1259 Iucundus.
950 1197 1187 1257 restitui
1226 1195 1541 1256 lectionem
1582 1194 1907 1274 archetypi.
1971 1213 2104 1255 nam
2143 1194 2676 1255 demonstrativum
2709 1213 2852 1274 pro-

556 1325 776 1366 nomen
825 1324 905 1366 ex
952 1308 1028 1366 iis
1073 1312 1209 1383 post
1255 1303 1565 1374 relativum
1614 1322 1771 1379 quae
1817 1310 2159 1364 nascuntur
2205 1306 2465 1382 positum
2513 1310 2630 1385 est,
2691 1305 2856 1363 sicut

554 1416 614 1474 in
663 1415 737 1473 iis
785 1431 934 1491 quae
984 1419 1319 1492 sequuntur
1379 1415 1435 1472 si
1476 1419 1618 1472 sunt
1663 1413 1915 1487 prolixa
1976 1419 2159 1486 atque
2217 1428 2376 1485 quae
2421 1430 2501 1471 ex
2549 1414 2622 1471 iis
2672 1414 2859 1471 nasci

556 1523 773 1582 debent
819 1538 1032 1581 earum
1079 1537 1289 1580 rerum
1329 1519 1598 1595 feracia,
1647 1517 1748 1580 ubi
1796 1521 1996 1593 adque
2042 1536 2116 1579 ea
2166 1536 2325 1593 quae
2372 1518 2484 1578 suit
2530 1519 2590 1577 in
2639 1518 2855 1578 arche-

557 1637 715 1708 typo,
762 1646 836 1688 ea
883 1626 1202 1687 delendum
1251 1644 1383 1687 esse
1431 1625 1730 1686 adnotavit
1778 1625 2199 1686 Schneiderus.
2272 1627 2415 1686 item
2453 1624 2479 1684 I
2523 1622 2622 1707 17,
2654 1621 2697 1685 6
2748 1628 2860 1700 qui

550 1737 960 1811 praestabunt
1007 1737 1175 1814 αῖὶοε,
1225 1735 1792 1794 communicandum
1830 1751 2067 1808 quoque
2105 1750 2242 1794 cum
2280 1735 2390 1808 hic,
2430 1730 2506 1792 ib.
2548 1729 2584 1792 7
2625 1735 2859 1807 quibus

556 1845 707 1917 quid
736 1845 993 1918 yravius
1031 1845 1111 1903 sit
1147 1844 1506 1917 imperatum
1545 1873 1629 1909 —,
1670 1848 1885 1900 eorum
1916 1843 2203 1901 restituat
2238 1844 2619 1914 voluntatem,
2670 1837 2782 1921 31,
2813 1838 2855 1901 2

558 1954 717 2011 coles
763 1953 872 2025 qui
915 1953 1051 2010 nati
1092 1955 1251 2030 sunt,
1298 1951 1373 2009 de
1420 1951 1494 2008 iis
1541 1951 1649 2023 qui
1685 1951 2016 2024 plurimum
2062 1951 2279 2009 valent.

733 2062 785 2115 X
822 2054 864 2117 2
929 2055 994 2116 Is
1042 2054 1290 2116 modus
1339 2072 1561 2114 acnua
1610 2053 1832 2115 latine
1871 2052 2315 2134 appellatur]
2374 2051 2599 2114 Colum.
2637 2054 2688 2112 V
2723 2052 2783 2137 1,
2813 2053 2856 2118 5

556 2168 719 2226 hunc
776 2170 980 2225 actum
1029 2147 1397 2240 provinciae*
1447 2163 1741 2223 Baeticae
1799 2165 2021 2223 rustici
2074 2179 2339 2237 aynuam
2401 2167 2645 2222 vocant:
2717 2181 2857 2223 nam

559 2290 842 2348 aynuam,
890 2289 1008 2331 non
1058 2287 1340 2351 acnuam,
1394 2268 1573 2330 habet
1621 2268 1806 2329 codex
1858 2268 2413 2349 SangermanensiS‚
2470 2286 2697 2344 aqnam
2756 2289 2857 2330 ex-

560 2387 763 2458 cerpta
824 2377 1034 2438 [sidori
1081 2385 1328 2456 gromat.
1372 2384 1485 2438 vet.
1525 2396 1574 2437 v.
1615 2376 1640 2436 1
1686 2396 1747 2456 p.
1784 2374 1942 2458 368,
1982 2373 2041 2437 5.
2124 2395 2331 2452 aynua
2388 2374 2466 2438 ib.
2514 2396 2569 2456 p.
2610 2374 2767 2459 246,
2806 2375 2857 2438 1.

560 2482 708 2565 339,
740 2482 848 2566 173
899 2503 1063 2560 aqna
1111 2482 1189 2543 ib.
1229 2501 1284 2561 p.
1326 2479 1475 2565 245,
1507 2482 1573 2565 73
1620 2503 1868 2560 aynuar
1914 2485 2225 2563 inscriptio
2273 2483 2589 2563 Hispaniae
2638 2484 2857 2545 Tarra-

560 2595 837 2655 conensis
885 2611 941 2653 n.
982 2588 1172 2653 3361.
1248 2610 1452 2654 acnua
1501 2595 1844 2653 coniectura
1891 2591 2252 2653 Lachmanni
2292 2592 2515 2653 editum
2556 2600 2647 2653 est
2697 2591 2856 2673 apud

561 2700 914 2760 Frontinum
972 2699 1045 2759 de
1100 2698 1388 2759 limitibus
1445 2718 1500 2778 p.
1541 2697 1659 2781 30,
1707 2697 1786 2760 12
1854 2719 1933 2761 ex
1989 2702 2232 2761 actibus
2283 2704 2521 2762 conicio
2586 2718 2859 2761 acnuam

554 2810 820 2885 primum
867 2810 1252 2883 appellatum,
1302 2805 1458 2885 quod
1508 2806 1852 2867 Rudorffius
1890 2809 1952 2867 in
1991 2805 2336 2886 gromaticis
2373 2806 2859 2868 institutionibus

561 2934 616 2994 p.
658 2911 789 2975 280
835 2912 1114 2973 defendit.

740 3019 992 3080 Decem
1048 3017 1266 3098 pedes
1325 3029 1392 3080 et
1446 3019 1909 3099 longitudine
1967 3029 2037 3081 et
2091 3019 2484 3081 latitudine
2543 3022 2857 3100 quadra·

563 3127 744 3207 tum]
787 3130 863 3190 In
891 3130 1329 3203 longitudinem
1368 3134 1427 3187 et
1462 3130 1843 3189 latitudinem
1875 3146 1945 3188 ex
1974 3126 2222 3198 Victorii
2251 3128 2509 3189 editione
2540 3138 2857 3209 receptum

566 3222 712 3318 erat,
758 3243 1044 3296 consueto
1093 3237 1153 3294 in
1200 3234 1314 3295 hoc
1354 3253 1571 3314 genere
1622 3233 1856 3295 dicendi
1907 3253 2035 3316 usu,
2082 3234 2107 3294 I
2145 3232 2206 3317 8,
2233 3233 2275 3296 2
2315 3239 2377 3297 in
2416 3239 2858 3312 longitudinem

563 3351 623 3405 et
650 3345 1029 3405 latitudinem
1068 3345 1299 3418 iuyata,
1339 3341 1418 3401 111
1446 3338 1506 3422 5,
1533 3339 1614 3404 10
1636 3349 1809 3420 patet
1838 3346 1900 3405 in
1928 3346 2308 3405 latitudinem
2330 3346 2519 3420 pedes
2548 3344 2665 3403 XL
2683 3345 2857 3419 VIII,

564 3453 628 3511 in
673 3434 1108 3525 lonyitudinem
1149 3452 1338 3527 pedes
1384 3450 1664 3526 LXXII,
1721 3446 1781 3532 5,
1816 3447 1898 3512 15
1945 3453 2154 3523 tabula
2201 3458 2424 3512 cavata
2468 3453 2547 3511 sit
2591 3460 2662 3512 ut
2709 3460 2859 3530 tym-

556 3575 789 3635 panum
837 3560 899 3618 in
946 3559 1327 3619 latitudinem
1385 3560 1505 3618 duo
1554 3560 1744 3634 pedes
1800 3565 1860 3619 et
1911 3561 2295 3639 semipedem,
2352 3562 2416 3619 in
2471 3561 2860 3622 altitudinem

557 3669 844 3742 palmum,
892 3672 951 3724 et
998 3663 1248 3724 ablativo
1296 3682 1436 3724 casu
1484 3683 1620 3725 cum
1670 3667 2065 3745 comparativo
2115 3665 2196 3725 111
2236 3663 2306 3748 9,
2337 3663 2376 3726 6
2436 3678 2740 3742 utraeque
2796 3670 2859 3728 in

564 3773 1001 3847 longitudinem
1048 3774 1303 3834 circiter
1351 3774 1557 3834 decem
1597 3775 1849 3849 pedum,
1909 3775 2231 3834 latitudine
2278 3774 2526 3833 dimidio
2571 3777 2858 3849 minoreS,

566 3881 888 3941 altitudine
944 3883 1134 3955 paulo
1199 3881 1582 3951 humiliores;
1657 3880 1890 3940 diverso
1957 3881 2132 3940 modo
2197 3878 2250 3940 ΙΙ
2297 3875 2366 3961 4,
2407 3876 2494 3940 20
2558 3882 2856 3942 hordeum

558 3987 766 4063 fusum
812 3989 877 4046 in
923 3989 1313 4061 lonyitudine.

743 4092 840 4152 Ab
886 4092 1017 4153 hoc
1065 4094 1427 4173 principio
1478 4111 1847 4154 mensores
1884 4112 2020 4154 non
2070 4112 2449 4173 numquam
2487 4094 2744 4156 dicunt
2785 4098 2856 4156 in

569 4199 1019 4261 subsiciuum
1086 4218 1244 4261 esse
1311 4203 1598 4262 unciam
1668 4202 1819 4281 agri
1884 4211 2004 4263 aut
2077 4209 2482 4262 sextantem
2559 4204 2619 4262 si
2686 4202 2855 4282 quid

568 4307 762 4368 aliud
811 4326 965 4368 cum
1014 4307 1095 4367 ad
1144 4310 1474 4387 iugerum
1522 4308 2059 4387 peruenerunt]
2119 4310 2192 4370 In
2247 4311 2545 4371 subsicivo
2602 4312 2857 4371 coniecit

572 4412 972 4474 Schneiderus
1029 4432 1238 4494 parum
1287 4422 1548 4475 attentus
1597 4415 1668 4475 ad
1715 4433 1890 4476 usum
1939 4414 2254 4496 formulae,
2310 4434 2460 4495 quae
2518 4416 2853 4478 defenditur

569 4522 642 4581 iis
692 4538 841 4598 quae
889 4519 1155 4581 Handius
1203 4521 1453 4582 Turseli,
1494 4541 1544 4583 V.
1583 4520 1663 4582 111
1708 4541 1764 4601 p.
1804 4519 1934 4583 322
1973 4541 2099 4601 sqq.
2149 4525 2497 4601 composuit.
2575 4532 2686 4585 aut
2717 4544 2852 4586 sex-
