3178 5185
894 414 1154 467 RERVM
1192 414 1672 470 RVSTICARVM
1718 417 1855 472 LIB.
1894 418 1944 470 H
1986 418 2021 471 2
2482 411 2600 476 151

318 569 429 627 tivo
471 568 729 645 perfecti
770 570 1052 648 temporis
1108 568 1217 644 bis,
1265 568 1340 629 111
1387 568 1485 651 16,
1519 552 1601 632 37
1660 575 1718 631 si
1759 575 2003 646 quando
2053 575 2250 634 subito
2308 578 2488 635 imbri
2542 579 2602 635 in

307 681 486 751 pastu
544 683 687 735 sunt
743 693 1065 752 oppressae
1125 684 1234 736 aut
1281 674 1526 752 friqore
1570 680 1795 754 subito,
1860 686 2185 753 antequam
2243 685 2410 758 ipsae
2457 701 2601 758 pro-

314 785 579 842 viderint
625 785 692 842 id
729 781 885 857 fore,
934 781 959 840 1
996 779 1081 843 65
1128 787 1292 859 quod
1335 802 1453 845 non
1495 789 1585 859 fit,
1635 793 1961 860 antequam
2009 788 2340 847 accesserit
2387 805 2601 867 annus,

312 887 407 948 ubi
465 896 866 950 accesserunt
916 891 976 949 in
1034 890 1336 952 codicibus
1394 893 1683 971 scriptum
1748 902 1855 952 est.
1941 911 2075 954 cum
2136 893 2338 954 futuro
2396 903 2600 953 exacto

310 996 396 1056 bis
433 1006 575 1074 post
603 996 872 1056 futurum
911 999 971 1056 in
1012 999 1276 1076 negativa
1321 1000 1613 1059 sententia
1654 1001 1934 1079 positum,
1975 999 2027 1058 11
2067 998 2122 1080 1,
2159 997 2191 1059 1
2234 1018 2341 1060 nos
2385 1008 2442 1060 te
2481 1019 2598 1061 non

309 1107 700 1178 dimittemus,
763 1107 981 1180 inquit,
1049 1110 1371 1179 antequam
1431 1109 1535 1166 illa
1595 1110 1718 1166 tria
1775 1111 2137 1183 explicaris,
2203 1105 2254 1165 Π
2294 1104 2362 1182 8,
2403 1104 2436 1167 1
2498 1125 2598 1167 vos

308 1218 446 1271 ante
495 1214 592 1271 ire
631 1228 752 1270 non
784 1214 1012 1287 patiar,
1044 1219 1367 1286 antequam
1405 1215 1555 1273 mihi
1599 1216 2010 1274 reddideritis.
2090 1213 2344 1292 denique
2393 1217 2595 1289 prius-

306 1337 482 1393 quam
536 1320 646 1400 ita,
706 1325 772 1378 ut
819 1319 878 1376 in
928 1336 1111 1378 unum
1161 1317 1510 1379 vocabulum
1560 1323 1739 1396 prius
1787 1330 1846 1380 et
1892 1338 2076 1395 quam
2124 1320 2478 1400 coaluerint,
2534 1324 2594 1380 in

304 1425 391 1485 his
449 1424 623 1485 libris
681 1432 1029 1504 usurpatum
1088 1443 1206 1484 non
1264 1434 1381 1506 est,
1437 1426 1538 1486 sed
1599 1433 1809 1505 quater
1869 1428 2238 1506 interpositis
2297 1426 2594 1487 vocabulis

304 1542 574 1611 separata
615 1539 771 1613 sunt,
818 1531 843 1590 1
878 1528 984 1613 41,
1014 1530 1074 1612 2,
1122 1530 1147 1589 Ι
1184 1528 1288 1613 45,
1318 1530 1376 1614 3,
1425 1532 1448 1591 Ι
1488 1530 1591 1614 68,
1639 1532 1690 1592 11
1727 1531 1788 1616 4,
1818 1530 1884 1614 6;
1934 1542 2024 1593 ter
2064 1535 2347 1593 continuo
2385 1536 2594 1613 posita,

301 1640 400 1700 sed
440 1643 519 1700 ita
567 1648 634 1700 ut
664 1642 843 1716 prius
890 1638 958 1699 ad
1009 1641 1347 1718 primariam
1396 1641 1595 1718 potius
1645 1642 1996 1702 sententiam
2041 1658 2215 1719 quam
2262 1641 2331 1700 ad
2382 1659 2590 1701 secun·

298 1749 516 1807 dariam
561 1749 874 1828 pertineat,
927 1745 952 1804 1
989 1743 1050 1826 4,
1085 1744 1117 1806 1
1161 1750 1584 1822 coqnoscenda
1627 1752 1823 1824 prius,
1872 1766 2053 1823 quam
2103 1751 2299 1808 iacias
2343 1752 2590 1821 semina,

297 1852 469 1937 127,
510 1853 557 1915 2
618 1872 775 1929 quae
829 1860 969 1914 sunt
1033 1872 1112 1914 ex
1169 1873 1242 1914 ea
1290 1862 1473 1914 enata
1522 1858 1701 1931 prius
1717 1902 1733 1934 ,
1800 1874 1979 1930 quam
2037 1873 2116 1916 ex
2173 1858 2245 1914 iis
2300 1858 2451 1929 quid
2500 1874 2585 1915 se·

296 1965 466 2031 minis
524 1965 742 2036 cadat,
807 1969 876 2021 ut
918 1964 1041 2021 sint
1104 1964 1504 2041 exradieata‚
1572 1961 1598 2020 Ι
1644 1958 1758 2041 40,
1801 1961 1842 2024 2
1909 1981 2111 2037 neque.
2166 1964 2344 2037 prius
2408 1979 2588 2037 quam

294 2076 424 2129 sata
476 2076 651 2131 nata.

473 2174 556 2237 17
625 2174 889 2236 Matres
930 2193 1169 2235 eorum
1209 2177 1298 2235 iis
1340 2173 1800 2254 temporibus
1840 2192 1977 2234 non
2024 2175 2383 2254 mulgeant
2431 2178 2582 2255 qui-

294 2281 437 2342 dam
486 2284 617 2362 qui
664 2291 735 2341 ut
783 2281 1038 2342 melius
1077 2284 1360 2342 omnino
1408 2290 1762 2361 perpetuo
1813 2281 1994 2359 quod
2055 2291 2121 2342 et
2181 2281 2379 2342 lanae
2426 2283 2585 2362 plus

293 2390 539 2450 serunt
589 2398 658 2449 et
704 2408 917 2468 agnos
972 2388 1255 2468 plures]
1320 2390 1601 2464 Mulqent
1647 2387 1965 2449 iucundus,
2040 2392 2148 2463 qui
2199 2393 2407 2450 melius
2463 2390 2580 2451 edi-

294 2499 478 2558 tiones
519 2497 985 2576 antiquissimae,
1024 2500 1233 2558 melius
1271 2500 1382 2571 qui
1408 2494 1675 2577 UrsinuS,
1714 2495 1871 2574 quod
1903 2494 2300 2557 Schneiderus
2339 2500 2586 2576 recepit.

292 2609 393 2680 qui
456 2613 528 2665 ut
585 2607 795 2665 melius
851 2623 922 2664 ex
989 2603 1191 2664 codice
1252 2602 1550 2664 Victorius
1619 2605 1990 2685 restituerat,
2056 2604 2211 2683 quod
2280 2604 2580 2666 Gesnerus

293 2715 455 2791 quasi
519 2711 865 2772 sollemnem
932 2711 1243 2771 formulam
1309 2705 1445 2790 ‘qui
1502 2712 1726 2772 faciunt
1788 2719 1853 2771 ut
1913 2719 2004 2770 est
2060 2707 2304 2772 melius'
2370 2731 2577 2792 parum

290 2830 418 2898 apte
467 2823 900 2898 interpretatus
948 2826 1055 2878 est.
1148 2820 1344 2897 itaque
1382 2822 1490 2897 qui
1534 2821 1603 2878 id
1647 2820 1855 2878 melius
1897 2820 2128 2898 scripsi,
2172 2818 2230 2877 h.
2272 2837 2320 2879 e.
2370 2822 2472 2898 qui
2518 2820 2576 2880 id

292 2926 499 2987 melius
553 2927 793 2986 faciunt.
885 2925 1040 2985 idem
1098 2927 1466 3003 pronominis
1523 2929 1591 2986 id
1643 2942 1787 2985 usus
1836 2931 1926 2984 est
1988 2927 2048 2985 in
2096 2924 2345 2986 formula
2394 2933 2451 2988 et
2484 2931 2577 3002 id,

291 3052 433 3112 quae
493 3052 617 3093 non
675 3032 870 3092 addito
931 3031 1112 3092 verbo
1171 3034 1415 3110 ponitur
1461 3032 1486 3091 Ι
1531 3029 1582 3113 1,
1626 3029 1666 3092 3
1723 3038 1782 3092 et
1838 3034 1905 3091 id
1957 3034 2135 3092 etiam
2194 3036 2576 3108 iqnotissimis

290 3160 525 3217 quoque
572 3140 927 3210 hominibus,
984 3137 1082 3219 13,
1111 3135 1153 3200 5
1201 3147 1258 3200 et
1306 3142 1372 3199 id
1415 3142 1491 3199 ab
1533 3158 1706 3214 area,
1762 3135 1859 3219 16,
1889 3135 1930 3199 5
1967 3156 2161 3217 neque
2200 3141 2266 3199 id
2298 3142 2576 3201 crebrius

290 3265 464 3322 quam
513 3265 666 3323 opus
713 3253 823 3320 est,
871 3245 924 3305 ΙΙ
966 3224 1034 3326 1,'
1051 3242 1138 3307 20
1184 3252 1244 3307 et
1289 3248 1356 3306 id
1397 3264 1514 3321 quo
1561 3252 1850 3323 tempore,
1910 3242 1970 3325 9,
2006 3243 2085 3306 16
2135 3253 2193 3306 et
2239 3249 2305 3306 id
2346 3264 2575 3308 marem

289 3361 345 3414 et
381 3353 704 3429 feminam,
766 3349 864 3433 10,
902 3353 945 3413 4
993 3361 1052 3414 et
1097 3356 1164 3413 id
1215 3355 1322 3413 ubi
1364 3357 1655 3429 oportuit,
1713 3372 1847 3413 cum
1914 3351 2093 3412 verbo
2140 3352 2193 3411 ΙΙ
2230 3351 2289 3435 8,
2317 3350 2359 3412 4
2406 3361 2463 3414 et
2511 3359 2577 3416 id

291 3469 426 3523 ante
473 3463 883 3522 admissuram
931 3466 989 3521 et
1029 3463 1265 3535 larqius
1300 3463 1577 3535 facimus.
1618 3494 1704 3502 —
1747 3460 1958 3520 deinde
1997 3477 2187 3534 aqnos
2218 3463 2572 3536 pinquiores

292 3567 466 3629 scribi
518 3566 704 3627 voluit
753 3567 1000 3628 Ursinus
1049 3566 1274 3627 collatis
1317 3570 1652 3647 praeceptis
1700 3569 2163 3647 geoponicorum
2212 3564 2394 3625 XVIII
2434 3564 2490 3647 3,
2529 3565 2568 3627 9

291 3670 472 3756 μέχρι
525 3666 600 3735 δὲ
646 3670 876 3754 μηνῶν
936 3665 1059 3735 δύο
1109 3665 1235 3735 οὐκ
1297 3666 1655 3754 ἆμελκτέον
1713 3671 1834 3736 τοῦ
1891 3666 2240 3754 γάλακτος·
2295 3666 2570 3736 κάλλιον

291 3774 360 3842 δὲ
393 3780 467 3841 ἐἰ
515 3775 860 3861 μηδέποτε,
908 3772 1422 3861 εὐτραφέστατοι
1468 3772 1595 3863 γὰρ
1645 3779 1909 3843 ἔσονται
1959 3778 2029 3841 οἰ
2072 3771 2287 3858 ἄρνες.

460 3888 559 3949 Ne
609 3887 777 3967 quid
835 3887 1111 3948 laboret
1169 3888 1586 3965 curandum]
1646 3889 1953 3950 Laborent
2008 3890 2069 3947 in
2124 3889 2391 3967 principe
2448 3888 2565 3947 edi-

292 3996 444 4056 tione
502 3994 830 4055 Politianus
895 4014 1013 4055 non
1081 3998 1363 4075 correxit,
1428 3999 1664 4057 laboret
1728 3995 1910 4055 codex
1984 3993 2386 4075 FlorentiuuS,
2461 3995 2564 4055 sed

291 4104 521 4163 laboret
559 4102 783 4180 reliqua
821 4102 1171 4181 apographa.
1246 4105 1522 4164 laborent
1560 4110 1618 4163 et
1654 4103 1865 4162 deinde
1906 4105 2257 4162 desiderant
2297 4120 2365 4160 ex
2405 4103 2563 4181 prin«

293 4210 413 4288 cipe
462 4209 722 4269 editione
773 4217 1077 4287 receptum
1128 4218 1269 4269 erat.

466 4313 546 4378 18
613 4315 929 4393 Atticae]
986 4311 1082 4375 ‘ln
1133 4316 1566 4396 antiquioribus
1626 4319 1855 4377 cunctis
1902 4318 2143 4376 Atticae
2198 4316 2563 4377 invenimus:

293 4423 348 4482 in
411 4423 615 4503 nullis,
686 4432 748 4482 ut
815 4432 983 4483 antea
1041 4424 1100 4483 in
1168 4409 1403 4484 excusis
1468 4424 1803 4506 legebatur,
1870 4416 2192 4483 Altinates'
2252 4420 2565 4485 Victorius,

294 4533 619 4592 antiaticae
665 4528 907 4610 Merula,
953 4533 1240 4591 altinates
1285 4531 1603 4592 IucunduS.
