3178 5185
592 371 723 436 262
1577 372 1944 428 VARRONIS

592 543 760 619 siqua
807 542 869 599 in
907 548 1152 600 tonsura
1189 540 1416 620 plagam
1457 542 1703 621 accepit,
1752 559 1887 600 eum
1926 540 2123 601 locum
2161 540 2435 601 oblinunt
2471 543 2603 620 pice
2642 542 2904 620 liquida.

590 667 729 709 oves
792 646 981 708 hirtas
1043 648 1291 707 tondent
1348 650 1589 708 circiter
1644 647 2033 708 hordeaceam
2090 666 2371 729 messem,
2428 651 2488 708 in
2550 648 2681 708 aliis
2742 648 2905 708 locis

539 762 732 843 Sante
782 755 1112 815 faenisecia.
1203 755 1440 833 quidam
1488 754 1595 815 bas
1643 755 1735 815 bis
1780 758 1842 815 in
1891 772 2042 814 anno
2090 755 2353 836 tondent,
2400 757 2564 815 utin
2603 755 2903 834 Hispania

591 865 895 939 citeriore,
960 881 1027 922 ac
1095 869 1455 922 semenstres
1522 863 1746 922 faciunt
1815 870 2113 922 tonsuras:
2191 861 2488 940 duplicem
2554 861 2908 941 inpendunt

591 989 852 1050 operam,
899 969 1054 1049 quod
1106 971 1191 1029 sic
1241 969 1372 1048 plus
1419 977 1631 1049 putant
1679 970 1808 1029 fieri
1846 968 2031 1050 lanae,
2078 988 2196 1046 quo
2235 971 2472 1029 nomine
2514 969 2762 1047 quidam
2805 968 2904 1029 bis
2959 982 2984 1023 5

591 1087 795 1138 secant
869 1084 1052 1156 prata.
1172 1076 1577 1153 diligentiores
1652 1074 1987 1155 tegeticulis
2062 1075 2347 1135 subiectis
2421 1094 2558 1136 oves
2634 1076 2903 1136 tondere

539 1192 574 1247 9
600 1185 808 1264 solent,
847 1186 1027 1263 nequi
1064 1184 1234 1243 flocci
1271 1187 1582 1245 intereant.
1648 1183 1775 1243 dies
1814 1183 1884 1243 ad
1917 1201 2042 1243 eam
2075 1201 2201 1243 rem
2232 1191 2550 1244 sumuntur
2580 1186 2810 1264 sereni,
2842 1192 2906 1243 et

590 1295 663 1352 iis
712 1292 768 1351 id
820 1292 1043 1351 faciunt
1088 1292 1211 1351 fere
1259 1311 1291 1351 a
1339 1298 1548 1370 quarta
1587 1290 1658 1350 ad
1698 1291 2012 1350 decimam:
2060 1308 2195 1349 cum
2236 1290 2358 1350 sole
2398 1291 2679 1351 calidiore
2721 1301 2903 1352 tonsa

592 1418 663 1459 ex
721 1398 936 1458 sudore
987 1399 1115 1456 eius
1163 1397 1293 1456 lana
1341 1399 1407 1458 fit
1454 1396 1686 1458 mollior
1733 1405 1793 1457 et
1838 1396 2228 1475 ponderosior
2276 1404 2335 1457 et
2381 1398 2576 1458 colore
2624 1397 2906 1459 meliore.

593 1525 768 1585 quam
826 1505 1123 1583 demptam
1179 1523 1246 1564 ac
1304 1503 1712 1583 conglobatam
1770 1504 1869 1563 alii
1914 1503 2156 1585 vellera,
2213 1504 2312 1564 alii
2358 1504 2644 1566 velamina
2695 1505 2903 1584 appel·
2933 1517 2982 1556 10

591 1613 740 1673 lant:
789 1632 859 1672 ex
908 1630 1160 1690 quorum
1210 1611 1494 1671 vocabulo
1543 1611 1931 1671 animadverti
1971 1610 2111 1672 licet
2145 1613 2316 1691 'prius
2360 1610 2544 1690 [lana]
2587 1611 2903 1673 vulsuram

594 1738 768 1799 quam
827 1727 1132 1779 tonsuram
1193 1721 1506 1779 inventam.
1602 1720 1703 1797 qui
1761 1720 1934 1778 etiam
1993 1737 2151 1779 nunc
2204 1718 2448 1801 vellunt,
2505 1726 2639 1779 ante
2689 1720 2903 1780 triduo

591 1826 811 1887 habent
867 1828 1122 1905 ieiunaS‚
1179 1826 1337 1904 quod
1386 1826 1707 1904 languidae
1761 1827 1963 1885 ¹minus
2023 1843 2196 1904 aegre
2255 1825 2486 1886 radices
2538 1826 2707 1887 lanae
2762 1829 2906 1888 reti-

500 1940 579 1995 10
602 1940 760 1993 nent.
871 1934 1110 1993 omnino
1175 1940 1448 1993 tonsores
1514 1935 1572 1992 in
1640 1932 1863 1992 Italiam
1931 1934 2188 2012 primum
2251 1935 2484 1994 venisse
2550 1953 2621 1993 ex
2691 1934 2902 1995 Sicilia

593 2041 876 2100 dicuntur
923 2058 979 2118 p.
1027 2039 1092 2099 R.
1142 2059 1191 2099 c.
1239 2059 1288 2100 a.
1337 2053 1654 2120 CCCCLHI,
1702 2047 1769 2100 ut
1815 2041 2103 2118 scriptum
2152 2041 2214 2098 in
2262 2039 2499 2118 publico
2547 2041 2785 2102 Ardeae
2836 2044 2977 2101 in15

592 2148 809 2207 litteris
867 2154 1052 2226 extat,
1109 2165 1330 2224 eosque
1379 2147 1694 2207 adduxisse
1741 2146 2020 2207 Publium
2067 2146 2360 2207 Ticinium
2410 2146 2657 2208 Menam.
2761 2148 2903 2208 olim

594 2263 867 2313 tonsores
915 2271 1034 2313 non
1083 2254 1267 2313 fuisse
1305 2254 1716 2333 adsignificant
1754 2256 2136 2332 antiquorum
2175 2263 2419 2334 statuae,
2468 2255 2629 2333 quod
2668 2255 2905 2334 plerae-

502 2368 576 2424 11
604 2379 718 2440 que
782 2359 1003 2419 habent
1067 2359 1342 2438 capillum
1408 2368 1467 2420 et
1530 2360 1775 2421 barbam
1838 2379 2127 2439 magnam.
2240 2361 2502 2440 Suscipit
2568 2361 2902 2442 CossiniuS,

594 2468 882 2527 Fructum
922 2475 989 2526 ut
1026 2467 1151 2525 ovis
1190 2484 1221 2525 e
1260 2465 1388 2526 lana
1428 2466 1497 2526 ad
1538 2469 1974 2549 vestimentum,
2021 2470 2107 2527 sic
2146 2486 2320 2546 capra
2360 2487 2392 2528 e
2432 2468 2567 2548 pilis
2599 2471 2903 2529 ministrat

740 2609 807 2657 14
846 2602 1069 2657 omnino
1108 2604 1363 2656 tonsores
1405 2602 1556 2656 Plin.
1599 2608 1652 2671 7,
1688 2608 1795 2659 211

776 2734 804 2781 1
855 2727 1044 2797 siqua]
1093 2725 1214 2779 into
1253 2724 1440 2793 siqua,
1486 2727 1578 2780 sed
1614 2726 1735 2781 into
1772 2730 2001 2783 deletum
2038 2730 2092 2782 A
2272 2730 2465 2783 tosura.
2502 2730 2558 2784 Β
2745 2730 2898 2800 eum]

598 2834 723 2871 cum
771 2818 828 2871 Β
972 2814 1232 2870 oblinunt
1280 2816 1402 2870 AB
1447 2815 1707 2869 adlinunt
1766 2817 1816 2868 V
1957 2825 1988 2872 2
2049 2818 2379 2883 ordeaceam
2439 2818 2491 2872 V
2631 2826 2664 2872 3
2723 2819 2901 2874 foeni-

596 2907 744 2962 secia
789 2907 906 2960 PB
960 2903 1169 2959 fenisec
1202 2907 1210 2974 Ι
1243 2905 1331 2959 cia
1376 2905 1432 2959 A
1476 2904 1768 2959 foenisicia
1812 2922 1845 2960 v
2025 2913 2059 2961 4
2107 2910 2440 2962 semenstres
2488 2907 2670 2961 PAR
2724 2924 2900 2962 seme-

598 2998 738 3051 stres
779 3013 812 3050 v
954 2996 1217 3048 tunsuras
1252 2993 1309 3047 A
1488 2993 1772 3062 duplicem
1818 2992 2152 3065 impendunt
2198 2995 2311 3050 VB
2359 2996 2659 3065 duplucem
2707 2998 2902 3067 inpen-

598 3087 737 3139 dunt
774 3085 830 3139 A
1010 3087 1041 3136 ὅ
1099 3099 1328 3152 operam
1376 3113 1440 3121 —
1489 3085 1693 3151 putant
1737 3085 1801 3136 in
1845 3085 2091 3155 maryine
2135 3085 2342 3161 scripta
2385 3091 2517 3139 sunt
2562 3087 2625 3140 in
2662 3087 2720 3139 A

601 3181 630 3228 7
670 3174 863 3244 nequi]
902 3189 1038 3241 neq3
1083 3171 1139 3225 A
1174 3188 1244 3225 ne
1282 3189 1335 3224 m
1480 3176 1512 3224 8
1549 3170 1761 3226 fatiunt
1796 3175 1851 3226 A
1997 3170 2263 3241 quoniam
2300 3174 2418 3229 sole
2457 3176 2763 3230 Iucundus

601 3263 867 3317 calidiore
903 3261 1027 3316 AB
1066 3260 1355 3315 callidiore
1406 3261 1456 3313 V
1596 3266 1627 3313 9
1668 3260 1810 3332 eius]
1850 3262 1972 3316 ouis
2010 3260 2281 3316 Gesnerns
2319 3304 2330 3307 -
2426 3269 2493 3317 10
2530 3264 2816 3319 uelamina
2850 3281 2900 3318 m

598 3350 806 3405 uellam
841 3351 849 3420 Ι
880 3351 1035 3404 mina
1080 3350 1136 3404 A
1190 3349 1459 3403 uellimna
1503 3350 1620 3404 PB
1667 3348 1916 3403 uelumia,
1961 3368 1993 3405 v
2033 3393 2046 3406 .
2084 3350 2355 3405 uellimna
2399 3354 2463 3406 in
2508 3354 2763 3422 maryine
2808 3354 2899 3408 ad-

598 3441 821 3509 scripsit
860 3441 1194 3495 Politianua
1265 3439 1362 3492 ‘In
1398 3440 1806 3508 antiquioribus
1843 3439 2141 3495 Vellimna.
2207 3457 2319 3495 non
2355 3443 2524 3495 multo
2553 3448 2685 3510 post
2713 3445 2816 3498 ubi
2840 3444 2900 3496 in

601 3531 832 3594 exemia,
875 3528 1032 3597 Quod
1069 3529 1367 3598 lanyuidae
1402 3529 1585 3582 minus
1622 3529 1836 3582 radices
1873 3530 2034 3582 lanae
2070 3530 2322 3596 retinent,
2357 3531 2421 3583 in
2452 3530 2642 3584 iisdem
2670 3531 2900 3586 uetustis

602 3619 776 3684 libris,
804 3634 922 3671 nna
940 3618 1073 3685 plus
1100 3617 1270 3670 dictio
1299 3618 1513 3686 ἱερέων,
1544 3616 1705 3682 Quod
1733 3615 2037 3686 languidae
2065 3617 2248 3671 minus
2270 3634 2471 3687 aegrae
2496 3616 2738 3686 radices,
2770 3618 2896 3673 etc.’

613 3707 888 3761 Victorius
980 3712 1044 3759 11
1067 3706 1200 3758 lana,
1218 3706 1322 3758 PA
1341 3706 1636 3759 lanava
1656 3706 1819 3760 lanae
1831 3705 1974 3759 A2m
2070 3712 2132 3759 13
2155 3724 2320 3776 aegre
2344 3707 2396 3760 V
2410 3707 2607 3776 egreA
2624 3707 2898 3777 aegraeB

714 3801 779 3848 14
808 3796 865 3848 in
894 3793 1059 3848 italia
1084 3794 1278 3850 VAB.
1307 3796 1371 3848 In
1390 3794 1614 3849 Italiam
1646 3812 1712 3848 ex
1739 3794 1932 3849 Sicilia.
1960 3812 2160 3864 vnere
2188 3799 2318 3864 post
2344 3797 2583 3852 Romam
2611 3794 2897 3850 conditam

603 3902 749 3939 anno
778 3884 1330 3952 quadringentesimo
1363 3874 1825 3953 quinquagesimo
1857 3887 2057 3952 quarto
2079 3885 2387 3939 adducente
2404 3886 2465 3939 P.
2487 3884 2699 3938 Titinio
2716 3885 2895 3949 Mena,

602 3977 666 4028 ut
713 3975 907 4027 auctor
955 3973 1042 4026 est
1080 3971 1256 4026 Varro
1299 3974 1526 4027 Plinius
1574 3973 1663 4026 VI
1667 3979 1700 4026 Ι
1733 3979 1841 4028 211
1991 3991 2059 4028 ex
2096 3972 2278 4027 sicilia
2311 3991 2343 4028 v
2385 3990 2451 4029 ex
2487 3972 2675 4029 cilicia
2718 3974 2899 4029 PAB

603 4079 672 4116 ex
708 4059 891 4116 sicilia
927 4059 1142 4115 scicilia
1177 4079 1230 4114 m
1339 4065 1405 4114 15
1443 4062 1526 4116 P.
1561 4063 1611 4114 R
1642 4104 1654 4117 .
1685 4080 1715 4116 c
1745 4106 1756 4118 .
1788 4061 2896 4132 a..CCCC.LIII.Pp.n.c.a.CCCC

605 4151 727 4204 LIII
764 4152 818 4204 A
856 4169 894 4219 p
926 4192 937 4202 .
967 4169 994 4203 r
1024 4192 1035 4204 .
1066 4166 1096 4203 c
1128 4190 1140 4203 .
1172 4168 1206 4204 a
1236 4194 1246 4205 .
1278 4147 1450 4205 CCCC
1484 4193 1496 4204 .
1527 4150 1733 4218 L.IIlI
1779 4151 1833 4204 Β
1870 4151 1952 4206 P.
1982 4153 2262 4208 R.couss‚
2302 4170 2389 4206 an.
2430 4150 2896 4208 CCCC.LIIII.v

714 4245 778 4293 16
817 4238 1038 4293 Menam
1069 4241 1164 4293 Av
1194 4239 1417 4311 Menam
1447 4239 1500 4292 P
1531 4257 1789 4294 maenam
1817 4242 1874 4295 Β
1985 4248 2049 4295 17
2089 4242 2481 4311 adsignificant
2512 4240 2631 4295 PA
2668 4241 2894 4310 assigni-

604 4330 775 4382 ficant
800 4328 897 4382 Bv
1011 4333 1075 4381 18
1107 4326 1378 4382 cossinius
1406 4346 1437 4381 v
1469 4328 1708 4381 cosinius
1742 4329 1918 4384 PAB
2032 4338 2094 4385 19
2123 4331 2364 4385 fructum
2396 4331 2633 4400 (fructus
2661 4347 2802 4385 corr.
2832 4358 2894 4368 ·—-

605 4419 668 4471 tii
706 4417 783 4486 A)
840 4418 905 4470 ut
960 4415 1081 4471 ouis
1131 4418 1311 4470 PAB
1359 4419 1423 4470 ut
1468 4417 1711 4470 fructum
1756 4418 1877 4472 ouis
1923 4436 1955 4472 v
2135 4435 2334 4489 caprae
2380 4420 2529 4489 pilus
2571 4420 2689 4473 PB
2737 4433 2892 4489 capre

606 4507 754 4576 pilus
794 4509 846 4559 A
886 4523 1056 4575 capra.
1091 4506 1238 4575 pilus
1276 4525 1308 4561 v
1453 4506 1753 4562 minustrat
1788 4510 1844 4564 A
