3178 5185
835 418 1096 472 RERVM
1133 419 1612 474 RVSTICARVM
1651 419 1786 475 LIB.
1824 420 1849 472 1
1890 417 1969 475 39
2465 408 2551 470 95

443 568 482 632 3
547 570 712 632 Cum
779 575 1046 633 semina
1108 567 1255 633 sint
1318 573 1469 633 fere
1537 581 1883 651 quattuor
1955 590 2296 651 generum
2375 589 2550 650 quae

284 678 819 740 transferuntur
868 699 899 740 e
949 690 1145 740 terra
1192 683 1262 740 in
1311 689 1577 740 terram
1637 682 1841 741 uiuas
1897 678 2179 740 radices
2237 697 2413 758 quae
2472 696 2551 737 ex

281 782 645 845 arboribus
719 776 1000 865 dempta
1061 785 1553 847 demittuntur
1627 787 1695 846 in
1769 786 2052 847 humum
2119 805 2294 865 quae
2360 787 2552 846 inse-

282 901 526 952 runtur
589 911 669 953 ex
734 892 1121 953 arboribus
1189 894 1260 953 in
1318 890 1645 970 arbores]
1702 895 1946 955 Semina
1998 892 2136 969 fere
2178 897 2302 954 sint
2355 894 2552 955 minus

239 1007 534 1059 'accurate
599 998 953 1080 PolitianuS‚
1025 1003 1257 1061 semina
1321 1003 1445 1060 sint
1509 998 1650 1074 fere
1714 1002 1907 1061 omnia
1973 1000 2322 1084 apographa.
2414 1017 2552 1066 cum

281 1108 494 1166 semina
535 1104 674 1181 fere
720 1115 1011 1181 quattuor
1056 1111 1178 1168 sint
1216 1124 1539 1182 ,aenei-um,
1587 1111 1766 1182 quae
1791 1106 2256 1182 transferuntur
2301 1125 2335 1167 e
2380 1114 2552 1166 terra

278 1213 331 1270 in
373 1219 625 1293 terram,
668 1232 785 1289 per
837 1233 904 1274 se
949 1232 988 1274 a
1035 1221 1291 1288 natura,
1340 1217 1465 1274 alia
1521 1232 1603 1274 ex
1659 1217 1964 1275 industria
2010 1222 2077 1274 ut
2115 1212 2363 1288 faciunt
2407 1217 2550 1273 vivi-

278 1320 506 1379 radices
552 1338 680 1398 sqq.
736 1319 988 1401 Merula,
1053 1338 1189 1381 cum
1252 1323 1483 1381 semina
1542 1319 1683 1395 fere
1746 1328 2010 1395 quatuor
2063 1323 2187 1386 sint
2239 1338 2550 1396 acueram,

277 1441 421 1500 quae
463 1444 581 1487 non
627 1425 1092 1501 transferuntur
1138 1446 1172 1488 e
1226 1435 1399 1488 terra
1456 1430 1518 1487 in
1575 1435 1832 1502 terram,
1877 1431 1989 1488 sed
2037 1446 2157 1505 per
2201 1446 2267 1488 se
2292 1430 2466 1500 fiunt
2511 1445 2549 1486 a

281 1539 513 1614 natura,
558 1536 685 1593 alia
732 1552 811 1596 erc
858 1537 1178 1609 industria,
1224 1541 1293 1595 ut
1331 1533 1577 1610 faciunt
1620 1537 1987 1595 viviradices
2033 1534 2352 1594 IucunduS.
2414 1551 2550 1594 con-

277 1638 506 1699 iecturis
552 1639 848 1700 editorum
894 1640 1039 1701 haec
1088 1650 1366 1719 corrupta
1424 1658 1555 1701 esse
1614 1641 2026 1704 animadvertit
2071 1640 2395 1722 VictoriuS,
2443 1643 2548 1726 qui

274 1747 504 1806 remotis
567 1749 642 1807 iis
707 1766 857 1828 quae
915 1748 986 1808 ab
1043 1748 1158 1809 illis
1215 1748 1409 1809 addita
1465 1758 1635 1809 erant
1688 1747 1866 1809 verba
1921 1751 2000 1808 ita
2058 1748 2353 1830 exhibuit,
2409 1767 2544 1814 cum

272 1856 487 1913 semina
527 1853 667 1929 fere
712 1863 977 1930 quatuor
1019 1859 1142 1917 sint
1181 1873 1505 1936 venerum,
1551 1873 1711 1931 quae
1771 1854 2236 1930 transferuntur
2282 1874 2316 1916 e
2372 1863 2544 1916 terra

275 1960 330 2018 in
391 1966 641 2034 terram,
707 1965 1090 2022 viviradices,
1181 1961 1339 2022 idem
1396 1981 1467 2022 ex
1524 1970 1807 2041 quattuor
1862 1961 2182 2041 generibus
2250 1964 2545 2023 seminum

278 2066 379 2124 tria
418 2068 584 2128 modo
622 2069 872 2129 indicari
908 2070 1154 2130 monuit.
1221 2068 1694 2152 eum-defectum
1729 2070 1808 2129 ita
1850 2068 2242 2148 supplendum
2292 2070 2547 2129 coniecit

278 2169 536 2255 Ursinus,
600 2193 760 2249 auae
824 2178 1221 2252 primiqenia,
1287 2195 1445 2251 quae
1518 2174 1982 2250 transferuntur
2047 2194 2200 2255 sqq.,
2273 2175 2543 2237 similiter

275 2277 475 2358 Popma
521 2300 681 2357 quae
725 2291 875 2343 nata
922 2282 1014 2343 vel
1060 2302 1218 2359 quae
1253 2287 1436 2361 prius
1481 2301 1662 2359 quam
1717 2291 1855 2343 sata
1907 2291 2084 2358 nata,
2131 2302 2289 2358 quae
2344 2291 2540 2343 trans-

270 2384 541 2459 feruntur
588 2408 716 2469 sqq.
800 2389 1069 2451 lacunam
1130 2389 1339 2451 eodem
1404 2390 1533 2451 loco
1596 2390 1896 2451 Gesnerus
1960 2390 2253 2450 indicavit.
2345 2397 2541 2449 tamen

279 2492 658 2557 Schneiderus
713 2515 894 2577 pravo
953 2499 1499 2579 antiquissimarum
1555 2496 1881 2558 editionum
1941 2497 2136 2557 studio
2186 2506 2245 2557 et
2300 2505 2541 2576 auctore

279 2598 586 2664 Pontedera
634 2625 691 2684 p.
736 2602 859 2668 148
916 2605 1331 2686 interpolatam
1392 2606 1709 2667 lectionem
1763 2606 2066 2687 repetivit,
2122 2623 2257 2665 cum
2311 2609 2542 2666 semina

270 2705 391 2780 fere
432 2719 695 2786 quatuor
739 2715 861 2773 sint
900 2730 1211 2788 cenerum,
1250 2731 1408 2788 quae
1446 2732 1564 2790 per
1609 2732 1675 2775 se
1713 2716 1874 2786 fiunt
1920 2730 1958 2771 a
2005 2719 2249 2790 natura,
2291 2716 2416 2773 alia
2464 2731 2544 2773 ex

278 2816 576 2900 industria,
613 2836 775 2894 quae
820 2818 1283 2894 transferuntur
1319 2839 1353 2881 e
1390 2830 1562 2881 terra
1611 2824 1673 2881 in
1720 2828 1969 2894 terram,
2007 2825 2075 2879 ut
2113 2818 2361 2894 faciunt
2401 2822 2542 2879 vivi-

277 2926 516 2986 radices.
564 2929 824 3005 primum
852 2945 1041 3006 genus
1079 2929 1390 3002 seminum,
1430 2946 1579 3007 quae
1622 2936 1917 3006 tamquam
1953 2928 2304 3006 ,primigenia
2334 2934 2542 2987 natura

276 3027 436 3110 dedit,
481 3033 848 3113 descriptum
896 3044 986 3095 est
1031 3032 1137 3117 40,
1179 3032 1212 3095 1
1264 3045 1325 3096 et
1369 3031 1411 3094 2
1450 3038 1716 3111 primum
1761 3053 1961 3096 semen
2006 3067 2077 3077 -
2125 3053 2204 3095 ex
2249 3051 2542 3110 raporum

276 3136 606 3201 brassicam.
681 3139 858 3201 huius
906 3143 1257 3220 significatio
1296 3141 1408 3201 hoc
1445 3141 1575 3202 loco
1614 3144 1675 3202 in
1715 3141 1919 3202 codice
1958 3141 2193 3225 omissa,
2222 3149 2331 3202 est.
2407 3159 2540 3200 nam

277 3242 337 3301 ad
398 3246 720 3307 secundum
785 3266 999 3329 genuS,
1057 3249 1213 3328 quod
1269 3246 1375 3331 40,
1413 3245 1452 3309 3
1510 3249 1877 3328 descriptum
1935 3255 2052 3331 est,
2106 3249 2411 3328 pertinent
2475 3267 2541 3308 ea

277 3366 415 3421 quae
458 3353 921 3430 transferuntur
967 3374 1000 3416 e
1055 3364 1228 3417 terra
1286 3359 1348 3416 in
1395 3363 1653 3437 terram,
1702 3374 1837 3417 cum
1893 3354 2124 3435 plantae
2174 3354 2263 3414 vel
2316 3354 2542 3421 surculi

279 3473 396 3517 cum
441 3463 561 3521 suis
609 3460 907 3522 radicibus
957 3480 1026 3521 ex
1074 3469 1235 3522 terra
1282 3464 1540 3541 exempti
1575 3464 1638 3522 in
1687 3463 1858 3523 aliam
1906 3470 2126 3522 terram
2174 3461 2540 3522 transferun-

281 3568 379 3625 tur.
464 3567 619 3646 quod
668 3587 856 3647 genus
905 3568 1251 3629 viviradices
1298 3568 1496 3629 dicere
1545 3568 1834 3655 solebant,
1880 3588 2025 3649 quas
2072 3571 2134 3629 in
2182 3568 2400 3630 vitibus
2447 3587 2537 3629 ac·

279 3675 519 3734 curatius
566 3675 887 3754 descripsit
933 3674 1252 3736 Columella
1300 3674 1346 3734 V
1383 3672 1443 3759 5,
1484 3674 1550 3757 7,
1598 3696 1787 3756 eoque
1847 3679 2083 3737 nomine
2132 3675 2315 3737 Varro
2362 3695 2540 3756 supra

280 3793 321 3853 o.
354 3776 432 3839 35
488 3781 559 3841 de
616 3783 771 3842 rosis
828 3800 974 3842 usus
1030 3791 1135 3844 est.
1227 3783 1380 3843 idem
1439 3783 1551 3843 hoc
1607 3783 1736 3844 loco
1784 3783 2006 3844 Merula
2064 3783 2344 3845 ediderat.
2436 3781 2537 3842 sed

277 3887 451 3963 aptius
496 3896 588 3948 est
633 3891 770 3948 viva
826 3892 1070 3971 radice,
1116 3889 1274 3969 quod
1330 3891 1524 3969 ipsum
1581 3899 1780 3950 vetere
1838 3893 2179 3951 coniectura
2235 3892 2538 3950 inventum

276 3992 324 4051 in
368 3995 563 4055 codice
613 4013 671 4054 m
718 3993 953 4073 legitur.
1044 4013 1177 4057 nam
1226 3998 1348 4056 viva
1406 3995 1605 4056 radice
1661 3996 1807 4057 haec
1864 3999 2086 4058 semina
2142 4016 2213 4057 ex
2263 4005 2421 4058 terra
2477 3998 2537 4056 in

277 4105 473 4160 terram
522 4099 981 4162 transferuntur.
1054 4105 1252 4182 itaque
1303 4104 1515 4182 scripsi
1562 4121 1699 4165 cum
1745 4108 1976 4165 semina
2021 4108 2143 4164 sint
2181 4103 2320 4179 fere
2364 4112 2540 4179 quat·

275 4211 396 4265 tuor
445 4224 763 4282 qenerum,
820 4227 979 4283 quae
1034 4217 1263 4269 natura
1321 4212 1511 4282 dedit,
1566 4226 1725 4284 quae
1779 4209 2244 4286 transferuntur
2289 4227 2322 4270 e
2367 4218 2540 4271 terra

276 4312 328 4369 in
371 4320 593 4374 terram
648 4318 784 4374 viva
840 4317 1071 4376 radice.
1165 4318 1436 4394 sequitur
1492 4318 1733 4377 tertium
1790 4335 2003 4396 genus,
2061 4315 2133 4375 de
2191 4334 2307 4394 quo
2353 4313 2460 4399 40,
2495 4314 2539 4377 4

278 4420 466 4501 agitur,
513 4440 649 4482 cum
697 4440 767 4482 ex
818 4421 1131 4482 arboribus
1179 4422 1407 4482 surculi
1453 4422 1541 4482 vel
1589 4423 1775 4483 taleae
1821 4425 1881 4482 in
1929 4422 2174 4483 humum
2222 4421 2537 4485 demittun-

280 4531 388 4606 tur,
430 4536 487 4588 et
531 4538 836 4610 quartum,
883 4528 1040 4608 quod
1099 4529 1164 4589 fit
1219 4528 1629 4604 insitionibuS,
1676 4528 1832 4608 quod
1878 4526 1985 4612 40,
2023 4525 2065 4590 5
2113 4538 2171 4591 et
2220 4526 2259 4589 6
2318 4530 2537 4591 descri-
