3178 5185
919 428 1178 482 RERVM
1218 429 1696 484 RVSTICARVM
1737 431 1870 485 LIB.
1911 433 1989 485 III
2030 430 2065 486 3
2508 425 2639 488 235

352 593 447 644 tur
497 585 652 644 infra
696 581 797 665 13,
841 581 895 663 1,
932 583 1006 644 M.
1046 583 1182 642 Piso
1222 583 1375 643 idem
1409 583 1486 643 lll
1528 580 1585 664 6,
1615 582 1674 646 2.
1750 594 1841 646 est
1879 593 2075 646 autem
2122 585 2194 646 M.
2235 586 2459 665 Pupius
2499 586 2634 648 Piso

348 690 801 772 CalpurnianuS,
851 691 953 769 qui
1001 690 1206 750 consul
1258 690 1367 750 suit
1414 709 1461 750 a.
1502 687 1650 752 693.

524 795 566 858 9
627 796 704 856 In
751 799 967 857 tertia
1018 799 1204 875 parti
1252 798 1415 876 quis
1462 797 1717 857 habeat
1764 797 2152 876 piscinam]
2213 801 2454 861 Habeat
2500 819 2638 879 apo-

344 904 594 984 grapha,
650 906 832 964 habet
887 903 1039 963 edita
1105 911 1240 964 ante
1290 902 1613 965 victorium
1663 904 2047 985 exemplaria,
2103 906 2260 985 quod
2309 906 2637 967 Politianus

346 1029 460 1071 non
512 1012 790 1072 correxit.
883 1012 1145 1071 habebat
1192 1010 1373 1071 editio
1420 1010 1684 1071 Victorii.

524 1117 696 1188 Quis
745 1126 994 1178 contra
1044 1136 1229 1178 nunc
1270 1118 1540 1178 mithon
1583 1136 1726 1177 non
1764 1117 1980 1196 dicit]
2020 1120 2309 1197 Rhynton
2347 1120 2637 1182 editiones

347 1226 814 1304 antiquissimae,
862 1225 1131 1285 Rhinton
1178 1223 1362 1284 edidit
1399 1222 1715 1304 VictoriuS,
1762 1243 1939 1304 quem
1988 1225 2202 1305 reliqui
2250 1229 2441 1287 secuti
2480 1236 2638 1289 sunt.

348 1350 554 1392 verum
612 1349 830 1390 nomen
886 1329 1039 1409 apud
1099 1328 1479 1390 Columellam
1528 1327 1879 1413 V11116,4
1945 1340 2037 1392 est
2101 1334 2159 1391 in
2226 1333 2393 1394 libris
2460 1353 2634 1394 manu

348 1440 606 1519 scriptiS,
656 1441 860 1522 itaque
905 1437 1219 1497 Terentius
1270 1437 1468 1499 Varro
1509 1432 1741 1498 ‘nullus
1780 1433 1918 1514 est',
1959 1442 2168 1514 inquit,
2209 1435 2355 1502 ‘boe
2390 1446 2637 1502 saeculo

347 1546 623 1605 nebullus
670 1562 746 1604 ae
784 1546 1028 1618 mintho,
1075 1547 1184 1618 qui
1216 1561 1336 1604 non
1384 1547 1505 1604 iam
1544 1546 1715 1604 dieat
1749 1548 1906 1605 nihil
1937 1564 2052 1606 sua
2090 1549 2395 1620 interesse,
2434 1554 2638 1608 utrum

348 1655 479 1712 eius
534 1654 698 1711 modi
753 1652 1028 1727 piscibus
1083 1668 1161 1710 an
1220 1654 1400 1711 ranis
1446 1650 1742 1726 frequens
1796 1653 2021 1713 habeat
2081 1650 2428 1714 vivarium'.
2504 1673 2636 1715 nam

359 1758 515 1836 qnod
568 1757 647 1817 ibi
695 1758 755 1816 in
803 1748 978 1817 editis
1027 1756 1462 1837 exemplaribus
1510 1757 1751 1835 legitur,
1813 1760 2029 1820 nebulo
2077 1778 2154 1820 ae
2200 1763 2513 1837 minthon,
2566 1781 2637 1822 ex

349 1841 617 1943 princ-ipe
685 1863 942 1924 editione
1011 1871 1316 1942 receptum
1383 1874 1491 1925 est.
1582 1863 1851 1944 μίνθων
1917 1883 1947 1924 a
2013 1862 2233 1945 μίνθα
2296 1867 2520 1928 dictum
2576 1871 2636 1928 in

349 1970 678 2031 Philodemi
725 1968 874 2030 libro
924 1963 1074 2050 περὶ
1120 1968 1371 2032 κακιῶν
1421 1971 1455 2031 l.
1497 1968 1575 2031 21
1623 1970 1856 2052 legitur,
1901 1965 2011 2031 καὶ
2059 1966 2522 2052 βρενθύεσθαι
2563 1968 2638 2036 δὲ

353 2071 463 2138 καὶ
518 2070 1027 2157 βρενθυόμενον
1086 2068 1436 2156 ὠνόμαζον
1490 2070 1602 2136 καὶ
1658 2074 1752 2137 ἔτι
1807 2074 1937 2137 νῦν
1985 2067 2463 2159 ὀνομάζουσιν,
2516 2073 2632 2141 εἴτ’

348 2178 477 2247 ἀπὸ
514 2181 637 2244 τοῦ
674 2177 1222 2264 παραδεδομένου
1258 2178 1681 2263 θυμιάματος
1715 2172 1756 2263 ἢ
1796 2174 2016 2263 μύρου
2052 2182 2187 2244 τῶν
2224 2186 2408 2246 θεῶν
2446 2187 2633 2268 βρεν-

346 2283 541 2367 θύος,
590 2279 679 2362 ὡς
724 2280 872 2349 καθ’
925 2282 1097 2369 ἡμᾶς
1141 2282 1253 2349 καὶ
1301 2288 1655 2368 μίνθωνας
1699 2281 1829 2349 ἀπὸ
1879 2294 1995 2368 τῆς
2040 2288 2310 2372 μίνθης,
2360 2284 2476 2354 εἶτ’
2521 2286 2632 2374 ἀφ’

350 2388 779 2477 ὁτουδήποτε,
826 2387 944 2456 τὸν
993 2385 1120 2456 ἀπὸ
1160 2393 1276 2474 τῆς
1316 2390 1665 2476 εἰρημένης
1703 2389 2068 2469 διαθέσεως
2102 2395 2636 2478 κατεμβλέποντα

353 2501 511 2565 πᾶσι
551 2497 661 2563 καὶ
700 2496 1244 2582 παρεμβλέποντα
1282 2496 1392 2562 καὶ
1429 2499 1509 2584 τῇ
1547 2499 1802 2585 κεφαλῇ
1832 2503 2268 2566 κατασείοντα
2296 2500 2408 2567 καὶ
2444 2526 2638 2568 κατα-

356 2610 780 2692 σμικρίζοντα
816 2602 973 2683 τοὺς
1010 2602 1444 2682 ἀπαντῶντας
1489 2599 1530 2689 ἢ
1568 2601 1725 2683 τοὺς
1772 2594 1870 2671 ὦν
1919 2602 2004 2671 ἄν
2044 2630 2141 2685 τις
2187 2608 2640 2699 μνημονεύσῃ,

350 2710 474 2780 κᾶν
523 2703 646 2780 ὦσι
693 2714 828 2777 τῶν
876 2708 1183 2796 μεγάλων
1232 2707 1407 2777 εἶναι
1456 2709 1867 2794 δοκούντων,
1915 2709 2075 2798 μετὰ
2115 2717 2491 2802 διασυρμοῦ
2528 2717 2638 2783 καὶ

351 2820 542 2906 μόλις
578 2842 710 2884 που
748 2821 1058 2904 βραχείας
1095 2815 1528 2903 ἀποκρίσεως,
1565 2814 1900 2904 ὑπεροχὴν
1941 2821 2123 2886 ἰδίαν
2168 2821 2640 2909 ἐμφαινούσης,

351 2924 560 2993 ἄλλου
608 2922 671 2991 δ’
726 2921 1008 3002 οὐδενὸς
1053 2921 1184 3007 ἄρα
1231 2923 1437 3010 λόγον
1485 2921 1903 3010 ἐμποιούσης.
1997 2931 2257 2992 minthae
2306 2943 2501 2995 autem
2551 2936 2640 2996 vel

353 3047 584 3099 mentae
638 3038 795 3096 varia
843 3054 974 3095 esse
1020 3055 1237 3115 genera
1286 3046 1542 3118 constat,
1592 3054 1845 3115 quorum
1895 3039 2268 3099 notissimum
2318 3040 2429 3101 suit
2477 3040 2638 3122 illud,

354 3146 509 3226 quod
576 3153 821 3225 propter
887 3145 1232 3204 suavitatem
1300 3143 1498 3204 odoris
1563 3134 1912 3223 ἡδύοσμον
1979 3144 2314 3228 dicebatur,
2380 3148 2453 3208 de
2520 3167 2639 3227 quo

352 3254 579 3314 Plinius
618 3249 754 3310 XIX
787 3246 914 3312 159
955 3250 1160 3310 scribit
1201 3249 1364 3331 haec,
1401 3257 1639 3311 mentae
1672 3267 1884 3311 nomen
1921 3254 2193 3312 suavitas
2231 3255 2437 3312 odoris
2474 3258 2645 3332 apud

358 3362 629 3422 Graecos
666 3360 933 3431 mutavit,
974 3375 1109 3417 cum
1149 3364 1291 3417 ante
1326 3360 1558 3417 mintha
1596 3365 1942 3432 vocaretur,
1981 3361 2144 3418 unde
2182 3365 2412 3420 veteres
2448 3366 2644 3423 nostri

350 3484 567 3528 nomen
608 3466 1084 3545 declinaverunt.
1159 3482 1323 3524 nune
1376 3471 1577 3524 autem
1615 3467 1813 3541 eoepit
1859 3467 1988 3525 diei
2021 3454 2385 3545 ἡδύοσμον.
2455 3476 2640 3542 qrato

350 3581 550 3635 menta
598 3563 835 3632 mensas
882 3572 1069 3632 odore
1108 3573 1430 3646 percurrit
1479 3573 1540 3630 in
1587 3573 1835 3631 rusticis
1883 3572 2158 3647 dapibus.
2233 3571 2305 3631 ab
2346 3572 2456 3633 hoc
2495 3573 2641 3653 μίν-

349 3683 572 3752 θωνες
610 3678 729 3738 dici
755 3684 1031 3755 poterant
1067 3678 1168 3755 qui
1207 3683 1440 3737 mentae
1471 3675 1652 3737 odore
1693 3675 2154 3738 delectabantur.
2228 3677 2384 3755 quod
2423 3697 2641 3740 nomen

352 3785 538 3846 Varro
597 3783 667 3844 ad
717 3784 1055 3843 irrisionem
1112 3783 1418 3843 hominum
1467 3782 1853 3844 delicatorum
1911 3794 1969 3843 et
2014 3783 2455 3845 luxuriosorum
2503 3805 2640 3846 con-

353 3895 548 3953 vertit.
643 3899 909 3951 ceterum
959 3890 1115 3968 quod
1165 3889 1319 3969 apud
1368 3879 1751 3950 Columellam
1808 3889 2071 3950 additum
2129 3897 2222 3950 est
2267 3894 2507 3966 nebule,
2569 3892 2641 3953 ab

355 4002 483 4079 ipso
532 3995 852 4059 Columella
902 3996 1136 4057 videtur
1184 3996 1254 4056 ad
1304 3996 1716 4075 explicandum
1775 3998 1971 4056 minus
2028 4005 2232 4057 notum
2293 3997 2640 4059 vocabulum
2698 4013 2709 4021 ·

351 4104 716 4184 adscriptum
766 4120 916 4164 esse.

529 4209 680 4270 Non
746 4207 1115 4288 philippus
1180 4227 1333 4270 cum
1400 4209 1477 4269 ad
1536 4207 1929 4269 immidium
1988 4209 2348 4289 hospitem
2411 4213 2644 4272 casini

352 4319 788 4380 diuertisset
836 4324 905 4376 et
952 4299 1013 4375 e'i
1062 4334 1093 4375 e
1143 4323 1263 4377 tuo
1313 4316 1611 4377 flumine
1651 4315 1892 4394 lupum
1940 4318 2210 4395 piscem
2250 4317 2640 4379 formosum

352 4422 856 4507 apposuisset]
901 4424 1226 4484 Minidium
1274 4424 1565 4484 editiones
1604 4429 1739 4483 ante
1778 4422 2122 4503 victorium,
2160 4425 2262 4502 qui
2303 4425 2643 4486 Immidium

354 4553 424 4593 ex
474 4531 798 4609 archetypo
854 4529 1063 4610 edidit3
1122 4532 1475 4592 Ummidium
1516 4529 1778 4609 Scaliger
1818 4538 1875 4590 et
1912 4529 2216 4590 Bentleius
2257 4524 2318 4589 in
2358 4529 2497 4591 Hor.
2538 4542 2644 4594 sat.
