3178 5185
555 392 689 459 254
1245 400 1628 458 ΟΟΜΜΕΝΤ.
1667 403 1747 457 IN
1784 401 2159 458 VARRONIS

556 560 936 634 eyredientes
965 561 1051 618 ad
1085 561 1527 634 apricationem
1566 561 1892 640 columbas,
1921 576 2036 620 nec
2073 560 2270 619 minus
2309 560 2373 619 in
2402 575 2589 633 aoros
2620 560 2854 618 emittat

557 669 862 740 matrices,
899 683 1059 740 quae
1096 667 1221 726 ovis
1262 668 1359 726 vel
1394 669 1583 742 pullis
1631 667 1942 741 incubant,
1980 684 2058 727 ne
2094 669 2277 742 quasi
2303 669 2491 740 ‚aravi
2519 672 2857 742 perpetuae

561 774 877 833 custodiae
911 775 1159 833 servitio
1198 775 1601 834 contristatae
1635 780 1971 834 senescant.
2037 791 2179 834 nam
2217 790 2352 834 cum
2382 775 2642 849 paulum
2681 775 2855 832 cirea

560 882 849 952 aedificia
904 882 1333 960 volitaverunt,
1389 882 1780 941 exhilaratae
1833 886 2205 941 recreantur
2250 885 2309 941 et
2364 881 2452 939 ad
2496 877 2668 953 fetus
2719 895 2858 939 suos

559 988 893 1062 veqetiores
936 988 1217 1060 redeunt,
1258 993 1514 1063 propter
1552 1004 1701 1062 quos
1748 1005 1826 1047 ne
1871 990 2109 1062 lonqius
2156 989 2395 1062 quidem
2441 988 2710 1060 evaqari
2752 990 2860 1044 aut

553 1092 779 1169 fuyere
838 1099 1159 1154 conantur.
1251 1091 1435 1153 Varro
1492 1102 1689 1154 autem
1758 1102 2094 1153 curatorem
2160 1091 2569 1154 columbarum
2629 1099 2858 1152 certum

561 1198 759 1259 locum
805 1198 1026 1259 habere
1072 1198 1240 1260 iubet
1284 1209 1413 1261 rete
1461 1199 1532 1260 ab
1572 1199 1701 1260 aliis
1742 1199 2086 1282 disclusum,
2126 1202 2187 1260 in
2225 1218 2403 1279 quem
2441 1199 2595 1260 fetae
2637 1198 2856 1259 colum·

563 1305 671 1366 bae
718 1304 1041 1367 incubandi
1101 1325 1278 1367 causa
1339 1307 1776 1368 transferantur
1836 1315 1896 1370 et
1957 1325 1989 1368 e
2051 1326 2167 1387 quo
2227 1315 2481 1388 matreS,
2542 1324 2682 1366 cum
2744 1307 2858 1366 iam

563 1411 757 1492 pullos
803 1412 1039 1495 habent,
1076 1415 1137 1474 in
1179 1432 1351 1493 agros
1399 1413 1632 1474 evolare
1680 1415 1928 1493 possint.
2004 1417 2204 1494 itaque
2254 1418 2317 1475 in
2353 1415 2856 1493 praepositionem

564 1527 626 1580 et
672 1537 789 1595 que
833 1527 969 1599 post
1015 1527 1242 1581 matres
1298 1522 1506 1582 vitiose
1566 1520 1830 1582 additum
1888 1520 2078 1582 delevi
2135 1528 2195 1582 et
2250 1539 2319 1581 ex
2369 1520 2568 1582 Ursini
2628 1522 2857 1582 coniec-

562 1636 699 1688 tura
747 1631 989 1689 evolare
1035 1629 1266 1705 scripsi.
1340 1645 1421 1688 ex
1460 1631 1845 1705 peristerone
1889 1636 2106 1710 autem,
2146 1626 2304 1708 quod
2350 1628 2487 1689 inde
2535 1627 2610 1688 ab
2651 1627 2856 1687 Aldina

564 1734 823 1796 editione
885 1735 1170 1794 omissum
1228 1741 1382 1817 erat,
1438 1736 1705 1817 restitui,
1752 1738 1892 1797 item
1956 1753 2116 1811 quae
2174 1734 2344 1812 fetae
2404 1740 2570 1810 sunt,
2627 1742 2858 1796 certum

564 1845 759 1903 locum
823 1847 891 1902 ut
953 1843 1282 1903 disclusum
1347 1843 1426 1902 ab
1494 1844 1634 1904 aliis
1697 1849 1828 1904 rete
1881 1844 2130 1918 habeat,
2196 1859 2313 1918 quo
2379 1840 2858 1919 transferantur,

565 1968 599 2010 e
654 1965 772 2025 quo
826 1947 1006 2024 foras
1070 1966 1150 2009 ex
1196 1951 1581 2026 peristerone
1635 1953 1879 2011 evolare
1924 1951 2162 2026 possint
2214 1956 2456 2010 matres.
2550 1941 2719 2024 quod
2763 1947 2858 2024 fa-

565 2060 735 2117 ciunt
780 2074 909 2135 sqq.
1249 2067 1300 2107 Ὁ
1333 2049 1338 2054 ’

744 2162 940 2234 Quod
1007 2162 1239 2223 libero
1305 2181 1470 2223 aere
1538 2181 1693 2223 cum
1750 2163 2070 2224 exierint
2133 2164 2205 2222 in
2261 2179 2472 2241 agros
2539 2161 2860 2223 redinte-

565 2277 867 2351 grentur
913 2269 1140 2330 altera
1188 2267 1273 2328 de
1321 2286 1531 2329 causa
1586 2276 1891 2349 propter
1946 2267 2300 2346 inlicium]
2359 2271 2488 2342 Quo
2535 2270 2732 2330 libero
2778 2301 2857 2311 —-

559 2385 818 2457 propter
865 2378 1116 2437 illicium
1154 2376 1477 2437 IucunduS.
1552 2380 1754 2437 altera
1785 2382 2041 2453 propter
2070 2378 2413 2456 pulliciem,
2435 2375 2495 2436 h.
2524 2394 2575 2435 e.
2614 2384 2858 2456 propter

565 2485 785 2567 pulloS,
835 2482 1116 2565 UrsinuS,
1178 2483 1342 2563 quod
1391 2482 1662 2561 probavit
1709 2481 2128 2543 SchneideruS.
2219 2481 2513 2565 inlicium,
2571 2482 2733 2561 quod
2789 2482 2857 2543 de

567 2591 777 2672 apibus
841 2590 1066 2653 dictum
1134 2597 1227 2651 est
1290 2589 1368 2650 111
1427 2587 1532 2673 16,
1570 2587 1687 2672 223
1733 2587 1847 2673 31,
1915 2589 2179 2651 defendit
2242 2588 2647 2651 Buechelerus
2715 2608 2856 2651 muS.

567 2698 833 2759 Rhenan.
870 2716 920 2758 a.
962 2694 1136 2759 1884
1171 2716 1226 2777 p.
1256 2694 1406 2759 418.
1480 2696 1712 2758 duabus
1759 2697 1833 2757 de
1880 2699 2077 2758 causis
2126 2705 2344 2768 matres
2390 2695 2692 2776 pullorum
2731 2716 2858 2757 evo-

565 2805 689 2865 lare
737 2803 955 2885 volunt,
995 2822 1247 2883 quarum
1295 2802 1479 2865 altera
1525 2803 1672 2865 haec
1710 2812 1820 2885 est,
1860 2805 2016 2884 quod
2055 2806 2214 2884 ipsas
2253 2804 2440 2864 libero
2480 2822 2618 2864 aere
2667 2804 2857 2865 redin-

568 2913 788 2992 tegrari
834 2911 1058 2973 dicunt.
1133 2911 1316 2972 altera
1364 2911 1436 2971 de
1485 2928 1663 2972 causa
1709 2910 1770 2971 id
1817 2911 2044 2972 faciunt
2089 2919 2336 2991 propter
2374 2910 2661 2992 inlicium,
2702 2910 2858 2991 quod

568 3019 856 3082 columbis
894 3018 966 3079 ad
996 3017 1188 3098 pullos
1225 3016 1630 3078 revolantibus
1666 3016 2016 3077 inliciuntur
2060 3015 2223 3098 aliae,
2264 3016 2352 3077 vel
2390 3016 2661 3078 eiusdem
2700 3019 2851 3097 peri·

568 3128 851 3207 steronis,
900 3142 1049 3204 quae
1104 3122 1299 3203 pullos
1346 3141 1464 3184 non
1523 3122 1769 3204 habent,
1816 3141 1891 3183 ne
1938 3122 2198 3205 avolent,
2245 3122 2337 3184 vel
2384 3125 2572 3205 ferae,
2620 3132 2689 3186 ut
2736 3123 2858 3186 illas

572 3241 922 3315 sequantur.

749 3339 785 3401 7
847 3338 1085 3418 Virgis
1132 3340 1437 3400 uiscatis
1484 3337 1781 3398 defictis
1838 3338 1904 3398 in
1964 3335 2185 3414 terra]
2235 3339 2471 3411 Defixis
2517 3340 2581 3399 in
2629 3344 2859 3400 terram

569 3448 726 3509 edita
770 3446 909 3507 inde
956 3465 990 3506 a
1043 3448 1313 3526 principe
1361 3445 1621 3506 editione
1678 3444 2053 3524 exemplaria.
2149 3448 2383 3519 defictis
2430 3445 2734 3508 Victorius
2792 3466 2861 3507 ex

570 3556 774 3618 codice
821 3555 1166 3615 restituerat
1214 3560 1275 3613 et
1319 3553 1430 3613 hac
1475 3552 1665 3613 forma
1711 3553 2010 3632 participii
2055 3552 2379 3613 Varronem
2435 3554 2497 3613 in
2551 3552 2647 3613 his
2695 3553 2861 3613 libris

570 3681 743 3724 usum
783 3680 915 3722 esse
954 3662 1190 3741 saepius
1229 3659 1626 3742 adnotaverat,
1663 3658 1745 3719 111
1775 3656 1834 3740 3,
1863 3656 1905 3720 2
1943 3662 2174 3733 adficta
2211 3663 2407 3735 villae,
2448 3657 2506 3741 7,
2533 3655 2578 3719 4
2615 3661 2863 3721 tabulae

562 3775 778 3845 fictae,
835 3766 895 3850 9,
936 3766 972 3828 7
1021 3770 1250 3829 cubilia
1305 3769 1554 3840 adficta.
1645 3764 1907 3827 Diomed.
1954 3785 2010 3846 p.
2049 3763 2197 3849 377,
2236 3764 2314 3828 11
2368 3770 2534 3842 fiqor
2580 3768 2863 3842 ambique

571 3880 921 3940 declinatur
966 3878 1136 3963 apud
1178 3881 1409 3936 veteres
1455 3880 1722 3950 tempore
1760 3872 2066 3951 perfecto:
2112 3876 2450 3952 reperimus
2487 3875 2646 3934 enim
2680 3877 2863 3946 fictus

570 3992 630 4048 et
666 3989 853 4060 fiscus,
891 3985 1169 4045 Scaurus
1216 3983 1293 4042 de
1335 3984 1460 4043 vita
1505 3999 1621 4042 sua
1659 3974 1961 4056 ‘sayittis'
2001 3984 2197 4056 inquit
2232 3975 2610 4055 ‘confictus’,
2664 3981 2860 4041 Varro

518 4151 523 4155 .
572 4096 659 4154 ad
708 4094 1059 4154 Ciceronem
1104 4092 1284 4151 tertio
1323 4092 1536 4162 fixum.
1611 4089 1756 4148 item
1800 4086 2038 4148 Lucret.
2085 4086 2166 4147 111
2199 4084 2244 4149 4
2281 4091 2436 4161 ficta
2483 4090 2760 4163 vestigia.

749 4197 1022 4259 Animal
1080 4196 1267 4276 quod
1322 4196 1494 4268 item
1547 4201 1801 4274 petere
1859 4194 2141 4255 soleant
2198 4192 2620 4272 accipitres]
2691 4195 2864 4267 Quod

571 4308 934 4383 intercipere
987 4307 1221 4365 soleant
1276 4321 1348 4362 ex
1403 4302 1606 4362 codice
1655 4320 1713 4361 m
1770 4301 2092 4363 IucunduS.
2185 4300 2489 4380 archetypi
2542 4300 2857 4362 lectionem

570 4412 869 4473 Victorius
933 4411 1212 4471 restituit.
1303 4412 1468 4485 quod
1530 4412 1819 4487 impetere
1881 4413 2116 4471 soleant
2179 4407 2501 4469 Salmasius
2557 4408 2620 4468 in
2677 4406 2856 4468 Solin.

525 4537 628 4599 ⁴p.
669 4515 800 4581 614
846 4525 907 4578 et
960 4517 1073 4578 hoc
1129 4526 1370 4579 auctore
1420 4514 1841 4581 Schneiderus.
1932 4535 2053 4577 non
2108 4517 2389 4579 maiorem
2452 4514 2631 4577 fidem
2686 4514 2858 4576 hahet
