3178 5185
789 442 1048 497 RERVM
1084 441 1564 499 RVSTIOARVM
1602 442 1737 496 LlB.
1774 443 1799 495 1
1841 439 2097 498 57-58
2277 439 2281 444 ’
2472 432 2594 496 121

328 599 578 677 moravit‚
625 616 797 677 poma
844 617 913 659 eo
964 600 1200 658 nomine
1249 616 1422 678 saepe
1472 596 1859 677 appellantur.
1952 615 2132 676 quare
2182 595 2408 678 dubito,
2455 615 2596 657 num

325 703 594 784 singulari
644 705 919 766 Varronis
970 706 1232 784 opinioni
1278 705 1391 766 hoc
1440 704 1824 766 tribuendum
1873 707 1966 785 sit,
2005 710 2071 764 ut
2107 706 2409 764 aminneas
2456 722 2597 764 uvas

320 813 640 872 scantianas
696 812 940 894 dixerit,
988 813 1091 873 sed
1150 814 1290 873 vitio
1349 811 1667 873 scribentis
1720 812 1940 872 sactum
1999 828 2130 871 esse
2188 819 2360 889 puto,
2406 818 2473 870 ut
2528 828 2595 870 ex

318 921 382 979 iis
434 938 583 999 quae
651 927 854 999 postea
920 920 992 980 de
1057 923 1250 999 pomis
1314 922 1534 999 scripta
1593 927 1732 980 sunt
1787 920 1849 978 in
1903 918 2064 979 hunc
2122 916 2315 978 locum
2382 935 2596 978 nomen

316 1028 750 1089 transferretur.
824 1036 1002 1108 atque
1050 1030 1229 1089 etiam
1277 1027 1429 1107 apud
1469 1026 1725 1087 Plinium
1773 1044 1981 1107 parum
2028 1034 2162 1105 apte
2211 1024 2355 1086 baec
2402 1027 2588 1087 inter·

317 1136 494 1214 posita
544 1153 677 1195 esse
725 1135 892 1196 facile
941 1143 1200 1216 apparet.
1282 1137 1483 1216 itaque
1532 1134 1686 1215 apud
1724 1127 2058 1194 'Varronem
2103 1136 2462 1195 scantianas
2507 1136 2595 1194 in-

316 1242 472 1318 clusi,
535 1242 693 1323 apud
750 1242 1007 1304 Plinium
1064 1261 1130 1303 ea
1191 1261 1339 1322 quae
1395 1242 1514 1303 buc
1578 1244 1906 1322 pertinent,
1963 1244 2260 1302 amineam
2316 1243 2599 1317 proxime

317 1353 530 1411 dictam
605 1350 801 1411 Varro
856 1353 1239 1412 scantianam
1294 1358 1486 1426 vocat,
1545 1368 1619 1410 ex
1665 1348 1817 1409 libro
1864 1347 2144 1409 Varronis
2201 1357 2399 1409 vetere
2457 1350 2597 1408 vitio

318 1465 592 1536 corrupto
634 1456 910 1518 videntur
957 1457 1152 1519 addita
1201 1476 1350 1520 esse.
1426 1461 1767 1520 duracinae
1805 1460 2117 1518 aminneas
2156 1456 2294 1516 olim
2334 1454 2596 1516 scriben-
2699 1481 2706 1489 ·

317 1563 446 1623 dum
511 1564 773 1645 conieci,
839 1572 904 1624 ut
969 1571 1061 1624 est
1125 1565 1278 1644 apud
1345 1564 1655 1645 Catoncm3
1724 1571 1958 1643 poterat
2026 1570 2221 1623 tamen
2279 1560 2492 1645 Varro,
2548 1563 2598 1623 si

318 1669 624 1730 duracinas
672 1669 744 1730 ab
793 1672 1079 1732 aminneis
1128 1673 1256 1732 uvis
1318 1671 1578 1732 diversas
1635 1689 1765 1731 esse
1824 1668 2082 1751 volebat,
2139 1668 2334 1730 addita
2392 1668 2601 1749 copula

315 1780 647 1839 duracinas
693 1786 753 1840 et
798 1782 1111 1840 aminneas
1157 1779 1438 1840 scribere.
1531 1786 1864 1858 sequuntur
1913 1787 2226 1857 praecepta
2271 1777 2342 1838 de
2390 1779 2599 1858 pomiS,

315 1885 381 1945 de
427 1885 648 1965 quibus
696 1885 837 1947 Cato
888 1885 944 1968 7,
983 1885 1023 1948 3
1070 1886 1279 1947 scribit
1335 1887 1507 1969 haec,
1563 1905 1718 1965 quae
1770 1888 1894 1964 ipsa
1954 1903 2191 1964 quoque
2237 1883 2421 1945 Varro
2480 1903 2599 1945 non

314 1990 473 2070 plane
522 2003 801 2054 accurate
850 1997 1161 2075 expressit,
1200 2013 1411 2072 poma,
1459 1999 1621 2055 mala
1675 2001 1908 2055 strutea
1965 2000 2216 2055 cotonea
2274 1997 2601 2054 scantiana

319 2103 699 2178 quiriniana,
749 2105 886 2163 item
934 2105 1059 2163 alia
1106 2105 1429 2182 conditiva,
1474 2105 1636 2162 mala
1683 2109 1913 2162 mustea
1960 2108 2019 2162 et
2056 2103 2307 2177 punica.
2398 2102 2459 2160 in
2506 2099 2600 2160 his

314 2208 563 2284 primum
615 2211 677 2270 in
725 2209 899 2270 editis
947 2217 1082 2270 ante
1121 2208 1447 2270 Victorium
1495 2207 1933 2287 exemplaribus
1966 2209 2043 2268 de
2072 2208 2267 2283 pomis
2312 2208 2597 2267 omissum

315 2323 367 2374 et
411 2315 566 2376 tituli
617 2315 747 2376 loco
796 2319 871 2378 de
908 2320 1105 2394 pomis
1149 2319 1504 2379 condiendis
1550 2315 1641 2376 vel
1689 2316 2037 2391 condendis,
2086 2312 2242 2392 quod
2291 2315 2353 2373 in
2400 2313 2595 2375 indice

315 2424 705 2500 capitulorum
743 2423 959 2502 legitur
996 2426 1431 2503 praescriptum
1471 2430 1615 2483 erat.
1690 2426 1766 2484 de
1803 2424 1997 2499 pomis
2036 2422 2344 2482 conditiva
2384 2430 2598 2503 autem,

314 2528 349 2589 i.
382 2546 430 2588 e.
478 2548 548 2589 ea
599 2547 750 2609 quae
808 2548 877 2590 ex
934 2532 1126 2609 pomis
1183 2530 1547 2613 conduntur,
1596 2531 1682 2590 sic
1739 2536 1806 2590 ut
1855 2546 2036 2607 poma
2090 2527 2247 2607 apud
2296 2528 2602 2612 Catonem,

315 2638 655 2698 universum
703 2656 889 2717 genus
929 2639 1260 2717 significant
1299 2656 1524 2718 eorum,
1564 2638 1636 2699 de
1678 2635 1895 2717 quibus
1941 2637 2322 2716 praecipitur.
2388 2637 2599 2699 deinde

314 2743 369 2803 in
423 2743 663 2806 Iuntina
722 2745 979 2806 editione
1036 2764 1144 2826 pro
1201 2764 1269 2806 eo
1328 2745 1485 2824 quod
1542 2747 1604 2805 in
1664 2761 1842 2804 manu
1898 2744 2137 2823 scriptis
2192 2742 2362 2805 libris
2418 2753 2479 2806 et
2538 2747 2600 2806 in

316 2849 749 2930 antiquioribus
788 2850 1147 2912 editionibus
1186 2851 1402 2931 legitur
1440 2855 1786 2914 scandiana
1830 2871 1902 2913 ex
1940 2851 2160 2912 Catone
2209 2850 2599 2913 substitutum

316 2967 433 3019 erat
488 2962 875 3035 quiriniana,
937 2959 1094 3038 quod
1152 2978 1184 3019 a
1239 2958 1499 3021 Victorio
1556 2967 1864 3039 receptum
1920 2967 1979 3019 et
2044 2961 2107 3019 in
2162 2957 2422 3038 reliquas
2478 2959 2596 3020 edi-

322 3067 503 3128 tiones
552 3075 943 3147 propagatum
1006 3076 1112 3127 est.
1206 3067 1308 3127 sed
1367 3085 1437 3127 ex
1494 3068 1567 3127 iis
1627 3066 1913 3127 malorum
1971 3063 2317 3148 generibuS,
2364 3085 2513 3145 quae
2569 3085 2602 3127 a

315 3171 533 3235 Catone
584 3175 879 3235 nominata
928 3182 1114 3254 erant,
1152 3174 1334 3234 Varro
1381 3176 1657 3254 repetivit
1699 3181 1998 3255 quattuor,
2035 3175 2311 3234 struthea
2350 3180 2600 3236 cotonea

315 3286 639 3343 Scantiana
687 3289 949 3356 mustea,
989 3281 1120 3342 duo‘
1164 3281 1386 3342 addidit
1442 3300 1616 3362 nova,
1664 3284 2007 3342 Scaudiana
2063 3273 2227 3363 (nam
2277 3282 2356 3341 ita
2402 3282 2601 3360 potius

314 3388 692 3450 scribendum
749 3381 869 3472 est)
937 3398 997 3448 et
1051 3390 1414 3450 orbiculata.
1511 3407 1542 3448 e
1601 3387 1817 3468 quibus
1882 3386 2206 3448 orbiculata
2262 3406 2438 3467 saepe
2498 3406 2600 3467 ap-

313 3495 620 3577 pellantur,
667 3495 982 3556 scaudiana
1029 3514 1060 3555 a
1110 3495 1381 3578 Scaudio,
1428 3498 1736 3556 inventore
1785 3496 2040 3575 generiS,
2078 3512 2294 3555 nomen
2345 3496 2594 3556 traxisse

314 3604 387 3664 ait
430 3602 660 3664 Plinius
707 3601 807 3661 XV
842 3599 947 3663 49.
1022 3603 1226 3663 eadem
1275 3602 1569 3683 appellant
1609 3601 1837 3662 Plinius
1885 3603 2100 3663 iterum
2139 3600 2240 3660 XV
2278 3598 2382 3685 58,
2425 3601 2595 3663 Colu-

316 3710 471 3771 mella
517 3708 563 3767 V
595 3708 696 3790 10,
730 3705 831 3791 19,
878 3708 1138 3771 Cloatius
1185 3709 1340 3790 apud
1380 3708 1743 3770 Macrobium
1784 3708 2018 3770 Saturn.
2050 3707 2129 3767 111
2162 3705 2268 3790 19,
2295 3707 2355 3790 2,
2394 3708 2599 3770 Celsus

316 3816 381 3877 de
434 3817 588 3878 med.
629 3813 824 3877 1124.
872 3815 946 3876 lv
987 3814 1088 3880 26.
1180 3820 1525 3879 scaudiana
1582 3816 1804 3877 habent
1869 3817 2078 3894 optimi
2144 3816 2378 3877 codices
2446 3817 2600 3896 apud

315 3922 563 3986 Plinium
631 3932 692 3984 et
758 3923 1146 4006 Macrobium,
1212 3927 1536 3985 scaidiana
1604 3924 1791 3984 codex
1850 3922 2374 4002 Sangermanensis
2431 3923 2600 3985 Colu-

316 4031 531 4093 mellae.
588 4064 662 4073 -—
716 4050 907 4109 supra
957 4035 1172 4108 paleas
1228 4032 1343 4091 Am
1401 4039 1459 4091 et
1518 4031 1674 4092 edita
1740 4030 1877 4091 inde
1944 4028 2015 4090 ab
2070 4029 2276 4090 Aldina
2342 4031 2600 4091 editione

316 4137 685 4219 exemplaria,
713 4157 904 4215 supra
945 4142 1127 4215 palea
1168 4139 1505 4220 apographa
1546 4140 1898 4198 recentiora.
1961 4155 2151 4213 supra
2178 4141 2425 4214 paleam
2464 4138 2600 4198 olim

316 4248 534 4326 scripsi.
595 4264 729 4305 nam
758 4245 1107 4325 plerumque
1140 4244 1424 4325 singulari
1454 4264 1702 4306 numero
1733 4243 1958 4324 paleam
1981 4242 2162 4304 Varro
2193 4244 2355 4326 dixit,
2386 4244 2410 4304 1
2442 4243 2537 4328 13,
2559 4244 2600 4307 4

316 4359 514 4427 operta
551 4356 904 4412 stramentis
942 4370 1018 4412 ac
1056 4355 1258 4429 palea,
1307 4347 1410 4433 52,
1441 4349 1482 4412 2
1522 4370 1672 4413 acus
1711 4371 1787 4412 ac
1817 4354 2018 4429 palea,
2065 4347 2169 4433 59,
2198 4348 2238 4411 3
2287 4354 2599 4414 substrata

311 4462 479 4533 palea
535 4462 635 4520 vel
686 4462 867 4519 etiam
915 4462 1157 4534 flocciS,
1214 4458 1264 4518 11
1305 4456 1363 4539 2,
1409 4455 1488 4519 10
1530 4458 1687 4535 folia
1728 4462 1996 4533 ficulnea
2044 4464 2104 4518 et
2139 4461 2349 4535 palea,
2415 4455 2475 4540 5,
2518 4458 2599 4521 12

306 4570 476 4640 palea
524 4585 603 4628 ac
645 4564 849 4642 faenO,
895 4565 975 4626 111
1018 4563 1101 4628 10
1147 4568 1656 4628 substernendum
1696 4569 1897 4646 palea,
1946 4564 2021 4625 ib.
2060 4561 2104 4629 4
2148 4567 2528 4628 substramen
2566 4586 2600 4628 e
