3178 5185
884 415 1145 468 RERVM
1182 414 1665 470 RVSTICARVM
1704 416 1839 468 LIB.
1878 416 1931 469 II
1973 416 2006 471 7
2460 407 2585 470 189

292 566 486 627 deruS.
576 567 809 628 scilicet
853 568 997 628 haec
1046 587 1283 648 quoque
1335 569 1595 630 editores
1645 569 1714 630 ad
1764 567 2119 630 Columellae
2158 573 2446 630 rationem
2496 588 2586 629 re-

291 692 497 734 vocare
569 675 950 736 studuerunt.
1028 678 1264 737 restitui
1322 678 1678 756 scripturam
1735 676 2067 758 archetypi,
2131 677 2235 737 sed
2294 680 2585 753 fiquratis

291 783 507 859 scripsi
556 801 669 861 pro
720 801 789 842 eo
839 782 996 862 quod
1045 784 1106 842 in
1153 782 1254 842 illo
1303 792 1429 842 erat
1468 786 1767 858 fiqurata.

463 889 654 950 T,oto
721 908 1023 968 corpore
1090 899 1166 950 ut
1234 889 1491 949 habeat
1556 908 1778 949 uenas
1853 906 2032 968 quae
2106 891 2586 950 animaduerti

288 1006 599 1074 possunt
648 997 833 1076 quod
880 996 1386 1057 huiuscemodi
1433 998 1530 1056 sit
1586 1004 1657 1056 et
1705 1014 1856 1055 cum
1906 1005 2018 1057 est
2064 1014 2275 1075 aeger
2323 997 2400 1057 ad
2450 1016 2587 1057 me-

287 1102 601 1164 dendum
637 1103 1018 1188 adpositus
1057 1121 1361 1182 corpore
1399 1102 1661 1179 multo]
1704 1105 1872 1176 Quae
1909 1106 2587 1181 animadvertipossint,

291 1214 455 1283 quod
500 1213 928 1272 huiuscemodi
977 1213 1098 1270 sint
1145 1209 1396 1290 Merula,
1452 1228 1613 1285 quae
1668 1211 2079 1272 animadverti
2114 1214 2395 1295 possint„
2428 1213 2592 1285 quod

289 1320 394 1391 qui
437 1319 869 1378 huiuscemodi
911 1319 1005 1391 sit,
1053 1324 1112 1377 et
1156 1334 1293 1377 cum
1332 1325 1420 1378 est
1457 1335 1648 1392 aeqer
1687 1320 1773 1376 ad
1806 1319 2163 1378 medendum
2218 1326 2309 1379 est
2352 1322 2585 1394 apposi-

289 1432 398 1500 tus,
439 1443 710 1503 corpore
745 1428 928 1486 multo
966 1423 1288 1485 iucundus,
1362 1442 1624 1501 corpore
1659 1428 1843 1486 multo
1881 1433 1985 1485 aut
2021 1426 2222 1503 spuria
2263 1433 2365 1485 aut
2396 1425 2587 1485 alieno

290 1531 416 1592 loco
485 1532 774 1594 collocata
843 1550 974 1592 esse
1041 1540 1283 1592 auctore
1339 1531 1674 1592 Pontedera
1730 1551 1784 1611 p.
1832 1528 1966 1594 434
2023 1530 2425 1593 Schneiderus
2490 1532 2585 1592 ad-

290 1642 534 1702 notavit.
613 1648 673 1701 et
729 1647 983 1718 possunt
1036 1638 1181 1699 haec
1237 1657 1308 1698 ex
1364 1656 1435 1698 eo
1494 1638 1650 1717 quod
1710 1657 1888 1717 supra
1946 1641 2234 1717 scriptum
2294 1647 2423 1699 erat
2468 1647 2589 1700 toto

291 1764 554 1823 corpore
592 1748 844 1826 repetita
884 1763 1033 1806 esse.
1108 1752 1416 1823 praeterea
1455 1753 1530 1818 et,
1570 1747 1686 1805 nisi
1719 1764 1869 1824 quae
1908 1738 2275 1828 exciderunt,
2306 1764 2424 1825 quo
2454 1764 2587 1824 per·

291 1855 473 1914 tineat
503 1872 630 1914 non
659 1852 1042 1931 intellegitur.
1111 1870 1244 1912 nam
1276 1870 1473 1932 venaS,
1503 1870 1654 1931 quae
1686 1851 2069 1913 animadverti
2090 1855 2338 1934 possint,
2366 1852 2587 1927 habere

294 1977 516 2038 equum
566 1960 799 2039 volunt,
846 1968 1161 2038 propterea
1210 1959 1366 2038 quod
1415 1966 1572 2040 tum,
1632 1977 1767 2019 cum
1816 1977 1991 2038 aeger
2040 1967 2147 2040 est,
2192 1978 2373 2021 venae
2423 1961 2590 2021 feriri

291 2076 549 2143 possunt
579 2076 640 2127 et
669 2069 910 2146 sanguis
941 2067 1187 2127 demitti.
1263 2085 1447 2146 quare
1488 2065 1683 2127 deleto
1723 2074 1782 2127 et
1819 2068 2034 2145 scripsi
2063 2073 2183 2127 toto
2223 2085 2483 2143 corpore
2522 2074 2588 2127 ut

293 2174 518 2235 habeat
565 2193 768 2248 venas,
816 2192 974 2249 quae
1020 2176 1430 2235 animadverti
1466 2177 1717 2250 possint,
1774 2175 1938 2248 quod
1980 2176 2088 2248 qui
2128 2175 2384 2235 huiusce
2428 2177 2593 2235 modi

292 2282 382 2355 sit,
430 2299 573 2343 cum
620 2288 710 2342 est
756 2299 960 2360 aecer,
1008 2284 1095 2343 ad
1138 2284 1495 2341 medendum
1542 2283 1871 2357 adpositus.
1948 2283 2024 2341 de
2068 2282 2259 2355 stirpe
2304 2296 2431 2359 sqq.

470 2385 516 2449 6
582 2386 831 2467 Itaque
880 2388 958 2448 ad
1009 2387 1137 2448 hoc
1195 2387 1479 2447 nobiles
1541 2406 1571 2446 a
1631 2386 2057 2466 regionibus
2112 2385 2455 2447 dicuntur
2515 2389 2585 2473 in

295 2497 585 2572 graecia
647 2494 1027 2556 thessalici
1092 2497 1258 2574 equi
1322 2514 1353 2554 a
1424 2503 1615 2554 terra
1690 2494 2194 2573 apuliabrosea
2260 2494 2583 2572 roseani]

297 2600 616 2683 Lacunam,
664 2621 778 2681 qua
827 2602 971 2663 haec
1010 2611 1290 2681 corrupta
1328 2605 1388 2662 in
1429 2620 1605 2662 manu
1648 2604 1886 2680 scriptis
1925 2611 1985 2663 et
2028 2601 2201 2662 editis
2241 2602 2588 2681 exemplari-

299 2707 407 2771 bus
454 2710 825 2792 ferebantur,
871 2708 951 2770 ita
1000 2709 1299 2789 supplevit
1344 2708 1628 2790 Ursinus,
1690 2713 1752 2770 in
1804 2711 2072 2770 Graecia
2126 2709 2478 2782 Thessalici,
2526 2713 2588 2771 in

302 2816 488 2879 Italia
537 2813 764 2894 App‘uli
808 2835 885 2878 ac
923 2818 1210 2891 Roseani,
1259 2816 1531 2876 similiter
1573 2814 1906 2876 Pontedera
1952 2836 2006 2895 p.
2047 2812 2179 2878 434
2217 2820 2278 2876 in
2323 2819 2589 2878 Graecia

306 2922 638 2986 Thessalici
699 2927 864 3002 equi,
930 2943 969 2984 a
1036 2930 1210 2985 terra
1264 2926 1529 3000 Appulia
1585 2925 1833 3000 Appuli,
1900 2925 1977 2983 ab
2044 2923 2245 2984 Rosea
2302 2924 2587 2986 Roseani.

299 3039 607 3107 praeterea
664 3033 741 3091 ab
798 3032 913 3091 hoc
968 3029 1349 3091 scribendum
1398 3048 1530 3090 esse
1588 3038 1858 3110 apparet,
1920 3048 2039 3089 non
2096 3032 2184 3090 ad
2233 3033 2374 3105 hoc,
2433 3032 2589 3091 sicut

301 3140 591 3217 scriptum
647 3145 740 3197 est
793 3137 948 3197 infra
1005 3135 1045 3213 ἓ
1090 3133 1170 3197 16
1229 3139 1434 3211 itaque
1486 3139 1563 3197 ab
1610 3139 1725 3197 hoc
1782 3139 1844 3196 in
1908 3137 2174 3197 Graecia
2213 3141 2589 3214 potissimum

300 3247 522 3306 medici
558 3260 854 3319 pecorum
901 3238 1242 3323 ίππίατροι
1288 3247 1593 3320 appellati.
1687 3243 1798 3303 hoc
1846 3244 2027 3321 igitur
2075 3245 2353 3304 restituto
2406 3253 2465 3305 et
2509 3244 2589 3304 la·

303 3368 449 3411 cuna
500 3349 773 3435 suppleta
823 3352 1038 3427 scripsi
1086 3353 1292 3424 itaque
1339 3352 1415 3410 ab
1462 3352 1578 3411 hoc
1625 3352 1853 3411 nobiles
1899 3368 1939 3410 a
1984 3352 2338 3425 reqionibus
2380 3352 2591 3411 dicun-

302 3463 415 3533 tur,
465 3460 529 3518 in
581 3458 851 3518 Graecia
897 3456 1229 3518 Thessalici
1263 3460 1407 3531 equi
1439 3476 1478 3517 a
1534 3457 1862 3531 Thessalia,
1911 3460 1971 3517 in
2011 3458 2200 3518 Italia
2247 3459 2324 3517 ab
2369 3460 2591 3534 Apulia

306 3565 501 3641 Apuli,
550 3565 628 3624 ab
677 3564 878 3624 Rosea
926 3564 1212 3624 Roseani.

473 3670 552 3730 ln
590 3671 843 3749 primis
881 3669 1393 3749 progreditur]
1436 3671 1888 3745 Praeqreditur
1916 3670 2071 3730 edita
2103 3670 2240 3730 inde
2279 3669 2352 3729 ab
2381 3669 2585 3730 Aldina

302 3777 558 3839 editione
606 3775 981 3857 exemplaria,
1018 3780 1426 3853 proyreditur
1474 3795 1542 3836 ex
1595 3777 1914 3857 archetypo
1962 3778 2214 3837 restitui.

478 3881 513 3944 7
586 3882 938 3962 Equinum
988 3901 1206 3961 pecus
1254 3883 1688 3962 pascendum
1734 3885 1803 3943 in
1852 3885 2081 3961 pratis
2128 3885 2586 3962 potissimum

303 3988 516 4052 herba
564 3991 636 4050 in
685 3987 994 4050 stabulis
1041 4007 1116 4051 ac
1162 3991 1639 4069 praesepibus
1695 3989 1897 4050 arido
1945 3990 2107 4049 l'eno
2164 4009 2317 4050 cum
2375 4009 2588 4069 pepe-

305 4104 557 4158 rerunt
595 4096 864 4157 hordeo
903 4095 1184 4157 adiecto
1224 4096 1334 4157 bis
1373 4097 1485 4158 die
1525 4098 1685 4159 data
1724 4095 1934 4175 aqua]
1970 4098 2135 4157 Data
2167 4114 2340 4156 manu
2382 4099 2589 4175 scripti

303 4202 429 4265 libri
489 4222 725 4283 omnes3
792 4205 1029 4278 danda,
1096 4203 1253 4300 quod
1309 4207 1370 4264 in
1437 4206 1707 4284 principe
1774 4203 2032 4264 editione
2087 4202 2414 4263 Politianus
2470 4223 2587 4265 non

308 4313 584 4396 correxit,
629 4310 891 4371 Merulae
939 4312 1281 4371 coniectura
1329 4314 1636 4371 inventum
1686 4319 1745 4371 et
1791 4310 2003 4371 deinde
2051 4312 2111 4370 in
2160 4309 2419 4389 reliquas
2468 4310 2586 4370 edi-

309 4419 497 4478 tiones
544 4426 854 4497 receptum
902 4426 1009 4478 est.
1103 4417 1354 4477 ablativo
1402 4427 1600 4479 autem
1649 4435 1788 4478 casu
1829 4417 2050 4478 dictum
2092 4425 2183 4477 est
2222 4419 2369 4477 data
2409 4435 2589 4497 aqua,

305 4525 456 4586 sicut
519 4527 751 4586 hordeo
818 4526 1073 4586 adiecta
1176 4525 1316 4603 equi
1379 4527 1438 4584 in
1515 4524 1762 4585 stabulis
1827 4523 1992 4584 arido
2059 4525 2230 4585 faeno
2295 4533 2380 4607 et,
2453 4544 2589 4585 cum
