3178 5185
585 416 716 483 270
1268 424 1650 481 COMMENT.
1686 424 1766 480 IN
1802 423 2176 480 VARRONIS

582 589 944 659 contentum,
989 584 1101 643 sed
1142 585 1405 659 requirit
1442 585 1720 661 piscinas
1729 631 1747 664 ‚
1792 601 1945 658 quas
1990 585 2137 658 quia
2183 583 2273 642 ibi
2315 599 2566 643 anseres
2622 584 2872 643 aluntur

582 692 821 751 nomine
863 687 1343 770 χηνοβοσκεῖον
1391 693 1709 768 appellatis
1746 688 2050 751 Iucundus
2122 693 2252 750 sola
2289 692 2433 751 villa
2472 688 2744 750 Ursinus,
2811 692 2872 749 in

581 799 799 873 quibus
844 799 953 858 ubi
996 816 1245 859 anseres
1291 816 1362 858 ex
1411 797 1617 859 codice
1655 797 1953 859 Victorius
1999 798 2243 879 recepit,
2281 795 2509 876 reliqua
2556 796 2663 879 sic,
2711 797 2871 857 utin

580 904 786 966 Aldina
816 904 1074 966 editione
1112 904 1269 965 edita
1305 914 1491 989 erant,
1521 908 1833 986 expressit.
1906 914 2169 966 veterem
2218 896 2563 965 verborum'
2583 904 2873 985 ordinem,

581 1014 643 1072 in
710 1031 828 1091 quo
881 1012 1123 1073 relativa
1180 1015 1473 1074 sententia
1535 1017 1600 1074 in
1659 1015 1876 1089 quibus
1931 1032 2059 1093 sqq.
2125 1032 2158 1073 a
2219 1031 2328 1073 suo
2391 1013 2630 1072 nomine
2693 1013 2872 1072 inter-

581 1121 792 1200 positis
830 1119 1026 1181 verbis
1065 1122 1725 1199 quod—amphibium
1764 1120 2058 1182 disiuncta
2096 1128 2205 1204 est,
2242 1121 2500 1182 restitui.
2564 1128 2875 1198 praeterea

579 1232 707 1289 ulla
754 1228 947 1289 delevi
992 1237 1052 1289 et
1093 1245 1326 1303 qraeco
1364 1231 1604 1290 nomine
1651 1231 1885 1307 scripsi.
1957 1248 2092 1290 nam
2129 1231 2291 1309 villa,
2330 1228 2485 1288 sicut
2533 1234 2727 1307 terra,
2765 1245 2873 1306 per

581 1354 646 1396 se
695 1336 917 1397 dictum
967 1344 1076 1417 est,
1123 1353 1242 1395 non
1287 1338 1414 1396 ulla
1460 1339 1622 1414 villa,
1670 1337 1839 1415 quasi
1884 1338 1946 1396 in
1993 1354 2061 1396 ea
2107 1354 2174 1396 re
2221 1334 2453 1396 diversa
2499 1353 2723 1414 genera
2773 1333 2873 1395 vil-

579 1443 769 1505 larum
820 1450 1036 1504 essent.

757 1552 849 1612 De
896 1551 1216 1611 anseribus
1261 1547 1563 1612 Iucundus
1612 1550 1843 1613 delevit.

757 1656 800 1720 2
868 1657 994 1719 Est
1040 1659 1226 1718 enim
1272 1657 1579 1719 alterum
1628 1677 1852 1738 genus
1901 1660 2174 1720 uarium
2231 1659 2414 1739 quod
2473 1659 2704 1720 ferum
2755 1678 2871 1720 uo-

580 1774 784 1827 catur
832 1784 959 1826 nec
1007 1784 1161 1826 cum
1207 1767 1299 1826 iis
1344 1764 1663 1827 libenter
1711 1775 2242 1846 congregantur
2288 1785 2416 1828 nec
2464 1785 2600 1827 non
2650 1784 2872 1846 aeque

580 1875 667 1936 fit
730 1881 1146 1934 mansuetus
1212 1872 1598 1934 anseribus
1662 1873 2182 1934 admittendum
2247 1876 2337 1935 iis
2410 1883 2693 1953 tempus
2768 1881 2875 1934 est

581 1983 1031 2062 aptissimum
1079 2000 1111 2041 a
1167 1979 1414 2042 bruma
1470 1981 1549 2042 ad
1608 1981 2033 2060 pariendum
2092 1990 2159 2043 et
2214 1980 2696 2042 incubandum
2762 2000 2871 2042 us-

581 2109 712 2169 que
762 2089 842 2150 ad
891 2086 1317 2166 solstitium]
1367 2090 1792 2164 Conqreqatur
1827 2088 1984 2149 edita
2029 2088 2169 2149 inde
2216 2107 2248 2148 a
2293 2091 2563 2168 principe
2611 2088 2871 2150 editione

580 2197 956 2276 exemplaria.
1037 2214 1153 2257 nee
1197 2213 1315 2256 non
1364 2214 1557 2272 aeque
1597 2200 1673 2269 fit
1717 2199 2105 2257 inconsuetus
2152 2195 2337 2256 codex
2384 2194 2769 2257 Florentinus
2816 2204 2873 2255 et

579 2304 760 2366 editio
807 2306 1104 2384 princeps,
1194 2322 1308 2365 nec
1355 2322 1547 2379 aeque
1587 2308 1664 2377 fit
1706 2310 2073 2364 mansuetus.
2157 2305 2478 2364 anseribus
2525 2306 2612 2365 ad
2657 2306 2871 2365 admit·

579 2417 823 2475 tendum
870 2418 1098 2488 tempus
1146 2413 1516 2488 aptissimum
1578 2418 1669 2472 est
1721 2430 1760 2472 a
1816 2412 2057 2486 bruma,
2114 2414 2201 2472 ad
2244 2412 2617 2488 pariendum
2672 2418 2734 2472 et
2786 2415 2872 2472 in-

579 2523 926 2582 cubandum
991 2538 1030 2580 a
1112 2520 1233 2580 Cal.
1304 2518 1528 2579 Martii
1588 2537 1778 2596 usque
1843 2522 1930 2580 ad
1988 2521 2305 2579 solstitium
2367 2516 2698 2599 Iucundu8‚
2773 2517 2873 2579 ubi

580 2630 901 2689 anseribus
948 2627 1265 2687 delendum
1311 2636 1372 2688 et
1418 2630 1505 2688 ad
1547 2630 1985 2688 admittendum
2048 2631 2125 2688 iis
2179 2626 2562 2688 scribendum
2619 2628 2874 2688 coniecit

576 2734 858 2817 UrsinuS‚
920 2735 1241 2795 anseribus
1302 2736 1693 2795 admittendis
1751 2734 1914 2796 dedit
1973 2734 2300 2816 VictoriuS‚
2358 2741 2740 2796 mansuetum
2802 2753 2873 2795 ex
2944 2723 2947 2724 ⁷

581 2841 842 2903 secunda
872 2840 1116 2903 Victorii
1155 2841 1410 2902 editione
1451 2840 1670 2921 reliqui
1708 2841 1983 2903 editores,
2047 2842 2442 2904 masculinum
2477 2860 2669 2921 genus
2708 2860 2872 2903 man-

584 2957 791 3012 suetus
838 2949 910 3010 de
958 2967 1167 3011 ansere
1207 2949 1432 3010 dictum
1479 2948 1744 3010 defendit
1789 2943 2167 3011 Heidricbiu's
2215 2948 2556 3011 Varronian.
2601 2948 2628 3009 Ι
2675 2969 2734 3029 p.
2769 2946 2869 3011 42.

580 3057 900 3119 Columella
937 3055 1065 3117 VIII
1108 3053 1207 3138 14,
1245 3054 1286 3118 3
1335 3055 1659 3117 Varronem
1707 3066 1948 3119 secutus
1995 3058 2067 3118 de
2117 3057 2402 3138 eligendis
2450 3064 2512 3118 et
2557 3057 2869 3119 admitten-

579 3167 670 3227 dis
708 3165 1019 3227 anseribus
1058 3164 1266 3226 scribit
1305 3163 1468 3247 baec,
1506 3167 1665 3226 baec
1710 3184 1845 3226 cum
1885 3173 2273 3244 praeparata
2319 3172 2474 3241 sunt,
2522 3168 2869 3226 curandum

582 3282 670 3336 est
706 3282 774 3336 ut
808 3293 1011 3336 mares
1042 3272 1430 3349 feminaeque
1466 3290 1649 3347 quam
1688 3275 2042 3349 amplissimi
2075 3277 2355 3350 corporis
2392 3280 2449 3334 et
2486 3274 2615 3333 albi
2649 3276 2871 3354 eoloris

579 3385 904 3457 eliqantur.
979 3399 1121 3442 nam
1166 3387 1255 3441 est
1299 3382 1474 3440 aliud
1511 3398 1707 3455 qenus
1753 3382 2010 3455 varium,
2057 3382 2222 3455 quod
2265 3399 2305 3441 a
2344 3379 2484 3456 fero
2530 3383 2870 3456 mitiyatum

580 3492 966 3550 domesticum
1006 3487 1243 3564 factum
1291 3495 1390 3548 est.
1489 3490 1556 3547 id
1599 3505 1792 3563 neque
1838 3506 2031 3563 aeque
2070 3486 2403 3563 fecundum
2450 3495 2540 3549 est
2584 3507 2702 3549 nee
2750 3496 2868 3549 tam

572 3599 933 3673 pretiosum,
972 3602 1230 3673 propter
1284 3598 1449 3670 quod
1489 3598 1734 3655 minime
1780 3598 2171 3656 nutriendum
2218 3603 2320 3657 est.
2412 3599 2739 3657 anseribus
2793 3598 2876 3657 ad

578 3706 1013 3764 admittendum
1061 3709 1289 3780 tempus
1337 3706 1709 3780 aptissimum
1755 3711 1845 3764 est
1904 3721 1944 3763 a
1991 3704 2234 3779 bruma,
2293 3721 2435 3764 mox
2488 3706 2576 3764 ad
2618 3707 2871 3781 parien-

578 3813 720 3872 dum
766 3817 826 3872 et
870 3813 957 3871 ad
999 3813 1411 3871 incubandum
1457 3829 1496 3871 a
1533 3812 1811 3871 kalendis
1849 3812 2209 3871 Februariis
2256 3815 2353 3872 vel
2384 3811 2637 3872 Martiis
2683 3830 2871 3888 usque

580 3923 666 3980 ad
707 3922 1041 3994 solstitium,
1098 3922 1262 3995 quod
1297 3921 1374 3992 sit
1417 3922 1630 3979 ultima
1668 3925 1854 3995 parte
1899 3921 2118 3978 mensis
2157 3919 2337 3980 Iunii.
2412 3922 2626 3980 ineunt
2671 3924 2871 3981 autem

577 4046 714 4103 non,
763 4034 830 4088 ut
868 4030 1113 4104 priores
1160 4044 1330 4101 aveS,
1378 4028 1453 4086 de
1498 4027 1718 4100 quibus
1765 4028 2056 4102 diximus,
2105 4029 2443 4089 insistentes
2486 4029 2686 4088 humi:
2734 4045 2871 4089 nam

571 4135 710 4212 fere
769 4139 832 4195 in
880 4137 1133 4210 flumine
1190 4140 1299 4195 aut
1344 4135 1603 4211 piscinis
1659 4136 1729 4194 id
1772 4132 2054 4209 faciunt;
2106 4138 2504 4211 sinqulaeque
2559 4142 2655 4197 ter
2711 4154 2868 4197 anno

569 4246 844 4321 pariunt,
873 4246 930 4303 si
955 4243 1406 4321 prohibeantur
1436 4239 1603 4316 fetus
1638 4259 1779 4303 suos
1815 4244 2143 4319 excudere,
2172 4245 2337 4318 quod
2369 4246 2569 4319 maqis
2608 4247 2866 4322 expedit,

577 4367 760 4425 quam
806 4368 943 4411 eum
990 4353 1158 4428 ipsae
1201 4368 1342 4411 suos
1391 4348 1615 4425 fovent.
1707 4350 1862 4429 apud
1910 4349 2234 4413 Varronem
2290 4359 2752 4429 conareyantur
2797 4370 2864 4412 ex

579 4456 898 4536 archetypo
947 4459 1204 4534 restitui,
1242 4476 1356 4520 nee
1403 4475 1597 4533 aeque
1636 4461 1713 4533 fit
1755 4469 2131 4521 mansuetum
2179 4479 2249 4520 ex
2297 4460 2472 4521 editis
2520 4459 2865 4540 exemplari·

578 4561 690 4623 bus
737 4566 955 4645 recepi.
1031 4584 1166 4627 nam
1211 4575 1451 4648 praeter
1497 4567 1662 4630 albos
1709 4586 1969 4655 ansereS,
2008 4587 2263 4650 quorum
2301 4587 2512 4652 greges
2550 4573 2610 4633 in
2652 4569 2863 4632 cheno·
