3178 5185
854 445 1112 499 RERVM
1150 442 1629 497 RVSTICARVM
1669 436 1803 494 LIB.
1847 438 1921 490 111
1961 433 1997 489 3
2448 437 2579 501 275

321 632 470 693 quam
521 621 641 673 tum
697 612 994 673 habebant
1052 620 1206 671 totas
1254 611 1445 691 villaS,
1503 614 1563 670 in
1613 609 1830 690 quihus
1879 607 2253 668 stabulentur
2303 607 2461 666 turdi
2510 626 2577 666 ac

318 739 554 800 pavones,
654 722 740 781 sic
805 722 869 780 in
933 720 1192 780 secunda
1257 721 1411 798 parti
1476 738 1542 778 ac
1610 716 1902 796 leporario
1968 722 2136 794 pater
2200 722 2366 795 tuUS,
2440 715 2567 793 Axi,
2635 717 2671 772 8

316 835 697 906 praeterquam
747 825 1117 905 lepusculum
1167 845 1198 886 e
1247 827 1555 885 venatione
1596 824 1741 884 vidit
1779 840 2117 901 numquam.
2185 840 2376 900 neque
2416 823 2574 881 enim

317 942 427 993 erat
474 951 738 1011 magnum
796 934 854 993 id
917 941 1213 1013 saeptum,
1270 933 1427 1012 quod
1478 951 1664 1012 nunc,
1720 940 1787 992 ut
1836 931 2088 990 habeant
2135 929 2351 990 multos
2399 946 2573 1007 apros

270 1059 371 1100 5ac
413 1059 655 1121 capreaS,
702 1041 988 1119 conplura
1035 1043 1240 1119 iugera
1287 1041 1559 1101 maceriis
1610 1038 1991 1099 concludunt.
2085 1056 2200 1096 non
2251 1046 2333 1116 tu,
2381 1036 2575 1113 inquit

313 1148 463 1228 mihi,
507 1168 633 1208 cum
681 1150 881 1208 emisti
928 1147 1178 1208 fundum
1227 1148 1627 1208 Tusculanum
1679 1166 1709 1205 a
1758 1146 1832 1205 M.
1882 1146 2121 1224 Pisone,
2171 1147 2230 1203 in
2279 1144 2572 1221 leporario

311 1257 425 1333 apri
476 1255 705 1315 fuerunt
761 1251 976 1315 multi‘?
1066 1257 1127 1313 in
1186 1257 1358 1315 tertia
1416 1257 1571 1333 parti
1630 1258 1762 1334 quis
1816 1252 2068 1313 habebat
2115 1252 2399 1330 piscinam
2449 1249 2566 1307 nisi
2632 1251 2667 1307 9

311 1360 516 1421 dulcem
561 1369 616 1421 et
662 1363 723 1421 in
774 1380 839 1421 ea
880 1362 1182 1422 dumtaxat
1221 1361 1457 1441 squalos
1497 1351 1564 1422 ac
1602 1362 1854 1439 mugiles
1898 1357 2134 1440 pisces?
2191 1360 2326 1437 quis
2366 1363 2573 1416 contra

310 1486 450 1527 nunc
501 1470 765 1529 minthon
823 1488 940 1529 non
996 1470 1142 1528 dicit
1199 1488 1304 1529 sua
1363 1469 1509 1528 nihil
1556 1471 1879 1550 interesse,
1938 1476 2136 1528 utrum
2186 1468 2259 1525 iis
2308 1463 2573 1543 piscibus

247 1594 289 1631 ιο
311 1583 554 1655 stagnum
600 1576 813 1636 habeat
858 1575 1102 1654 plenum
1148 1573 1471 1635 aun-ranis?
1537 1594 1652 1635 non
1694 1575 2021 1655 Philippus,
2070 1593 2204 1633 cum
2245 1573 2314 1632 ad
2357 1571 2570 1631 mei-

309 1682 452 1741 dium
514 1683 802 1762 hospitem
866 1682 1064 1742 Casini
1128 1683 1479 1743 devertisset
1545 1690 1606 1742 et
1670 1686 1724 1742 ei
1790 1702 1821 1741 e
1885 1692 1989 1741 tuo
2054 1682 2297 1741 flumine
2365 1679 2571 1758 lupum

306 1791 511 1866 piscem
572 1790 895 1850 formosum
963 1790 1336 1868 adposuisset
1402 1798 1577 1868 atque
1638 1789 1733 1849 ille
1792 1796 2090 1868 gustasset
2147 1797 2205 1847 et
2252 1788 2572 1864 expuisset,

307 1896 458 1977 dixit,
504 1915 752 1975 peream,
801 1898 861 1956 ni
906 1898 1130 1974 piscem
1178 1899 1379 1975 putavi
1425 1895 1599 1956 esse?
1690 1899 1776 1956 sic
1826 1904 2025 1956 nostra
2073 1903 2231 1955 aetas
2278 1897 2339 1953 in
2390 1912 2563 1972 quam
2589 1894 2669 1950 10

306 2002 573 2063 luxuriam
627 2005 973 2082 propagavit
1031 2002 1349 2082 leporaria,
1408 2004 1516 2063 hac
1574 2006 1831 2083 piscinas
1889 2001 2137 2082 protulit
2184 2001 2252 2061 ad
2303 2019 2463 2060 mare
2513 2008 2572 2059 et

243 2126 282 2166 15
304 2111 355 2168 in
397 2129 496 2169 eas
539 2096 796 2189 pelagios
844 2129 1053 2188 greges
1104 2112 1354 2188 piscium
1403 2113 1717 2171 revocavit.
1787 2130 1902 2170 non
1951 2093 2194 2189 propter
2233 2106 2337 2166 has
2378 2106 2570 2187 appel-

301 2214 386 2275 lati
430 2216 670 2297 Sergius
720 2217 897 2277 Orata
946 2225 1005 2277 et
1043 2216 1310 2276 Licinius
1351 2215 1638 2277 Murena?
1703 2220 1837 2295 quis
1886 2220 2040 2276 enim
2078 2222 2323 2296 propter
2362 2214 2567 2273 nobili-

427 2538 456 2584 6
494 2549 615 2585 cum
653 2530 840 2585 emisti
877 2532 1109 2586 fundum
1145 2532 1524 2586 Tusculanum
1555 2533 1690 2587 Gen.
1723 2533 1808 2584 II
1832 2537 1906 2586 20
2054 2538 2080 2584 7
2123 2531 2179 2585 in
2217 2531 2386 2587 tertia
2423 2531 2570 2601 parti

229 2697 233 2701 ι
309 2619 486 2676 Colum.
541 2621 710 2675 VIII
743 2627 834 2688 16,
874 2628 908 2676 3

427 2931 452 2978 1
510 2927 656 2980 totas
710 2924 879 2979 uillas
934 2943 965 2978 v
1017 2928 1167 2979 tutas
1214 2925 1381 2978 uillas
1426 2925 1543 2980 PB
1581 2927 1737 2980 totae
1777 2925 1947 2979 uillae
1986 2927 2294 2983 Iucundus.
2375 2928 2572 2982 ‘Vetus

306 3013 458 3081 lectio,
508 3015 680 3069 'Putas
730 3014 912 3068 uillas„
995 3005 1166 3068 Tutas
1214 3020 1394 3067 autem
1433 3031 1541 3083 pro
1569 3001 1768 3069 Totas:
1819 3021 1880 3068 ut
1926 3003 1986 3069 in
2023 3018 2215 3070 iisdem
2252 3019 2415 3072 libris
2451 3017 2570 3070 Ru-

308 3104 537 3170 tundum‚
587 3121 745 3173 saepe
794 3120 904 3172 pro
960 3102 1304 3157 Rotundum’
1379 3103 1658 3157 Victorius
1836 3110 1867 3157 2
1922 3104 2070 3173 parti
2118 3106 2237 3159 AB
2295 3106 2571 3161 Victorius

305 3193 440 3256 parte
481 3210 512 3246 v
677 3191 771 3246 axi
815 3211 847 3246 v
894 3191 1004 3245 axii
1042 3192 1223 3245 PAR
1387 3199 1419 3245 3
1466 3209 1753 3260 nunquam
1814 3193 1925 3247 VB
2087 3201 2120 3247 4
2165 3195 2222 3247 id
2270 3195 2491 3264 septum
2535 3213 2567 3249 v

307 3275 366 3328 ad
397 3283 598 3348 septum
630 3270 812 3335 PAB
956 3287 987 3334 5
1028 3299 1092 3334 ac
1131 3298 1360 3350 capreas
1396 3280 1579 3335 PAB
1617 3299 1684 3336 ac
1726 3300 1921 3351 capras
1952 3300 1983 3337 v
2130 3284 2418 3353 complura
2454 3284 2568 3339 VB

308 3369 593 3438 cumpluras
631 3373 684 3424 A
731 3371 1023 3439 cumplura
1059 3388 1112 3424 m
1290 3388 1403 3426 non
1449 3373 1512 3424 tu
1558 3372 1673 3425 PA
1719 3389 1827 3426 non
1869 3371 1978 3442 :utu
2019 3363 2219 3427 B'non
2259 3376 2321 3427 tsi
2358 3391 2390 3427 v

308 3452 466 3523 inquit
505 3460 612 3515 VB
649 3458 848 3528 inquid
877 3460 930 3512 A
1069 3467 1100 3513 6
1141 3477 1262 3515 com
1302 3459 1491 3514 emisti
1528 3461 1584 3515 A
1690 3466 1758 3521 „7
1798 3459 1976 3514 tercia
2005 3464 2056 3514 A
2128 3484 2132 3488 ·
2203 3461 2355 3531 parti
2388 3464 2567 3518 PAB

309 3547 441 3610 parte
474 3565 503 3601 v
601 3546 770 3616 ,quis
809 3548 1059 3602 habebat
1106 3549 1381 3603 Victorius
1417 3548 1542 3616 quis
1581 3549 1791 3604 habeat
1818 3551 1938 3604 AB
1977 3550 2100 3618 quis
2139 3545 2312 3606 habet
2359 3552 2411 3605 V
2445 3552 2566 3621 quis

762 3650 783 3677 S
814 3649 831 3677 1

310 3681 521 3742 habeant
553 3708 604 3744 m
724 3650 916 3759 pinam
953 3692 1009 3745 A
1129 3698 1159 3751 8
1199 3690 1425 3760 squalos
1462 3691 1646 3746 PAB
1684 3710 1873 3747 scaros
1910 3711 1941 3746 v
2064 3700 2094 3747 9
2134 3695 2350 3748 mithon
2389 3695 2568 3748 PAB

309 3772 518 3842 rhynton
534 3796 564 3833 v
583 3780 852 3856 pebullus
881 3796 946 3834 ac
966 3780 1185 3834 mintho
1208 3783 1381 3836 codex
1393 3781 1879 3850 Sanqermanensis
1900 3783 2224 3838 Columellae
2248 3785 2336 3836 VI
2338 3785 2379 3835 I
2385 3783 2429 3835 I
2434 3788 2567 3850 16,4

426 3866 585 3922 nichil
628 3871 685 3924 A
832 3877 897 3924 10
946 3871 1291 3926 Ummidium
1328 3872 1575 3940 Scaliger
1620 3871 1936 3926 immidium
1976 3874 2157 3928 PAB
2203 3872 2495 3925 Minidium
2534 3891 2564 3926 v

398 3959 453 4006 11
491 3958 661 4013 casini
711 3960 825 4013 VB
863 3959 1067 4014 cassini
1102 3960 1218 4014 Am
1347 3960 1681 4015 deuertisset
1717 3963 1772 4015 A
1810 3961 2133 4016 diuertisset
2180 3962 2291 4015 VB
2400 3978 2429 4014 e
2466 3965 2564 4015 tuo

257 4093 262 4099 .
311 4037 503 4100 flumine
536 4048 716 4101 PAB
756 4067 785 4102 e
825 4066 923 4117 suo
960 4048 1187 4104 flumine
1224 4067 1273 4104 v.
1337 4050 1402 4102 ‘E
1442 4051 1540 4102 tuo
1580 4050 1822 4105 flumine.
1900 4051 1994 4105 Sic
2023 4053 2247 4120 leyimus
2273 4053 2336 4104 in
2363 4052 2564 4119 optimo

312 4131 486 4201 codice,
529 4139 759 4206 aliisque
808 4139 1108 4194 ‘nonnullis
1153 4170 1218 4178 -
1258 4139 1334 4192 In
1370 4141 1547 4194 eodem
1586 4142 1749 4194 etiam
1805 4142 2010 4208 codice,
2059 4140 2372 4193 Immidium
2390 4183 2402 4206 ,
2450 4157 2564 4194 ‘non

314 4215 583 4280 Minidium
609 4229 875 4296 scriptum
912 4229 1246 4282 inuenimus’
1296 4228 1572 4283 Victorius
1702 4236 1765 4283 12
1805 4231 2157 4299 apposuisset
2191 4228 2365 4282 VAB
2497 4235 2563 4283 14

312 4301 574 4374 leporariae
611 4333 678 4369 ac
713 4315 958 4385 piscinas
987 4318 1107 4370 AB
1145 4318 1426 4385 leporaria,
1461 4334 1524 4372 ac
1554 4316 1798 4387 piscinas
1839 4320 1890 4372 V
1997 4325 2059 4373 15
2098 4317 2371 4388 pellagios
2401 4319 2457 4373 A

310 4400 504 4466 Propter
544 4403 647 4459 has
690 4406 807 4460 PB
852 4408 1147 4476 propteras
1179 4449 1189 4460 .
1225 4449 1236 4460 .
1266 4409 1482 4462 duabus
1529 4409 1724 4462 litteris
1761 4412 1886 4477 post
1923 4425 1985 4462 as
2022 4409 2206 4462 deletis
2245 4409 2296 4461 A
2335 4411 2564 4478 propter

313 4478 395 4535 hos
426 4504 455 4541 υ
605 4496 894 4564 appellata
930 4513 1066 4552 corr.
1109 4528 1174 4536 —-
1213 4496 1260 4550 ti
1296 4497 1352 4552 A
1518 4503 1581 4550 16
1622 4513 1889 4557 muraena
1922 4497 1978 4549 B
2139 4498 2492 4553 nobilitatem
2529 4516 2561 4553 v

313 4571 594 4637 nobilitates
629 4584 809 4640 PAB
