3178 5185
870 420 1130 474 RERVM
1167 419 1647 475 RVSTICARVM
1683 421 1817 476 LIB.
1857 422 1908 475 II
1948 419 1983 475 2
2455 411 2576 475 147

468 570 509 634 6
579 573 803 635 Extra
852 575 1052 637 lusca
1103 576 1390 637 surdam
1440 577 1691 636 minam
1743 575 1808 635 id
1860 585 1967 636 est
2014 583 2264 636 ventre
2303 574 2578 654 glabro]

298 681 552 741 Luseam
613 681 860 743 Merula.
948 687 1016 744 id
1078 690 1168 745 est
1221 690 1428 745 ventre
1478 686 1698 759 qlabro
1758 692 2051 761 tamquam
2108 701 2342 762 pravam
2399 685 2580 743 inter·

297 790 691 866 pretationem
759 790 945 851 deleri
1008 790 1192 851 voluit
1250 790 1651 851 Schneiderus
1717 798 1776 849 et
1842 798 1975 850 ante
2035 789 2192 849 hunc
2249 789 2577 850 Pontedera

295 914 343 974 p.
380 893 531 976 421,
585 899 869 976 quoniam
916 916 1065 977 quae
1113 905 1319 958 ventre
1367 897 1569 976 glabro
1620 906 1777 957 esset
1824 899 1947 957 ovis
1995 915 2111 956 non
2163 899 2315 956 mina
2353 897 2578 957 dicere-

297 1011 413 1082 tur,
469 1003 579 1063 sed
642 1006 832 1083 apica,
900 1006 1055 1065 sicut
1110 1024 1285 1084 supra
1349 1004 1573 1065 dictum
1632 1012 1774 1064 erat.
1851 1003 1952 1063 sed
2012 1003 2084 1063 de
2143 1005 2314 1064 minis
2371 1003 2580 1063 ovibus

296 1117 529 1188 praeter
577 1110 743 1171 hunc
783 1110 1061 1172 Varronis
1108 1111 1305 1172 locum
1354 1111 1500 1171 nihil
1548 1114 1865 1172 memoriae
1913 1110 2210 1191 proditum
2260 1118 2365 1170 est.
2445 1129 2577 1169 nam

297 1215 520 1277 diversa
593 1226 688 1278 est
749 1220 903 1279 mina
969 1237 1217 1279 mamma
1274 1221 1334 1279 in
1391 1220 1688 1299 excerptis
1746 1218 1904 1279 Festi
1960 1237 2012 1297 p.
2055 1215 2208 1299 122,
2247 1215 2286 1279 8
2346 1219 2579 1278 Minam

296 1324 495 1385 Aelius
553 1329 883 1386 vocitatam
940 1329 1027 1385 ait
1081 1343 1403 1386 mammam
1466 1330 1727 1387 alteram
1783 1329 1942 1386 laete
2006 1326 2408 1405 deficientem,
2477 1323 2578 1384 ubi

296 1429 615 1493 Muellerus
664 1436 887 1492 minam
936 1431 1203 1493 obsoleto
1251 1433 1503 1511 positivo
1542 1431 1727 1512 gradu
1779 1431 1991 1491 dictam
2042 1446 2172 1490 esse
2212 1438 2272 1490 et
2315 1449 2480 1491 ovem
2523 1439 2581 1491 et

298 1556 608 1600 mammam
657 1539 975 1601 adnotavit.
1046 1542 1105 1599 in
1155 1542 1392 1599 nomine
1447 1539 1592 1599 lusit
1638 1538 1880 1599 Plautus
1928 1537 1974 1596 T
1981 1537 2167 1598 rucul.
2209 1534 2339 1599 654
2386 1542 2581 1599 minas

293 1649 409 1706 ovis
457 1650 520 1708 in
572 1651 858 1709 crumina
904 1651 1023 1709 hac
1072 1651 1133 1708 in
1182 1650 1392 1708 urbem
1440 1650 1646 1707 detuli.

465 1755 894 1835 Spondesne
942 1774 1094 1818 cum
1142 1755 1209 1815 id
1259 1756 1526 1815 factum
1574 1760 1687 1814 est
1735 1762 1964 1813 tamen
2011 1771 2182 1831 grex
2222 1752 2576 1812 dominum

293 1876 419 1919 non
472 1866 790 1924 mutauit
838 1865 978 1923 nisi
1026 1871 1133 1923 est
1179 1859 1755 1938 adnumeratum]
1805 1861 2074 1938 Spondes
2120 1878 2233 1921 nee
2283 1879 2391 1942 m‚.
2422 1859 2577 1938 quod

294 1967 351 2026 in
397 1970 735 2049 principem
774 1972 1094 2032 editionem
1131 1980 1437 2051 receptum
1478 1981 1538 2031 et
1575 1970 1788 2031 deinde
1829 1973 1887 2030 in
1927 1978 2156 2030 ceteras
2194 1978 2578 2049 propagatum

293 2082 429 2156 erat,
489 2079 792 2154 spondes?
856 2098 969 2141 nee
1035 2097 1171 2140 cum
1228 2077 1293 2140 id
1329 2078 1568 2154 factum
1614 2085 1728 2159 est,
1795 2075 2035 2137 notabili
2101 2094 2333 2158 errore,
2400 2096 2575 2157 quem

294 2183 547 2259 primum
597 2183 883 2268 UrsinuS‚
941 2195 1075 2266 post
1119 2186 1281 2246 hunc
1320 2185 1623 2247 Gesnerus
1672 2187 1945 2246 correxit.
1984 2217 2071 2228 —-
2109 2188 2411 2245 dominum
2458 2203 2578 2245 non

295 2295 494 2373 mutat,
544 2295 673 2353 nisi
714 2297 771 2353 si
811 2297 895 2354 sit
933 2313 1037 2355 aes
1075 2296 1542 2355 adnumeratum
1588 2292 1907 2354 IucunduS.
1984 2292 2128 2353 baec
2168 2310 2403 2370 quoque
2443 2300 2576 2351 ante

296 2393 623 2459 Gesnerum
674 2400 963 2462 editiones
1011 2410 1465 2482 occupaverant.

469 2503 504 2566 7
577 2505 797 2586 Magis
845 2509 925 2569 ad
975 2512 1329 2571 orientem
1380 2527 1582 2589 quam
1639 2508 1720 2568 ad
1778 2507 2246 2568 meridianum
2304 2514 2580 2584 tempus

295 2610 403 2671 ubi
454 2614 695 2693 stent]
753 2617 1000 2694 Tempus
1048 2617 1453 2678 Schneiderus
1502 2616 1763 2697 inclusit,
1812 2618 1947 2696 quia
1995 2624 2231 2694 tempus
2267 2616 2468 2694 inepte
2508 2614 2579 2673 de

296 2721 529 2797 regione
580 2722 899 2784 diceretur.
976 2732 1204 2802 tempus
1252 2727 1359 2784 ubi
1399 2731 1558 2785 stent
1607 2723 1857 2785 Ursinus
1904 2723 2216 2783 deleverat.

463 2828 550 2889 Ut
621 2833 864 2891 euerri
930 2831 1144 2891 facile
1210 2833 1442 2910 possit
1506 2849 1583 2890 ac
1652 2832 1822 2891 fieri
1886 2847 2138 2908 purum
2184 2848 2333 2890 non
2395 2831 2581 2889 enim

297 2933 514 2995 solum
569 2955 646 2996 ea
694 2937 886 3018 uligo
935 2937 1161 2998 lanam
1211 2941 1620 3017 corrumpit
1658 2938 1896 2998 ouium
1936 2935 2057 2996 sed
2097 2937 2305 2995 etiam
2354 2954 2581 3015 ungu-

295 3037 423 3118 las]
493 3044 727 3103 Everri
787 3044 967 3105 editio
1036 3046 1316 3123 princeps
1378 3063 1410 3104 a
1473 3043 1758 3104 Politiano
1816 3062 1933 3103 non
1992 3050 2257 3103 correcta
2324 3051 2382 3103 et
2446 3042 2578 3102 libri

298 3150 687 3232 antiquiora,
744 3155 944 3212 euerti
1002 3151 1334 3231 apographa
1393 3151 1690 3212 Italorum.
1776 3153 1925 3224 sieri
1976 3151 2052 3210 ab
2109 3153 2294 3210 urina
2352 3167 2580 3225 purum

295 3251 725 3335 Pontederap.
773 3254 921 3319 422.
1002 3257 1328 3319 cavendum
1377 3277 1506 3318 esse
1562 3276 1639 3318 ne
1689 3260 1857 3318 urina
1907 3259 1964 3317 in
2014 3255 2244 3316 stabulo
2299 3258 2590 3340 consistat

297 3359 470 3422 Varro
528 3366 823 3442 praecipit
884 3363 923 3440 ξ
972 3361 1048 3425 19
1108 3373 1168 3425 et
1225 3368 1558 3426 accuratius
1617 3362 1934 3425 Columella
1981 3361 2080 3422 Vll
2127 3360 2198 3443 4,
2240 3360 2281 3424 5
2339 3366 2580 3424 stabula

299 3485 430 3530 vero
471 3470 837 3546 frequenter
885 3476 1227 3534 everrenda
1292 3481 1351 3533 et
1389 3475 1724 3550 purganda
1780 3487 2070 3546 umorque
2125 3474 2314 3532 omnis
2360 3474 2583 3532 urinae

302 3577 726 3654 deverrendus,
764 3583 873 3654 qui
907 3583 1378 3640 commodissime
1416 3583 1694 3640 siccatur
1724 3577 2062 3655 perforatis
2091 3580 2328 3659 tabuliS,
2364 3580 2582 3653 quibus

303 3687 472 3744 ovilia
519 3692 1013 3759 consternuntur,
1062 3694 1128 3746 ut
1171 3705 1334 3761 qrex
1381 3688 1763 3763 supercubet.
1840 3685 1912 3745 de
1954 3683 2156 3744 eadem
2195 3704 2260 3744 re
2298 3685 2411 3744 hoc
2451 3684 2580 3744 loco

305 3789 451 3869 uligo
507 3792 746 3853 dicitur.
822 3811 1004 3872 quare
1076 3811 1149 3853 ea
1216 3792 1419 3852 delevi.
1506 3792 1661 3852 idem
1728 3791 2076 3865 vocabulum
2142 3793 2201 3851 in
2265 3790 2581 3870 archetypo

305 3896 560 3959 additum
606 3908 735 3959 erat
780 3898 832 3958 11
869 3897 929 3982 4,
963 3896 1061 3960 13.

470 4005 509 4068 8
581 4005 934 4066 Subicere
1001 4015 1288 4085 oportet
1353 4006 1677 4068 uirculta
1745 4004 1908 4082 alia]
1993 4003 2267 4079 Virqulta
2333 4010 2392 4064 et
2454 4007 2580 4064 alia

307 4109 613 4174 IucunduS.
688 4123 946 4173 veterem
997 4114 1353 4191 scripturam
1401 4113 1703 4173 Victorius
1751 4112 2030 4171 restituit.
2107 4114 2397 4190 nimmia,
2455 4114 2581 4171 alia

305 4219 384 4279 vel
420 4224 687 4297 virgulta
717 4225 843 4281 alta
872 4218 1202 4299 Nettleship
1232 4220 1418 4281 annal.
1461 4220 1658 4299 philol.
1696 4217 2025 4295 Cantabrig.
2059 4236 2107 4278 a.
2143 4215 2310 4279 1877
2345 4237 2400 4295 p.
2433 4213 2575 4278 174.

247 4387 250 4390 .
311 4324 656 4388 detrahenda
714 4345 844 4387 esse
903 4334 1101 4385 vetera
1161 4327 1437 4407 virgulta,
1507 4330 1567 4387 in
1626 4326 1840 4406 quibus
1903 4343 2041 4384 oves
2099 4324 2340 4405 cubant,
2407 4332 2466 4385 et
2520 4326 2582 4384 in

312 4450 499 4495 eorum
547 4435 744 4495 locum
792 4431 1135 4493 subicienda
1185 4432 1292 4493 alia
1341 4453 1449 4512 per
1498 4453 1561 4494 se
1613 4434 1992 4512 intellegitur.
2219 4423 2223 4427 ’

476 4541 687 4622 Septa
722 4548 1000 4600 secreta
1041 4539 1121 4599 ab
1154 4540 1315 4601 aliis
1345 4560 1483 4619 quo
1514 4543 1900 4601 inicientis
1932 4539 2307 4601 secludere
2340 4541 2582 4616 possis

2053 4638 2159 4695 10*
