3178 5185
949 369 1210 424 RERVM
1247 369 1724 426 RVSTIOARVM
1761 369 1895 426 LIB.
1935 370 1987 422 11
2028 367 2060 420 1
2532 371 2657 433 207

348 537 677 615 antiquam
712 537 1197 598 consuetudinem
1237 556 1443 616 capras
1482 544 1541 597 et
1579 556 1736 618 oveS,
1785 534 1987 616 [quas]
2028 535 2316 608 Hercules
2355 537 2658 622 equfrica

348 643 427 700 in
477 642 769 705 Graeciam
817 647 1164 722 exportavit.
1256 663 1355 705 eas
1402 647 1560 705 enim
1611 663 1650 705 a
1698 662 1802 705 sua
1853 663 1994 704 voce
2033 643 2242 703 Graeci
2283 643 2656 721 appellarunt

358 749 564 810 mela.
641 770 733 812 nec
779 753 965 812 multo
1014 770 1188 813 secus
1233 756 1423 813 nostri
1470 752 1543 812 ab
1592 751 1795 812 eadem
1843 770 2004 831 voce,
2052 751 2155 811 sed
2193 748 2266 811 ab
2304 750 2416 810 alia
2452 750 2649 813 littera
2678 756 2712 811 7

358 852 533 933 (vox
576 876 752 919 ear-um
799 877 921 919 non
966 878 1081 940 me,
1128 859 1232 920 sed
1281 858 1351 919 be
1393 877 1604 919 sonare
1643 851 1926 941 videtur),
1975 876 2113 917 oves
2152 856 2224 917 be
2263 857 2419 917 alare
2457 877 2662 920 vocem

300 984 330 1023 5
364 963 708 1045 efferentes,
754 984 785 1026 e
835 985 952 1045 quo
1000 973 1136 1045 post
1182 964 1379 1025 balare
1428 964 1636 1025 dicunt
1684 967 1897 1025 extrita
1945 964 2171 1045 littera,
2218 971 2285 1024 ut
2331 966 2391 1024 in
2441 966 2660 1027 multiS.

366 1071 547 1148 quod
603 1074 648 1131 si
707 1073 860 1151 apud
929 1075 1206 1152 antiquos
1269 1091 1388 1132 non
1446 1090 1690 1151 magnae
1747 1072 2049 1150 dignitatis
2106 1089 2290 1150 pecus
2347 1081 2531 1154 esset,
2597 1077 2658 1134 in

367 1176 547 1238 caelo
611 1179 992 1240 describendo
1072 1179 1353 1258 astrologi
1426 1197 1546 1239 non
1620 1179 2015 1258 appellassent
2090 1197 2295 1238 eorum
2361 1179 2662 1240 vocabulis

371 1285 571 1365 signa,
623 1304 765 1365 quae
825 1305 944 1347 non
1000 1287 1175 1347 modo
1223 1304 1342 1346 non
1390 1285 1739 1355 dubitarunt
1784 1304 2033 1367 ponere,
2090 1285 2192 1344 sed
2242 1287 2418 1345 etiam
2467 1286 2539 1346 ab
2587 1289 2662 1347 iis

369 1392 734 1471 principibus
791 1393 1107 1454 duodecim
1165 1395 1330 1471 signa
1388 1392 1561 1453 multi
1617 1399 1958 1473 numerant,
2014 1390 2086 1451 ab
2134 1393 2317 1454 ariete
2365 1400 2425 1452 ct
2473 1401 2660 1474 tauro,

283 1518 343 1557 10
371 1516 515 1558 cum
560 1517 620 1559 ea
663 1507 1102 1579 praeponerent
1150 1499 1407 1579 Apollini
1454 1507 1513 1559 et
1561 1498 1823 1560 Herculi.
1913 1500 1959 1557 ii
2005 1499 2163 1558 enim
2211 1499 2305 1559 dei
2344 1518 2410 1559 ea
2450 1518 2657 1561 secun-

370 1613 504 1685 tur,
564 1606 658 1666 sed
727 1605 1102 1686 appellantur
1157 1605 1406 1667 Gemini.
1507 1624 1617 1666 nec
1673 1607 1817 1666 satis
1870 1612 2158 1684 putarunt
2212 1606 2285 1666 de
2342 1606 2712 1668 duodecim8

371 1712 558 1790 signis
601 1721 824 1774 sextam
872 1722 1101 1792 partem
1149 1713 1419 1774 obtinere
1466 1712 1763 1792 pecudum
1813 1713 2077 1791 nomina,
2124 1713 2241 1772 nisi
2288 1713 2660 1796 adiecissent,

371 1826 443 1878 ut
495 1828 753 1897 quartam
810 1826 1112 1899 tenerent,
1169 1822 1601 1899 capricornum.
1693 1827 1999 1899 praeterea
2056 1837 2088 1878 a
2144 1822 2441 1898 pecuariis
2501 1821 2659 1900 addi,-

375 1924 584 1985 derunt
629 1944 887 2006 capram,
934 1925 1172 2009 haedoS,
1219 1946 1413 1987 canes,
1507 1946 1579 1988 an
1627 1944 1747 1987 non
1796 1930 1971 1986 etiam
2008 1928 2149 1986 item
2190 1928 2250 1985 in
2289 1929 2439 1987 mari
2477 1935 2657 1988 terra·

290 2036 342 2091 1'5
374 2050 487 2110 que
532 2031 602 2092 ab
647 2032 741 2092 his
790 2032 1137 2110 regionibus
1186 2043 1358 2094 notae
1408 2033 1465 2109 [a
1514 2032 1756 2111 pecore]
1772 2083 1788 2115 ,
1845 2037 1904 2093 in
1953 2035 2127 2113 mari,
2189 2034 2347 2112 quod
2397 2038 2659 2095 uomina-

379 2147 579 2199 verunt
624 2158 655 2199 a
702 2142 901 2217 capris
939 2141 1232 2217 Aegaeum
1280 2140 1542 2221 pelaguS,
1591 2140 1659 2200 ad
1702 2140 1929 2219 Syriam
1970 2148 2228 2199 montem
2269 2139 2549 2220 Taurum,
2597 2144 2658 2201 in

377 2244 602 2305 Sabinis
648 2245 1034 2306 Cantherium
1084 2254 1362 2327 montem,
1408 2266 1457 2303 *v
1489 2265 1674 2307 unum
1723 2245 2061 2327 Thracium,
2109 2246 2357 2307 alterum
2408 2247 2656 2308 Cimme-

376 2349 565 2413 rium?
660 2371 859 2413 nonne
916 2355 978 2413 in
1034 2356 1212 2414 terris
1267 2354 1476 2435 multa,
1534 2362 1600 2413 ut
1656 2354 1938 2433 oppidum
1993 2355 2057 2413 in
2104 2353 2344 2413 Graecia
2392 2353 2707 2434 Hippion9

376 2456 601 2539 Argos?
697 2460 958 2539 denique
1014 2478 1133 2520 non
1191 2461 1355 2521 Italia
1414 2480 1446 2521 a
1501 2460 1729 2536 vituliS,
1787 2470 1853 2521 ut
1910 2460 2119 2520 scribit
2172 2457 2354 2521 Piso?
2450 2461 2657 2522 Roma·

301 2584 583 2626 sonorum
648 2584 787 2627 vcro
844 2566 1131 2647 populum
1187 2586 1219 2628 a
1266 2567 1607 2647 pastoribus
1663 2585 1794 2628 esse
1852 2574 2051 2628 ortum
2107 2570 2243 2646 quis
2300 2587 2417 2629 non
2474 2567 2660 2631 dicit‘?

383 2675 508 2752 quis
553 2672 902 2735 Faustulum
928 2727 933 2730 .
959 2677 1152 2736 nescit
1206 2683 1503 2754 pastorem
1553 2676 1737 2736 fuisse
1783 2676 2136 2756 nutricium,
2193 2677 2298 2754 qui
2344 2675 2658 2737 Romulum

513 2994 539 3041 1
589 3005 724 3056 quas
770 2988 1000 3044 inclusit
1036 2980 1306 3043 Gesnerns
1449 2987 1661 3043 ercules
1697 2989 1752 3043 A
1896 2995 1927 3043 2
1978 3006 2070 3043 eas
2118 2989 2265 3042 enim
2304 3007 2339 3043 a.
2385 3006 2485 3043 sua
2521 3007 2659 3045 uoce

387 3077 613 3131 Ursinus
663 3093 733 3131 ea.
781 3078 930 3131 enim
978 3093 1078 3130 sua.
1122 3093 1261 3131 uoce
1311 3077 1488 3130 VAB
1634 3094 1831 3147 graece
1889 3077 2246 3148 appellarunt
2290 3079 2437 3132 mela
2480 3078 2659 3139 PAB

379 3167 556 3236 graeci
605 3166 967 3236 appellarunt
1010 3166 1162 3220 mala.
1196 3184 1229 3220 v
1381 3172 1413 3220 3
1463 3183 1622 3221 secus
1666 3165 1843 3221 nostri
1880 3168 2308 3236 superscriptum
2362 3168 2424 3221 in
2461 3167 2517 3221 A

380 3261 411 3309 4
445 3255 515 3309 be
551 3255 727 3326 alate]
767 3255 960 3310 balare
994 3255 1110 3308 ΡΒ
1146 3253 1362 3322 ballare
1391 3255 1447 3308 A
1482 3255 1672 3310 belare
1701 3255 1859 3324 A2m,
1898 3271 1998 3312 om.
2026 3272 2059 3310 v
2195 3261 2228 3310 5
2266 3272 2295 3309 e
2336 3273 2445 3324 quo
2477 3256 2662 3310 PAB

387 3399 416 3434 a
448 3397 551 3449 quo
590 3397 622 3435 v
771 3378 990 3450 dicunt]
1031 3377 1242 3433 dictum
1283 3379 1517 3435 Ursinus
1660 3378 1854 3434 littera
1888 3383 1952 3435 ut
1977 3379 2035 3433 in
2078 3380 2181 3435 VB
2207 3356 2401 3434 1111113ῗὲ.
2427 3381 2492 3434 nt
2518 3380 2576 3434 in
2604 3381 2660 3436 A

469 3476 501 3525 8
536 3471 606 3525 ab
633 3468 706 3523 iis
735 3468 917 3523 PAB
947 3468 1018 3522 ab
1047 3466 1135 3520 his
1163 3485 1195 3522 v
1286 3474 1317 3522 9
1356 3469 1520 3522 multi
1559 3469 1672 3522 VB
1702 3470 1879 3523 multa
1905 3470 1960 3523 A
2062 3475 2128 3523 10
2166 3468 2441 3539 appollini
2466 3470 2521 3524 Β
2619 3470 2662 3524 11

387 3557 518 3613 enim
563 3557 656 3612 dei
696 3557 813 3611 PB
859 3554 904 3610 ii
952 3554 1102 3610 enim
1142 3556 1256 3609 diei
1293 3556 1347 3609 A
1384 3556 1445 3610 hi
1483 3556 1630 3612 enim
1671 3557 1752 3611 dii
1789 3575 1819 3612 υ
1973 3558 2236 3614 secuntur
2273 3561 2389 3613 AB
2426 3576 2661 3627 sequun—

386 3650 465 3702 tur
496 3646 550 3702 V
653 3653 718 3701 12
760 3646 1115 3721 adiacessent
1142 3662 1278 3702 corr.
1310 3677 1377 3686 —
1409 3646 1613 3701 cissent
1640 3648 1695 3702 Β
1808 3654 1872 3700 13
1902 3648 2158 3701 tenerent
2186 3648 2481 3703 Incundns
2507 3649 2659 3701 tene-

387 3737 461 3791 ret
493 3735 663 3790 VAB
774 3733 1053 3805 pecuariis
1093 3733 1206 3788 VB
1233 3752 1414 3805 pecun
1444 3738 1454 3805 1
1486 3736 1598 3789 aris
1628 3737 1681 3790 A
1792 3742 1857 3789 14
1887 3752 2034 3791 anno
2065 3737 2238 3791 etiam
2267 3736 2403 3791 item
2429 3737 2484 3790 Β
2513 3753 2658 3792 anno

387 3829 527 3894 (corr.
565 3829 710 3879 anno
741 3822 844 3893 A2)
892 3823 1066 3877 etiam
1102 3824 1269 3879 Ittem
1296 3824 1352 3878 A
1390 3841 1459 3879 an
1498 3842 1571 3879 no
1609 3825 1748 3880 item
1779 3826 1833 3878 P
1863 3842 1936 3878 an
1964 3843 2077 3880 non
2105 3822 2242 3880 item
2270 3844 2302 3880 v
2415 3832 2478 3879 15
2515 3826 2660 3896 regi-

387 3913 564 3969 onibus
612 3914 728 3968 VB
772 3911 1053 3982 regionib3
1093 3913 1146 3966 A
1185 3929 1324 3968 corr.
1367 3946 1429 3953 —
1469 3931 1569 3968 nes
1609 3912 1689 3967 A²
1729 3913 2019 3984 regionum
2058 3914 2351 3970 Iucundus
2495 3931 2530 3968 a
2565 3932 2659 3984 pe-

387 4020 495 4058 core
538 4004 765 4058 inclusit
812 4002 1082 4057 Gesnerus
1265 4008 1330 4057 16
1379 4019 1614 4073 aegeum
1668 4002 1779 4056 VB
1825 4020 2023 4073 egeum
2060 4003 2117 4058 A
2171 4004 2178 4009 “
2295 4002 2500 4072 syriam
2548 4002 2660 4056 VB

387 4089 556 4146 siriam
595 4092 651 4145 A
773 4097 838 4145 17
877 4091 1227 4145 cantherium
1264 4091 1443 4145 PAB
1491 4092 1799 4146 canterium
1835 4110 1867 4147 v
1975 4093 2221 4147 montem
2260 4110 2431 4146 unum
2474 4091 2658 4146 PAB

385 4182 614 4235 montem
650 4179 1002 4250 Bosphorum
1039 4199 1210 4235 unum
1246 4198 1279 4235 v
1416 4180 1705 4236 cimerium
1754 4182 1933 4236 VAB
2060 4186 2126 4234 18
2162 4180 2563 4250 hippionargos
2612 4176 2665 4232 V

386 4269 602 4338 hippion
638 4286 808 4339 agros
846 4268 902 4322 A
938 4267 1367 4338 hippionargros
1395 4270 1450 4322 Β
1600 4276 1663 4324 19
1702 4269 1939 4338 denique
1976 4269 2035 4323 in
2071 4267 2234 4322 italia
2266 4268 2380 4321 ΡΒ
2420 4267 2657 4336 denique

386 4357 439 4428 in
471 4358 624 4414 italia
649 4359 704 4413 A
742 4356 982 4425 denique
1019 4356 1182 4412 italia.
1208 4375 1241 4412 v
1350 4363 1418 4411 20
1456 4360 1640 4413 ortum
1672 4359 2097 4428 superscriptum
2126 4359 2189 4411 in
2215 4357 2271 4410 Β
2378 4360 2444 4410 21
2484 4357 2658 4411 nutri·

388 4500 519 4554 cium
562 4500 616 4554 V
645 4499 944 4554 nutritium
981 4499 1037 4554 A
1073 4459 1320 4554 nutri‘ssm
1355 4500 1413 4579 Β
1440 4543 1450 4556 .
1481 4496 1770 4555 Nau-icius
1806 4500 1873 4555 in
1907 4499 2155 4568 maryine
2191 4498 2488 4568 adscripsit
2526 4498 2583 4551 Ρ

483 4598 603 4641 Ouo
631 4611 696 4640 nx
725 4609 847 4640 Aanr
875 4609 915 4640 0.
2167 4594 2234 4643 14
