3178 5185
593 429 715 494 178
1273 436 1587 491 COMMEN
1593 437 1655 491 T.
1693 437 1773 491 IN
1812 430 2188 492 VARRONIS

587 591 840 652 dicunt
913 592 990 651 ad
1067 593 1402 652 uictimas
1478 590 1793 668 faciunt]
1864 594 2166 653 Farciunt
2231 590 2553 651 IucunduS.
2640 589 2878 666 faciunt

589 698 989 759 Schneiderus
1036 700 1330 779 restituit3
1386 697 1543 758 idem
1593 700 2095 777 praepositionem
2153 701 2240 759 ad
2281 705 2418 758 ante
2466 700 2741 759 victimas
2786 697 2877 757 de-

584 805 820 866 lendam
869 823 1001 866 esse
1050 807 1323 866 coniecit.
1397 804 1558 865 hunc
1609 799 1852 865 secutus
1901 806 2115 885 scripsi
2154 808 2430 866 victimas
2469 804 2732 881 faciunt,
2769 806 2875 864 nisi

586 915 785 993 potius
852 912 1233 974 scribendum
1292 919 1418 972 erat
1475 915 1561 972 ad
1617 915 1891 972 victimas
1950 911 2199 987 faciunt
2254 915 2544 989 pinques:
2609 911 2661 970 ΙΙ
2704 908 2758 991 1,
2794 908 2875 972 20

585 1021 761 1080 boves
807 1023 1002 1080 altiles
1050 1023 1136 1080 ad
1178 1023 1497 1092 sacrificia
1536 1020 1790 1095 publica
1838 1023 2113 1093 saqinatz·
2156 1022 2451 1079 dicuntur
2498 1021 2696 1095 opimi.

760 1126 908 1186 Non
950 1135 1085 1186 tam
1126 1123 1553 1204 frequentes
1591 1143 2011 1204 quamquam
2059 1127 2130 1185 in
2181 1125 2488 1201 thracia]
2544 1127 2740 1198 Quam
2779 1128 2880 1199 qui

582 1237 646 1294 in
692 1233 959 1294 Thracia
997 1232 1151 1292 edita
1200 1229 1337 1291 inde
1385 1250 1416 1290 a
1445 1233 1725 1311 principe
1765 1231 2025 1292 editione
2066 1231 2421 1311 exemplaria
2459 1234 2659 1311 inepte
2701 1234 2874 1293 inter-

582 1342 777 1419 posito
824 1341 1193 1421 pronomine.
1271 1341 1470 1418 itaque
1522 1338 1717 1399 deleto
1765 1357 1946 1414 quam
1993 1339 2208 1418 scripsi
2252 1356 2435 1413 quam
2482 1343 2543 1400 in
2598 1339 2877 1400 Thracia.

766 1445 844 1508 11
912 1446 1131 1508 Paulo
1202 1446 1586 1508 uerbosius
1652 1447 1826 1507 haec
1885 1448 2007 1526 qui
2063 1445 2329 1506 mamili
2394 1447 2709 1507 actionis
2775 1464 2873 1506 se-

583 1563 848 1615 cuntur
894 1553 1066 1614 lanii
1115 1555 1237 1632 qui
1285 1553 1363 1612 ad
1403 1553 1722 1614 cultrum
1762 1551 2013 1614 bouem
2052 1560 2295 1614 emunt
2334 1554 2456 1632 qui
2503 1551 2583 1612 ad
2623 1552 2872 1614 altaria

569 1661 860 1721 hostiae
909 1662 1296 1722 sanitatem
1360 1679 1499 1720 non
1548 1661 1838 1721 soluent
1896 1659 2268 1740 stipulari]
2319 1660 2568 1720 Manilii
2611 1663 2874 1721 actiones

574 1777 633 1829 et
679 1767 891 1827 deinde
941 1787 1060 1828 non
1108 1771 1305 1829 solent
1347 1766 1589 1828 Merula.
1685 1775 1745 1828 et
1787 1770 1898 1843 qui
1940 1771 2026 1828 ad
2070 1769 2303 1838 altaria
2350 1765 2672 1846 IucunduS,
2721 1765 2871 1844 quod

578 1894 609 1935 a
656 1874 916 1936 Victorio
967 1885 1277 1954 receptum
1325 1882 1386 1935 et
1433 1875 1649 1936 deinde
1696 1874 1767 1934 ad
1830 1875 2090 1953 reliquas
2152 1874 2443 1934 editiones
2490 1882 2871 1952 propagatum

576 1991 721 2042 erat.
815 2001 932 2061 quo
981 1990 1314 2043 commotus
1364 1991 1454 2043 est
1503 1978 1770 2060 Scaliger
1819 1988 1885 2041 ut
1931 1998 2108 2060 prava
2158 1980 2540 2040 distinctione
2601 1981 2662 2040 in
2718 1979 2872 2040 hunc

570 2089 811 2150 modum
897 2087 1074 2149 verba
1159 2089 1492 2169 dirimeret,
1570 2092 1760 2165 paulo
1837 2089 2146 2148 verbosius
2210 2089 2391 2168 haec,
2458 2090 2567 2162 qui
2630 2088 2874 2147 Manilii

570 2200 840 2258 actiones
885 2203 1239 2272 sequuntur.
1324 2199 1500 2277 lanii,
1541 2198 1652 2270 qui
1695 2198 1781 2255 ad
1837 2199 2101 2255 cultrum
2147 2197 2351 2255 bovem
2398 2200 2617 2273 emunt,
2666 2201 2726 2254 et
2767 2197 2870 2269 qui

571 2306 658 2364 ad
701 2307 932 2364 altaria
980 2321 1108 2382 sqq.
1182 2303 1343 2364 hunc
1393 2301 1695 2362 Gesnerus
1745 2311 1804 2362 et
1852 2300 2254 2361 Schneider-us
2303 2302 2493 2361 secuti
2542 2309 2698 2361 sunt.
2774 2299 2869 2359 de-

571 2409 689 2471 leto
738 2418 810 2483 et,
852 2409 1011 2489 quod
1058 2428 1179 2469 non
1218 2409 1332 2469 fuit
1377 2412 1439 2469 in
1487 2409 1828 2489 archetypo,
1866 2407 2044 2468 verba
2086 2410 2190 2489 sic,
2231 2416 2297 2468 ut
2336 2409 2395 2467 in
2438 2407 2868 2487 antiquioribus

574 2515 935 2576 editionibus
1001 2533 1280 2595 expressa
1350 2524 1543 2597 erant,
1610 2514 1876 2596 exhibui,
1934 2519 2123 2591 paulo
2171 2516 2480 2575 verbosius
2526 2516 2709 2589 haec,
2766 2517 2873 2588 qui

571 2624 798 2683 Manili
847 2626 1131 2683 actiones
1186 2629 1480 2683 secuntur
1536 2626 1717 2696 lanii,
1765 2625 1873 2697 qui
1918 2624 2005 2682 ad
2061 2626 2325 2682 cultrum
2383 2624 2587 2682 bovem
2643 2628 2872 2682 emunt:

572 2733 680 2804 qui
724 2732 810 2789 ad
855 2732 1085 2789 altaria
1133 2748 1263 2809 sqq.
1338 2732 1399 2790 in
1440 2731 1740 2809 emptione
1778 2726 1958 2788 boum
1998 2728 2157 2808 lanii,
2202 2730 2305 2808 qui
2341 2727 2562 2788 Manilii
2609 2731 2872 2789 actiones

573 2844 877 2917 secuntur,
916 2835 1227 2896 verbosius
1267 2835 1539 2916 stipulari
1577 2836 1797 2915 solent3
1841 2837 1884 2895 ii
1923 2837 2025 2914 qui
2063 2834 2135 2894 ad
2174 2833 2378 2895 altaria
2416 2834 2626 2895 bovem
2666 2844 2871 2896 emunt

569 2944 881 3003 sanitatem
930 2962 1047 3003 non
1096 2941 1291 3004 solent
1338 2942 1624 3022 stipulari.

747 3049 988 3110 Hieme
1055 3069 1208 3112 cum
1276 3049 1667 3110 hibernant
1733 3047 2131 3109 secundum
2196 3066 2384 3109 mare
2451 3056 2656 3109 aestu
2721 3048 2868 3109 abi-

570 3165 835 3237 gantur
882 3159 953 3217 in
1012 3165 1289 3218 montes
1347 3148 1760 3239 frondosos]
1821 3158 1963 3217 Cum
2010 3158 2343 3217 hibernant
2397 3164 2696 3236 tamquam
2741 3164 2869 3217 orta

570 3283 642 3324 ex
689 3266 1178 3343 interpretatione
1229 3283 1278 3324 v.
1336 3267 1531 3325 hieme
1576 3263 1767 3324 deleri
1814 3262 2133 3324 voluerunt
2180 3261 2443 3342 Scaliger
2491 3271 2550 3324 et
2602 3261 2869 3343 UrsinuS,

568 3369 943 3431 incluserunt
1003 3370 1306 3432 Gesnerus
1374 3379 1433 3431 et
1489 3370 1909 3431 SchneideruS.
2003 3373 2338 3445 abiquntur
2401 3378 2567 3431 recte
2626 3369 2865 3432 Merula.

572 3480 623 3538 si
685 3478 878 3538 hieme
943 3496 1154 3557 greges
1218 3477 1573 3538 hibernandi
1648 3496 1824 3538 causa
1899 3478 2230 3538 secundum
2293 3494 2456 3537 mare
2521 3487 2864 3558 pascuntur,

571 3592 792 3645 aestate
839 3586 900 3645 in
947 3594 1180 3646 montes
1229 3585 1542 3646 frondosos
1591 3584 1748 3663 abigi
1793 3584 2006 3645 solent.
2088 3602 2226 3644 nam
2269 3586 2466 3645 hieme
2512 3582 2584 3643 ad
2632 3592 2865 3664 tempus

569 3691 948 3752 indicandum
998 3692 1264 3752 additum
1310 3701 1402 3753 est
1448 3702 1694 3772 propter
1740 3691 1886 3752 illud
1936 3690 2093 3770 quod
2143 3693 2413 3769 sequitur
2461 3698 2652 3751 aestu.

750 3796 832 3860 13
882 3797 1273 3877 Significat
1329 3799 1673 3858 discensu
1729 3806 1982 3859 taurus
2040 3815 2193 3858 cum
2250 3799 2390 3858 init
2446 3799 2507 3857 si
2564 3798 2748 3876 quod
2805 3799 2861 3857 si

570 3924 709 3966 mas
765 3915 878 3967 est
932 3908 1001 3965 in
1059 3906 1544 3965 dexteriorem
1602 3913 1877 3984 partem
1934 3902 2117 3982 abit]
2176 3906 2320 3965 Cum
2368 3906 2520 3978 iniit,
2567 3907 2860 3980 siquidem

564 4016 622 4073 si
663 4030 793 4073 mas
839 4019 928 4073 est
972 4012 1129 4072 edita
1176 4011 1313 4072 inde
1362 4030 1393 4072 a
1440 4014 1712 4092 principe
1766 4012 2023 4073 editione
2081 4010 2454 4093 exemplaria,
2505 4028 2857 4091 quamquam

564 4122 860 4194 siquidem
915 4119 1029 4179 hoc
1075 4118 1250 4179 modo
1307 4137 1339 4180 a
1385 4118 1648 4180 Varrone
1707 4118 1931 4180 dictum
1989 4138 2107 4179 non
2164 4127 2272 4180 est.
2364 4137 2499 4179 nam
2559 4119 2856 4179 diversum

568 4233 660 4286 est
705 4226 757 4286 ΙΙ
801 4224 899 4307 11,
944 4226 972 4286 1
1052 4231 1109 4287 si
1170 4230 1435 4307 quidem,
1487 4231 1759 4302 inquam,
1820 4229 2189 4288 adieceritis.
2280 4228 2482 4305 itaque
2554 4226 2748 4287 deleto
2804 4228 2861 4285 si

569 4334 769 4410 priore
815 4332 946 4392 loco
973 4316 1254 4394 'veterem
1303 4333 1619 4394 lectionem
1669 4335 1932 4413 restitui,
1979 4335 2041 4393 in
2089 4351 2202 4411 qua
2250 4349 2388 4393 cum
2433 4335 2550 4393 init
2593 4331 2663 4391 de
2712 4339 2853 4391 tem·

566 4456 711 4517 pore
758 4439 1006 4499 ineundi
1051 4439 1142 4499 vel
1190 4441 1553 4500 admissurae
1603 4440 1829 4500 dictum
1876 4447 1984 4499 est.
2079 4447 2288 4499 taurus
2330 4446 2499 4520 tum,
2547 4456 2682 4499 cum
2728 4439 2853 4518 init,

566 4545 860 4605 descensu
908 4548 1214 4625 significat,
1256 4555 1454 4607 utrum
1502 4565 1629 4607 mas
1676 4565 1747 4606 an
1797 4546 2012 4606 femina
2052 4554 2338 4625 concepta
2377 4548 2471 4607 sit.
2532 4545 2851 4606 Varronem
