3178 5185
576 399 702 462 156
1555 397 1927 453 VARRONIS

572 583 722 643 opus
788 570 928 623 sunt
992 562 1170 623 boves
1235 552 1294 623 et
1349 562 1611 625 bubulci.
1713 566 1884 625 mitto
1941 564 2103 646 illut,
2161 567 2316 644 quod
2377 565 2615 625 modum
2676 583 2872 644 neque

463 724 474 729 .,
522 677 765 743 5unum
839 689 948 731 nec
1022 671 1319 731 modicum
1384 674 1699 750 proposuit
1764 685 1942 734 CCXL
2006 674 2279 752 iugerum
2347 669 2644 753 (modicus
2711 674 2872 732 enim

570 780 856 860 centuria,
902 787 962 838 et
1008 795 1075 837 ea
1125 790 1209 840 cc
1254 773 1583 862 iugerum),
1631 798 1663 839 e
1712 797 1831 858 quo
1880 799 2060 859 quom
2110 787 2272 840 sexta
2313 799 2450 859 pars
2489 782 2716 839 sint‘ea
2754 793 2869 859 XL,

570 906 720 968 quae
779 886 851 946 de
909 899 1088 946 CCXL
1146 885 1497 966 demuntur,
1561 905 1682 946 non
1739 887 1907 948 video
1967 907 2146 967 quem
2202 887 2272 947 ad
2329 887 2570 948 modum
2617 906 2689 946 ex
2739 889 2868 946 eius

568 1001 886 1075 praecepto
952 992 1183 1052 demam
1248 1000 1473 1053 sextam
1538 1001 1770 1072 partem
1836 1003 1897 1055 et
1959 995 2033 1055 de
2088 1010 2220 1056 x111
2276 987 2614 1075 mancipiis}
2680 990 2868 1052 nihilo
2935 1006 2966 1046 5

568 1102 756 1180 magis
813 1101 864 1159 si
918 1097 1160 1159 vilicum
1218 1106 1278 1160 et
1332 1100 1564 1161 vilicam
1626 1119 1961 1182 removere,
2019 1121 2195 1181 quem
2253 1101 2324 1161 ad
2381 1100 2623 1161 modum
2672 1118 2741 1159 ex
2791 1114 2869 1161 XI

568 1215 794 1268 sextam
841 1212 1069 1285 partem
1119 1193 1366 1266 demam.
1460 1209 1617 1286 quod
1668 1216 1866 1269 autem
1912 1211 1995 1268 ait
2031 1211 2092 1268 in
2133 1222 2172 1270 c
2209 1207 2519 1287 iugeribus
2557 1209 2866 1269 vinearum

569 1333 719 1394 opus
765 1332 898 1389 esse
943 1328 1039 1374 xv
1087 1315 1392 1393 mancipia,
1441 1317 1630 1393 siquis
1676 1314 1919 1375 habebit
1965 1316 2313 1396 centuriam,
2365 1333 2513 1394 quae
2553 1315 2866 1376 dimidium

569 1424 778 1501 vineti,
836 1419 1145 1480 dimidium
1203 1419 1431 1499 oliveti,
1491 1429 1780 1500 sequetur
1834 1430 1902 1482 ut
1947 1423 2063 1483 duo
2110 1422 2315 1484 vilicos
2361 1431 2420 1483 et
2468 1423 2614 1483 duas
2662 1421 2867 1482 vilicas

426 1604 429 1605 γ
518 1528 816 1607 6habeat‚
870 1527 1027 1605 quod
1077 1533 1168 1587 est
1214 1526 1624 1588 deridiculum.
1718 1547 1901 1606 quare
1949 1528 2059 1588 alia
2105 1530 2335 1589 ratione
2382 1528 2592 1590 modus
2640 1530 2955 1609 manci-‚10

567 1638 800 1715 piorum
848 1635 1172 1712 generatim
1222 1640 1314 1693 est
1359 1634 1940 1716 animadvertend11S‚
2000 1644 2059 1695 et
2107 1637 2292 1714 magis
2338 1638 2401 1695 in
2447 1636 2559 1696 hoc
2609 1635 2866 1696 Saserna

565 1741 931 1821 probandu3‚
985 1742 1090 1819 qui
1146 1742 1226 1800 ait
1282 1740 1508 1818 singula
1568 1742 1775 1819 iugera
1822 1744 2128 1820 quaternis
2176 1745 2374 1821 operis
2420 1761 2540 1804 uno
2587 1746 2863 1821 operario

566 1850 638 1909 ad
705 1846 1138 1931 conficiendum
1211 1849 1354 1907 satis
1410 1865 1558 1908 esse.
1661 1849 1765 1909 sed
1824 1850 1876 1909 si
1929 1849 2042 1910 hoc
2096 1851 2158 1909 in
2215 1848 2503 1910 Sasernae
2560 1850 2744 1909 fundo
2800 1853 2864 1909 in

567 1953 746 2016 Gallia
806 1956 950 2015 satis
1006 1954 1144 2034 fuit,
1209 1972 1329 2013 non
1384 1957 1667 2015 continuo
1726 1955 1881 2016 idem
1938 1959 2000 2016 in
2057 1975 2197 2036 agro
2252 1955 2508 2034 Ligusco
2566 1964 2864 2018 montano,

566 2067 766 2142 itaque
832 2062 904 2122 de
969 2060 1222 2121 familiae
1279 2062 1685 2140 magnitudine
1742 2069 1803 2122 et
1857 2062 2089 2141 reliquo
2145 2064 2546 2123 instrumento
2603 2082 2861 2123 commo-
2893 2070 2948 2112 15

515 2179 550 2235 7
575 2172 816 2232 dissime
863 2170 1016 2229 scies
1063 2175 1343 2246 quantam
1389 2187 1581 2249 pareS,
1630 2171 1682 2229 si
1726 2171 1839 2229 tria
1888 2170 2373 2230 animadverteris
2411 2168 2752 2246 diligenter:
2799 2173 2862 2230 in

563 2279 862 2339 vicinitate
928 2275 1165 2354 praedia
1222 2276 1394 2335 cuius
1450 2275 1612 2335 modi
1668 2278 1787 2336 sint
1841 2286 1901 2337 et
1956 2285 2207 2355 quanta,
2272 2282 2332 2336 et
2387 2282 2533 2354 quot
2589 2295 2861 2356 quaeque

560 2382 904 2445 hominibus
959 2381 1257 2460 colantur,
1321 2389 1382 2442 et
1437 2389 1582 2460 quot
1637 2382 1853 2443 additis
1910 2385 2109 2461 operis
2164 2390 2266 2443 aut
2324 2383 2581 2461 demptis
2637 2383 2855 2444 melius

561 2499 662 2552 aut
724 2491 988 2550 deterius
1052 2488 1269 2549 habeas
1334 2488 1578 2550 cultum.
1680 2488 1908 2550 bivium·
1967 2489 2139 2550 nobis
2205 2491 2362 2550 enim
2433 2489 2504 2549 ad
2563 2489 2860 2552 culturam

559 2599 723 2660 dedit
766 2606 994 2677 natura,
1041 2598 1465 2675 experientiam
1512 2605 1572 2657 et
1618 2600 2023 2659 imitationem.
2116 2599 2515 2677 antiquissimi
2561 2598 2856 2676 agricolae
2886 2606 2942 2646 2⁰

701 2812 732 2861 7
771 2804 920 2873 quod
958 2804 1148 2858 autem
1185 2803 1268 2859 ait
1304 2803 1364 2858 in
1402 2804 1442 2859 C
1482 2803 1771 2874 iugeribus
1810 2804 1959 2859 Non.
1989 2820 2052 2874 p.
2092 2809 2222 2872 501,
2261 2810 2294 2858 1

594 3011 599 3014 ’
702 3008 730 3055 1
770 3002 935 3056 mitto
964 2999 1080 3054 PA
1107 3000 1268 3055 initio
1299 3002 1398 3055 Bv
1540 2999 1673 3054 illut
1707 3001 1765 3054 P
1794 2999 1936 3053 illud
1963 2999 2087 3055 AB
2096 3017 2128 3054 v
2273 3005 2304 3052 3
2344 3016 2373 3054 e
2403 3017 2513 3068 quo
2542 3016 2711 3069 quom
2740 3001 2857 3056 PA

555 3101 734 3161 aequo
791 3108 958 3159 quom
1007 3091 1064 3145 Β
1120 3107 1150 3144 e
1208 3107 1318 3159 quo
1371 3090 1430 3143 ni
1475 3107 1507 3143 v
1654 3088 1730 3142 sit
1785 3106 1851 3143 ea
1905 3089 2081 3143 VAB
2226 3093 2258 3142 5
2318 3087 2608 3158 mantipiis
2654 3089 2712 3144 A

553 3177 765 3236 nichilo
811 3181 865 3234 A
1012 3187 1044 3235 6
1090 3179 1560 3248 quemadmodum
1608 3195 1676 3232 ex
1722 3178 1801 3231 XI
1838 3178 1894 3232 Β
1938 3177 2213 3232 Victorius
2260 3178 2736 3247 quemadmodum
2786 3196 2853 3233 ex

554 3269 813 3324 undecim
867 3269 925 3322 P
981 3266 1449 3335 quemadmodum
1515 3268 1574 3322 eb
1627 3266 1886 3321 undecim
1926 3266 1981 3320 A
2037 3266 2505 3334 quemadmodum
2563 3269 2623 3322 et
2666 3265 2746 3320 XI
2799 3285 2853 3322 m

551 3357 1025 3428 quemadmodum
1083 3357 1304 3410 centum
1352 3355 1559 3426 uiginti
1603 3373 1636 3410 v
1781 3363 1812 3411 9
1872 3357 1982 3410 duo
2028 3355 2226 3410 uilicos
2275 3358 2332 3410 et
2377 3356 2516 3410 duas
2563 3356 2762 3411 uilicas
2801 3357 2859 3410 P

552 3449 662 3502 duo
699 3445 898 3500 uilicos
937 3448 995 3499 et
1032 3445 1144 3499 duo
1181 3445 1380 3500 uilicas
1408 3446 1462 3499 A
1501 3462 1639 3501 corr.
1681 3446 1818 3499 duos
1857 3443 2054 3498 uilicos
2096 3446 2154 3499 et
2190 3445 2327 3499 duos
2363 3443 2560 3499 uilicas
2587 3444 2672 3499 A2
2709 3444 2851 3499 duos

550 3536 752 3591 uilicos
781 3538 840 3590 et
867 3536 1005 3589 duas
1034 3533 1233 3588 uilicas
1263 3535 1318 3589 B
1346 3535 1484 3589 duos
1513 3534 1735 3589 uillicos
1766 3536 1826 3588 et
1852 3534 1991 3587 duas
2020 3531 2241 3588 uillicas
2269 3550 2301 3587 v
2414 3539 2479 3588 10
2517 3533 2766 3599 habebat
2794 3532 2851 3587 A

562 3673 568 3681 .
639 3624 1045 3694 mancipiarum
1075 3624 1130 3676 A
1225 3630 1289 3677 13
1327 3623 1386 3677 in
1422 3623 1600 3693 gallia
1627 3640 1659 3677 v
1687 3623 1747 3677 in
1774 3621 1928 3692 galia
1956 3621 2134 3674 PAB
2228 3627 2294 3675 14
2330 3620 2481 3675 idem
2511 3622 2574 3675 in
2601 3622 2852 3690 maryine

548 3717 813 3785 scriptum
849 3715 913 3767 in
951 3713 1007 3767 Β
1149 3712 1365 3782 ligusco
1401 3714 1669 3768 montano
1710 3712 1768 3766 P
1799 3711 1944 3781 ligus
1981 3714 2315 3766 comontano
2343 3711 2400 3765 Β
2433 3710 2584 3781 ligus
2624 3715 2849 3764 comon-

547 3809 683 3860 tano
712 3804 768 3859 A
804 3800 1069 3872 ligustico
1107 3803 1448 3857 nomentano
1476 3819 1524 3857 v.
1586 3803 1692 3855 ‘In
1728 3802 1950 3869 optimc,
1987 3805 2038 3854 et
2074 3801 2455 3868 antiquissimo
2493 3799 2674 3853 codice
2700 3816 2848 3853 nun-

548 3912 714 3964 quam
740 3892 1042 3961 Liquetico‚
1078 3893 1171 3946 sed
1207 3897 1306 3946 aut
1337 3890 1575 3960 Ligusco
1616 3897 1716 3945 aut
1742 3890 1992 3958 Ligusto,
2029 3890 2119 3943 hic
2145 3888 2401 3958 Liqusco.
2476 3889 2557 3941 In
2586 3888 2674 3940 II
2708 3888 2852 3942 libro.

547 3984 637 4054 [5,
677 3983 747 4052 9]
785 3981 1030 4050 Liqueti,
1068 3981 1132 4034 de
1171 3980 1344 4034 bubus
1380 3996 1552 4034 sermo
1589 3983 1680 4033 est.
1759 3980 1840 4031 In
1875 3977 1999 4030 III
2031 3979 2227 4032 iterum
2272 3977 2362 4047 [9,
2400 3976 2507 4046 17]
2543 3975 2847 4046 Liyuscos:

548 4072 860 4126 Secundum
904 4069 1134 4123 Italiam
1189 4075 1379 4123 contra
1432 4074 1637 4123 montes
1684 4066 1976 4136 Liyuscos’
2040 4066 2314 4121 Victorius
2461 4071 2526 4118 16
2574 4066 2847 4133 quantum

546 4214 709 4265 pares
737 4214 790 4249 m
820 4194 1114 4249 Iucundus
1224 4192 1688 4247 animaduerteris
1729 4191 1781 4243 V
1804 4188 2240 4245 animadueteris
2269 4189 2325 4244 A
2352 4152 2768 4244 animaduerterss
2788 4187 2846 4243 Β

547 4285 960 4338 animaduertes
997 4299 1050 4336 m
1198 4287 1262 4336 17
1302 4283 1359 4336 et
1397 4283 1609 4349 quanta
1645 4282 1703 4334 et
1739 4279 1888 4348 quod
1928 4296 2148 4349 queque
2184 4278 2303 4333 ΡΒ
2339 4280 2397 4332 et
2434 4279 2648 4346 quanta
2685 4279 2745 4332 et
2777 4278 2847 4345 §t

546 4390 763 4443 queque
799 4372 855 4426 A
893 4375 950 4426 et
987 4372 1198 4439 quanta
1234 4371 1482 4438 quotque
1518 4386 1550 4423 v
1634 4399 1637 4402 ,
1664 4373 1729 4422 18
1769 4371 1906 4436 quot
1942 4368 2149 4425 additis
2177 4369 2232 4421 Β
2242 4385 2273 4422 υ
2312 4366 2461 4435 quod
2499 4366 2708 4421 additis
2736 4369 2845 4437 Pr}

546 4461 754 4517 additia
790 4460 846 4515 A
990 4458 1198 4530 operiis
1235 4459 1290 4511 Β
1435 4463 1502 4511 20
1549 4457 1962 4513 inmitationem
2000 4458 2057 4513 A
2201 4456 2485 4527 agricolae
2531 4456 2644 4511 VA
2689 4457 2843 4526 agri-

546 4550 707 4605 culae
745 4550 865 4604 Bm
