3178 5185
848 447 1110 502 RERVM
1146 446 1627 503 RvsTICARVM
1663 447 1799 503 ΜΒ.
1838 449 1916 503 111
1957 446 2125 504 6—7
2500 437 2626 505 251

351 603 606 683 recepit,
653 621 1010 683 quamquam
1057 604 1116 662 in
1165 601 1400 663 Iuntina
1448 610 1620 664 vetus
1665 602 1843 664 lectio
1891 622 1962 663 ex
2011 602 2317 664 codicibus
2365 605 2639 664 restituta

351 717 491 770 erat.
569 708 873 771 Hortensii
921 710 1140 770 sactum
1189 717 1332 791 tum,
1380 728 1515 770 cum
1562 709 1705 771 illud
1753 712 2012 790 primum
2061 710 2132 770 ab
2181 729 2250 771 eo
2298 711 2638 771 institutum

350 826 459 897 est,
505 815 798 877 luxuriosi
843 819 1045 897 potius
1093 836 1267 896 quam
1317 820 1507 879 severi
1556 817 1697 878 boni
1743 819 1852 878 viri
1900 817 2246 897 probabant.

528 923 710 985 Grex
758 927 1227 986 centenarius
1274 924 1489 986 facile
1536 924 1993 1004 quadragena
2044 925 2232 986 milia
2293 928 2641 987 sestertia

350 1040 422 1091 ut
496 1031 749 1092 reddat
823 1039 898 1092 ut
973 1031 1257 1111 quidem
1331 1032 1680 1093 abuccius
1752 1032 1987 1093 aiebat
2051 1034 2111 1093 si
2176 1034 2246 1093 in
2312 1032 2640 1111 singulos

354 1146 604 1198 ternos
661 1141 992 1218 exigeret
1045 1138 1281 1218 pullos
1338 1140 1602 1218 perfici
1664 1157 2010 1219 sexagena
2068 1138 2306 1218 posse]
2363 1141 2641 1201 Albutius

352 1244 505 1306 edita
581 1245 719 1306 inde
794 1265 826 1306 a
900 1248 1170 1327 principe
1245 1246 1504 1307 editione
1572 1246 1944 1326 exemplaria.
2030 1265 2193 1322 qrex
2253 1251 2643 1308 centenarius

344 1352 537 1429 facile
574 1355 711 1414 XX
738 1357 928 1415 millia
964 1357 1307 1416 sestertium
1344 1360 1412 1415 ut
1446 1356 1688 1436 reddat,
1727 1360 1795 1415 ut
1829 1357 2068 1429 quidem
2098 1353 2376 1415 Albutius
2413 1356 2647 1415 aiebat:

352 1479 427 1521 ac
473 1464 532 1521 si
582 1467 651 1521 ut
695 1463 872 1522 Seius
929 1468 1133 1523 ternos
1189 1465 1466 1537 exiqeret
1513 1465 1739 1542 pullos,
1778 1463 2008 1537 perfici
2046 1479 2361 1536 sexayena
2400 1468 2649 1538 possent

352 1566 623 1628 Ursinus,
716 1575 782 1629 at
833 1572 891 1628 si
942 1571 1077 1643 quis
1135 1572 1197 1628 in
1253 1572 1522 1644 sinqulos
1579 1576 1784 1630 ternos
1840 1570 2119 1644 exiperet
2157 1572 2356 1645 pullos
2403 1566 2647 1628 Schnei-

354 1675 536 1734 derus
596 1677 866 1736 coniecit.
960 1675 1032 1735 de
1092 1693 1340 1735 numero
1398 1673 1683 1736 Ursinum
1750 1677 2041 1735 erravisse
2109 1674 2484 1735 manifestum
2540 1681 2648 1754 est,

357 1784 636 1860 quoniam
684 1800 804 1842 non
851 1800 1082 1861 greges,
1130 1781 1231 1841 sed
1281 1781 1427 1861 pulli
1476 1783 1578 1862 qui
1626 1789 1954 1842 nascuntur
1999 1788 2278 1842 veneunt.
2361 1783 2400 1841 ii
2448 1793 2647 1842 autem

354 1889 476 1950 bini
533 1889 624 1950 vel
684 1891 837 1950 terni
902 1897 1310 1950 numerantur.
1402 1908 1597 1969 neque
1655 1889 2059 1970 neglegentior
2115 1887 2432 1949 verborum
2490 1906 2646 1948 com·

354 1998 570 2076 positio
618 1998 833 2058 iustam
882 1998 1270 2057 offensionem
1317 1995 1511 2058 habet.
1605 2014 1739 2057 nam
1788 2015 1924 2056 cum
1983 1997 2319 2056 accuratius
2375 1995 2520 2055 haec
2567 1996 2648 2055 ita

353 2106 478 2164 lere
518 2095 817 2165 efferenda
857 2113 1075 2185 essent,
1117 2098 1216 2163 ‘ut
1252 2121 1396 2182 grex
1436 2104 1816 2164 centenarius
1850 2103 2222 2181 quadragena
2255 2101 2411 2162 milia
2441 2101 2652 2163 reddat

354 2219 531 2290 atque
580 2210 744 2285 adeo,
781 2219 849 2272 ut
895 2210 1133 2290 quidem
1184 2209 1479 2271 Abuccius
1528 2209 1737 2292 aiebat,
1777 2210 1986 2289 perfici
2030 2226 2320 2287 sexagena
2367 2203 2650 2289 possint',

357 2336 492 2377 cum
552 2315 962 2396 superioribus
1010 2335 1080 2377 ea
1136 2335 1285 2396 quae
1343 2322 1679 2395 sequuntur
1740 2318 1819 2376 ita
1876 2315 2147 2395 copulata
2203 2323 2370 2397 sunt,
2416 2323 2485 2375 ut
2537 2332 2649 2394 pro

360 2425 527 2485 finito
577 2422 757 2483 verbo
804 2424 1130 2486 infinitivus
1163 2442 1342 2502 posse
1379 2442 1409 2483 a
1450 2423 1630 2484 verbo
1670 2425 1877 2485 aiebat
1913 2423 2179 2504 pendens
2217 2430 2545 2504 poneretur
2590 2430 2650 2483 et

355 2531 502 2591 haec
551 2531 678 2609 ipsa
726 2529 798 2590 ad
847 2530 1245 2592 confirmanda
1293 2549 1360 2591 ea
1400 2549 1550 2612 quae
1598 2531 1671 2591 de
1719 2532 1920 2592 fructu
1967 2533 2164 2612 gregis
2211 2533 2433 2605 scripta
2481 2536 2652 2590 erant

357 2638 737 2700 adderentur.
829 2639 1053 2700 nolenti
1100 2639 1348 2699 Varroni
1408 2638 1560 2700 hanc
1609 2648 1973 2701 structuram
2019 2639 2306 2700 accidisse
2354 2639 2653 2700 adnotavit

356 2744 701 2825 Bernhardy
757 2745 1001 2825 paralip.
1058 2754 1281 2825 syntax.
1328 2763 1520 2826 graec.
1577 2766 1634 2827 p.
1679 2744 1776 2809 16.
1870 2745 2079 2807 similis
2135 2746 2505 2826 neglegentia
2561 2753 2653 2806 est

300 2935 307 2941 ,
357 2852 408 2913 11
449 2850 553 2936 10,
593 2851 632 2914 8
681 2859 748 2913 ut
794 2860 852 2914 te
898 2856 1075 2915 audii
1118 2857 1327 2915 dicere
1377 2887 1452 2896 -
1506 2861 1563 2915 te
1609 2856 1830 2916 vidisse
1875 2861 2101 2916 matres
2140 2854 2432 2931 familias.

537 2966 644 3020 VII
688 2958 721 3021 1
771 2959 1158 3039 Apparitor
1205 2957 1393 3039 appi]
1436 2960 1579 3037 Apii
1614 2978 1671 3020 m
1710 2967 1770 3020 et
1817 2959 1998 3020 editio
2034 2961 2332 3040 princeps,
2371 2958 2473 3020 ubi
2511 2957 2650 3018 alte-

361 3086 496 3129 rum
555 3071 579 3127 i
633 3065 961 3127 Politianus
1028 3065 1267 3147 delevit,
1333 3066 1438 3126 sed
1504 3070 1653 3144 appi
1711 3065 1931 3127 habent
1994 3065 2345 3146 apographa.
2436 3065 2650 3126 deinde

362 3175 610 3236 Merula
658 3174 817 3235 Axio
861 3177 920 3234 si
971 3191 1239 3249 unquam
1287 3176 1878 3251 peristerotrophion
1934 3176 2344 3235 constituisses
2400 3191 2472 3233 ex
2529 3172 2648 3233 edi-

360 3284 521 3342 tione
570 3279 816 3340 Victorii
859 3282 1080 3359 recepi.

544 3384 585 3447 2
640 3386 958 3448 Alterum
1006 3406 1230 3467 genus
1276 3387 1456 3448 illud
1506 3387 1990 3450 columbarum
2037 3395 2146 3449 est
2192 3384 2650 3468 clementius]

363 3497 636 3557 Alterum
678 3513 873 3570 qenus
920 3497 1074 3555 illud
1125 3496 1320 3554 omnia
1367 3494 1702 3575 apographa
1748 3504 1808 3556 et
1854 3514 1923 3555 ex
1981 3497 2109 3574 ipso
2157 3495 2477 3576 archetypo
2523 3494 2654 3557 Vic-

367 3604 571 3663 toriuS.
666 3604 819 3662 illud
878 3603 940 3661 in
1006 3600 1365 3662 editionibus
1430 3610 1566 3662 ante
1625 3600 1950 3663 Victorium
2013 3604 2298 3663 omissum
2367 3621 2560 3681 neque
2621 3622 2654 3664 a

365 3709 653 3770 Politiano
703 3728 734 3769 e
784 3707 985 3768 codice
1036 3707 1377 3769 adnotatum
1426 3715 1534 3769 est.
1606 3708 1825 3770 inclusi
1872 3727 2217 3791 pronomen,
2257 3708 2414 3787 quod
2462 3727 2535 3769 ex
2581 3712 2653 3771 iis

367 3834 516 3895 quae
574 3815 648 3875 de
703 3814 1039 3893 agrestibus
1094 3813 1385 3875 columbis
1443 3817 1664 3895 scripta
1722 3824 1862 3876 sunt
1918 3819 2052 3876 illut
2106 3820 2363 3877 alterum
2411 3822 2656 3891 ayreste

366 3920 481 3982 huc
548 3921 783 3982 videtur
846 3919 1195 3981 translatum
1262 3921 1426 3982 esse.
1504 3940 1640 3983 nam
1706 3922 1779 3983 de
1852 3921 1964 3982 hoc
2034 3920 2359 3982 domestico
2433 3940 2653 4002 genere

367 4027 797 4115 columbarum,
858 4027 1014 4107 quod
1071 4027 1424 4089 clementius
1489 4036 1581 4089 est
1647 4046 1824 4108 quam
1880 4035 2136 4108 agreste,
2194 4037 2361 4089 antea
2429 4029 2653 4089 dictum

366 4153 483 4195 non
531 4141 678 4198 erat.

545 4240 587 4304 3
652 4241 940 4302 Camara
1004 4242 1266 4320 tectus]
1340 4243 1605 4304 Cumara
1671 4242 1785 4303 hoc
1838 4241 1968 4303 loco
2025 4243 2138 4303 fuit
2196 4243 2258 4302 in
2315 4242 2653 4321 archetypo.

369 4357 571 4427 postea
619 4366 912 4409 camarae
956 4347 1133 4411 habet
1195 4349 1375 4410 editio
1432 4351 1713 4429 princeps
1769 4367 1800 4409 a
1847 4348 2136 4408 Politiano
2193 4366 2312 4408 non
2368 4356 2655 4425 correcta,

372 4473 656 4516 camerae
693 4454 1025 4535 apographa
1063 4462 1124 4516 et
1161 4455 1372 4516 deinde
1411 4473 1722 4518 eameram
1758 4474 1981 4535 omneS,
2020 4454 2124 4516 sed
2162 4454 2241 4516 lll
2280 4452 2338 4536 8,
2372 4452 2406 4516 1
2448 4475 2655 4519 cama-

376 4580 482 4622 ras
519 4571 578 4623 et
616 4579 948 4623 camaram.
1014 4570 1074 4623 et
1109 4562 1260 4624 hanc
1300 4562 1481 4624 solam
1522 4563 1768 4624 sormam
1806 4561 1990 4623 Varro
2026 4561 2369 4643 probavisse
2404 4563 2654 4647 videtur,
2756 4551 2763 4558 ’
