3178 5185
869 445 1129 500 RERVM
1164 445 1645 502 RVSTIOARVM
1680 410 1816 501 12113'.
1853 448 1904 500 Π
1948 445 2028 502 10
2452 439 2579 502 209

305 602 577 682 correxit,
627 610 693 660 ut
741 609 900 660 esset
945 619 1306 682 communes,
1351 620 1466 661 non
1517 620 1843 677 commune,
1890 612 1956 662 ut
1994 602 2294 662 Gesnerus
2343 602 2577 663 adnota-

306 708 396 766 vit.
490 726 608 782 que
652 716 794 768 sunt
834 711 944 769 sub
992 728 1111 770 uno
1158 713 1449 784 maqistro
1495 713 1797 770 communi
1840 728 1925 788 m,
1972 712 2080 784 qui
2119 717 2261 770 sunt
2303 712 2414 770 sub
2460 728 2581 770 uno

303 817 594 888 maqistro
642 819 969 876 communis
1017 816 1345 895 apographa
1395 815 1703 897 Italorum,
1751 815 1907 895 quod
1956 816 2255 876 Iucundus
2302 819 2581 876 restituit.

303 922 359 979 in
396 920 703 998 prioribus
738 921 1034 982 Victorius
1073 921 1145 981 de
1186 925 1477 1002 scriptura
1518 924 1819 1003 archetypi
1848 923 1993 983 haec
2030 922 2342 1005 adnotavit,
2380 919 2579 983 ‘locus

299 1027 460 1087 valde
512 1027 851 1107 mendosuS,
897 1031 1078 1088 unius
1124 1032 1416 1103 cuiusque
1458 1033 1664 1105 pisae-s
1704 1034 1930 1106 yreqis.
2023 1029 2167 1090 haec
2224 1032 2380 1089 enim
2439 1033 2579 1089 satis

302 1144 389 1196 est
433 1119 995 1214 indicare'propter
1040 1138 1447 1197 auctoritatem
1509 1132 1847 1198 librorum'.
1939 1138 2000 1197 in
2058 1136 2403 1216 corrigenda
2452 1156 2578 1196 cor-

300 1252 473 1321 rupta
524 1245 817 1322 scriptura
853 1246 1092 1322 ,qisues‚
1139 1261 1288 1322 quae
1347 1262 1459 1303 una
1519 1263 1654 1304 cum
1712 1244 2014 1304 emendata
2077 1243 2328 1304 lectione
2371 1248 2581 1319 qreqis

299 1350 355 1431 in
414 1349 620 1409 codice
678 1349 815 1430 fuit,
873 1351 1092 1409 frustra
1148 1359 1285 1429 post
1341 1349 1667 1411 victorium
1732 1354 2090 1430 interpretes
2148 1349 2580 1412 laboraverunt.

300 1459 361 1515 in
405 1475 518 1516 suo
560 1475 755 1533 qreye
799 1457 1052 1517 coniecit
1098 1454 1477 1517 Heidrichius
1515 1456 1856 1519 Varronian.
1895 1457 1919 1516 1
1958 1478 2012 1537 p.
2049 1454 2154 1518 41.
2242 1475 2580 1518 communes

300 1573 497 1623 autem
554 1566 744 1624 errori
807 1563 1080 1625 Politiani
1139 1564 1518 1625 tribuendum
1579 1575 1694 1625 est:
1761 1583 1894 1625 nam
1959 1567 2017 1624 in
2085 1563 2284 1625 codice
2351 1563 2577 1624 videtur

298 1675 629 1732 communis
675 1673 963 1750 scriptum
1013 1674 1212 1732 fuisse.
1303 1672 1559 1733 interdiu
1627 1675 1688 1732 in
1744 1691 1861 1733 uno
1910 1689 2146 1751 quoque
2192 1689 2371 1750 grege
2420 1690 2582 1751 sepa-

301 1781 469 1839 ratim
510 1779 684 1839 debet
724 1798 854 1839 esse
892 1789 1196 1859 pastorum
1236 1779 1423 1861 cibuS‚
1453 1782 1684 1859 vesperi
1724 1782 1783 1839 in
1822 1798 1965 1839 cena
2005 1780 2336 1839 communis
2375 1797 2581 1839 eorum

300 1886 398 1963 qui
446 1885 558 1946 sub
606 1904 726 1958 uno
775 1888 1054 1965 magistro
1103 1895 1255 1947 sunt.

475 1992 612 2052 Alii
661 2011 788 2071 pro
845 1995 933 2053 iis
980 1995 1098 2072 qui
1155 1992 1374 2069 aliut]
1435 1994 1552 2066 Qui
1605 1993 1855 2071 plurima
1913 1992 2269 2071 apographa,
2318 1995 2468 2067 quid
2519 1994 2581 2052 in

303 2101 572 2178 principe
612 2098 869 2159 editione
908 2099 1233 2160 Politianus
1272 2118 1386 2159 non
1427 2101 1705 2160 correxit.
1760 2103 1867 2175 qui
1900 2101 1962 2159 in
2000 2099 2320 2178 archety1o
2352 2098 2583 2159 videtur

302 2207 588 2284 scriptum
638 2206 839 2285 fuisse,
888 2205 1098 2266 deinde
1148 2216 1483 2266 correctum
1532 2208 1696 2281 quid

477 2311 516 2371 6
584 2313 716 2385 Qui
764 2321 995 2374 autem
1045 2321 1213 2373 sunt
1257 2316 1327 2373 in
1376 2312 1681 2373 saltibus
1744 2321 1812 2371 et
1867 2310 2343 2372 siluestribus
2399 2311 2582 2373 locis

300 2418 652 2498 pascuntJ.
728 2419 923 2480 Delevi
972 2429 1130 2502 sunt,
1167 2420 1323 2499 quod
1373 2439 1445 2479 ex
1491 2420 1686 2480 littera
1733 2440 1764 2480 s
1810 2427 2046 2499 praeter
2094 2419 2362 2479 ordinem
2402 2421 2581 2480 inter·
2650 2439 2659 2445 ·

299 2530 489 2606 posita
538 2526 768 2586 videtur
814 2536 1009 2587 ortum
1059 2545 1214 2609 esse,
1273 2531 1380 2603 qui
1433 2536 1633 2588 autem
1690 2531 1749 2587 in
1810 2529 2064 2587 saltibus
2110 2533 2172 2586 et
2213 2528 2584 2587 silvestribus

300 2638 447 2696 locis
481 2641 766 2711 pascunt.
842 2653 975 2705 nam
1016 2634 1219 2695 eadem
1259 2644 1398 2696 sunt
1435 2635 1728 2695 silvestria
1766 2634 1890 2694 loca
1931 2643 1988 2693 et
2027 2626 2228 2716 saltuS,
2265 2635 2326 2693 in
2366 2633 2582 2712 quibus

302 2743 446 2819 ipsis
491 2751 761 2819 pastores
807 2760 1016 2820 greges
1062 2750 1330 2820 pascunt.

482 2844 516 2907 7
593 2845 780 2917 Quae
855 2850 923 2908 in
998 2867 1212 2928 opere
1288 2848 1533 2909 multis
1608 2848 2034 2927 regionibus
2109 2865 2243 2907 non
2326 2848 2585 2908 cedant

303 2954 511 3032 uiris]
563 2957 731 3028 Quae
779 2958 840 3015 in
888 2974 1086 3031 opere,
1132 2964 1198 3015 ut
1245 2959 1308 3016 in
1355 2960 1553 3017 multis
1602 2957 1953 3031 reqionibus
2000 2973 2119 3015 non
2167 2957 2392 3015 cedant
2435 2959 2585 3015 viris

305 3062 605 3123 Iucundus
654 3075 712 3121 et
760 3061 971 3122 deinde
1020 3062 1233 3142 reliqui
1281 3062 1557 3143 editoreS‚
1597 3081 1754 3138 quae
1802 3066 1862 3122 in
1910 3060 2100 3139 opere*
2140 3064 2338 3123 multis
2385 3065 2582 3137 reqio-

303 3171 477 3229 nibus
522 3187 644 3230 non
689 3171 914 3228 cedunt
958 3172 1105 3229 viris
1152 3168 1422 3231 Ursinus·

478 3273 518 3336 8
586 3274 677 3334 De
735 3276 1104 3336 nutricatu
1161 3276 1291 3336 hoc
1350 3276 1507 3336 dico
1570 3276 1847 3339 easdem
1909 3277 2061 3334 sere
2126 3283 2193 3334 et
2259 3276 2582 3334 nutrices

305 3391 369 3442 et
417 3391 677 3442 matres
724 3382 942 3441 semel
990 3382 1205 3443 simul
1252 3385 1515 3462 aspicit
1561 3382 1641 3442 ad
1692 3381 1821 3459 me]
1862 3385 2061 3443 Semel
2093 3380 2309 3442 delevit
2345 3375 2584 3442 Merula.

306 3492 540 3551 easdem
582 3488 722 3564 fere
767 3498 824 3550 et
870 3493 1142 3551 nutrices
1189 3499 1246 3551 et
1292 3498 1532 3550 matres.
1635 3490 1981 3551 Tremellius
2025 3493 2207 3549 simul
2248 3493 2468 3566 aspicit
2503 3492 2590 3550 ad

305 3615 392 3657 me
445 3596 602 3657 edita
658 3596 795 3656 inde
854 3596 926 3656 ab
984 3597 1191 3658 Aldina
1247 3597 1506 3657 editione
1562 3597 1944 3676 exemplaria,
2002 3594 2102 3657 ubi
2161 3604 2385 3657 matres
2442 3615 2587 3671 esse,

303 3708 479 3764 simul
521 3706 743 3780 aspicit
787 3703 1064 3785 UrsinuS‚
1112 3713 1336 3765 matres
1384 3723 1511 3765 esse
1557 3683 1793 3778 melius,
1838 3707 2019 3764 simul
2061 3706 2283 3779 aspicit
2327 3701 2587 3780 Scaliger

305 3812 570 3871 coniecit.
650 3828 855 3871 verum
895 3810 1122 3870 viderat
1158 3811 1409 3871 Merula:
1460 3829 1588 3870 uam
1638 3812 1700 3870 in
1747 3809 2065 3888 archetypo
2105 3826 2240 3868 cum
2280 3806 2585 3867 emendata

305 3916 552 3978 lectione
599 3921 785 3979 simul
828 3920 1048 3997 scripta
1096 3929 1222 3977 erat
1270 3925 1547 3996 corrupta
1596 3921 1790 3978 semel.

479 4024 750 4084 Pueros
797 4042 971 4102 quos
1019 4022 1296 4083 alerant
1343 4023 1519 4083 alias
1567 4023 1895 4101 singulos
1932 4021 2109 4081 alias
2157 4018 2367 4079 binos
2405 4037 2586 4098 quae

306 4130 781 4192 ostenderunt
827 4130 1014 4190 fetas
1063 4141 1347 4191 nostras
1396 4148 1571 4209 quae
1628 4131 1698 4188 in
1756 4120 2081 4207 conopiis
2138 4129 2382 4186 iacent
2437 4126 2589 4185 dies

306 4237 577 4318 aliquot
633 4253 789 4296 esse
846 4235 1294 4313 leuuncidas]
1343 4238 1601 4297 Alerant
1644 4243 1705 4295 et
1751 4233 1963 4295 deinde
2010 4235 2402 4294 ostenderunt
2447 4251 2583 4312 apo-

308 4345 544 4423 grapha.
635 4362 848 4423 parum
898 4351 1171 4403 accurate
1219 4342 1542 4403 Politianus
1592 4342 1893 4420 archetypi
1950 4343 2302 4419 scripturam
2354 4338 2587 4398 adnota-

312 4453 413 4512 vit:
473 4469 607 4512 nam
667 4454 905 4511 alerent
951 4458 1010 4509 et
1072 4453 1395 4510 ostendunt
1436 4452 1498 4509 in
1545 4451 1810 4529 principe
1861 4447 2116 4507 editione
2163 4464 2279 4506 non
2329 4448 2590 4506 mutavit.

299 4578 524 4638 pueros
581 4576 730 4633 quos
787 4562 1024 4617 alerent
1067 4590 1152 4598 —
1200 4574 1358 4630 quae
1411 4558 1798 4615 ostenderent
1851 4534 2022 4614 edita¹
2061 4553 2197 4613 inde
2254 4551 2326 4611 ab
2380 4551 2587 4612 Aldina

413 4671 568 4709 VARR.
604 4679 708 4707 nnn.
740 4677 870 4706 Rvs'r.
927 4668 988 4705 ΙΙ.
2100 4661 2165 4706 14
