3178 5185
632 423 635 426 “
730 412 988 467 RERVM
1023 411 1496 467 RVSTICARVM
1537 409 1675 468 LIB.
1711 412 1738 465 I
1777 403 2022 461 51-54
2413 409 2539 473 189

257 582 405 660 quod
453 590 662 642 vocant
713 579 1046 659 plostellum
1097 581 1439 658 poenicum3
1486 579 1546 637 in
1597 596 1665 638 eo
1715 581 1849 658 quis
1896 579 2097 639 sedeat
2144 585 2321 656 atque
2360 579 2542 656 agitet

256 708 394 767 quae
463 689 694 750 trahant
757 689 1046 767 iumenta,
1124 695 1192 747 ut
1256 689 1316 746 in
1384 684 1663 763 Hispania
1714 688 2009 746 ¹aciteriore
2076 691 2134 744 et
2199 684 2330 743 aliis
2396 683 2541 744 locis

257 796 485 856 faciunt.
583 795 733 874 apud
803 795 946 855 alios
1013 795 1305 854 exteritur
1369 811 1547 871 grege
1613 794 2012 853 iumentorum
2077 792 2272 852 inacto
2329 800 2388 851 et
2446 789 2590 850 ibi2

255 898 462 980 agitato
512 904 772 984 perticiS,
823 902 978 981 quod
1029 899 1267 979 ungulis
1315 919 1347 960 e
1389 902 1551 979 spica
1589 907 1942 960 exteruntur
1981 915 2177 976 grana.
2270 900 2344 958 iis
2385 900 2541 959 tritis

210 1019 232 1059 5
255 1015 482 1087 oportet
530 1028 558 1069 e
605 1017 766 1069 terra
817 1008 1140 1069 subiectari
1176 1006 1344 1067 vallis
1382 1014 1485 1067 aut
1522 1005 1884 1087 ventilabriS,
1932 988 2066 1067 cum
2105 1013 2316 1068 ventus
2355 1007 2542 1086 spirat

254 1114 411 1176 lenis.
506 1118 583 1177 ita
632 1117 702 1176 fit
748 1124 816 1176 ut
864 1116 1019 1195 quod
1068 1115 1432 1175 levissimum
1479 1120 1571 1174 est
1610 1116 1670 1174 in
1710 1133 1780 1175 eo
1819 1122 1995 1194 atque
2035 1112 2360 1192 appellatur
2399 1131 2541 1173 acus

252 1242 322 1282 ac
369 1228 554 1299 palea
610 1230 938 1284 evannatur
994 1224 1152 1283 foras
1208 1229 1373 1282 extra
1431 1240 1628 1282 aream
1683 1240 1751 1281 ac
1798 1221 2188 1301 frumentum,
2246 1220 2402 1301 quod
2450 1229 2542 1281 est

253 1329 663 1412 ponderosum,
719 1348 933 1409 purum
992 1331 1187 1389 veniat
1242 1329 1313 1390 ad
1371 1328 1632 1390 corbem.
1723 1330 1903 1388 messi
1959 1329 2110 1388 facta
2166 1329 2535 1407 spicilegium
2575 1327 2701 1388 LIII

254 1438 444 1497 venire
495 1443 732 1516 oportet
779 1445 882 1496 aut
929 1436 1090 1496 domi
1135 1435 1334 1516 legere
1383 1436 1660 1516 stipulam
1700 1444 1819 1517 aut,
1868 1437 1917 1496 si
1957 1444 2099 1520 sunt
2140 1437 2336 1514 spicae
2375 1454 2542 1496 rarae

187 1554 229 1592 10
253 1552 306 1602 et
348 1562 559 1622 operae
608 1563 807 1626 carae,
854 1545 1157 1621 conpasci.
1196 1577 1199 1580 ·
1257 1562 1484 1604 summa
1534 1545 1691 1603 enim
1741 1542 2085 1624 spectanda,
2133 1561 2207 1603 ne
2255 1545 2317 1603 in
2365 1562 2430 1603 ea
2477 1562 2543 1603 re

250 1658 515 1729 sumptus
562 1652 827 1713 fructum
877 1658 1136 1730 superet.

416 1756 483 1816 In
530 1760 746 1818 vinetis
794 1777 903 1819 uva
952 1776 1086 1818 cum
1135 1759 1250 1818 erit
1298 1765 1547 1839 matura,
1596 1759 1950 1819 vindemiam
1999 1760 2078 1819 ita
2116 1758 2247 1818 fleri
2284 1765 2536 1839 oportet,
2575 1759 2696 1820 LlV

252 1870 312 1922 ut
361 1863 585 1946 VIdeaS,
644 1885 674 1925 a
734 1884 850 1944 quo
908 1883 1125 1943 genere
1181 1882 1428 1925 uvarum
1487 1872 1547 1925 et
1608 1884 1639 1924 a
1697 1884 1814 1944 quo
1870 1865 1998 1925 loco
2065 1866 2245 1925 vineti
2292 1866 2541 1944 incipias

255 1968 454 2048 legere.
548 1990 684 2032 nam
733 1982 792 2034 et
837 1991 1090 2053 praecox
1139 1979 1197 2032 et
1244 1971 1523 2053 miscella,
1577 1990 1754 2051 quam
1802 1979 2011 2032 vocant
2057 1973 2306 2052 nigram,
2354 1971 2539 2031 multo

193 2083 236 2124 ¹⁵
259 2084 382 2137 ante
428 2081 725 2160 coquitur,
777 2098 894 2159 quo
942 2081 1107 2158 prior
1154 2078 1416 2158 legenda,
1464 2086 1524 2138 et
1572 2097 1723 2157 quae
1770 2096 1907 2157 pars
1954 2078 2182 2139 arbusti
2230 2097 2297 2138 ac
2336 2080 2540 2138 vineae

256 2187 426 2263 magis
478 2189 707 2267 aprica,
762 2189 931 2265 prius
980 2186 1156 2246 debet
1203 2186 1564 2246 descendere
1614 2185 1685 2245 de
1734 2187 1867 2245 vite.
1956 2187 2019 2245 in
2067 2185 2356 2246 vindemia
2404 2182 2590 2245 dili-2

257 2296 433 2368 gentis
506 2313 620 2354 uva
691 2312 810 2353 non
875 2292 1066 2354 solum
1132 2293 1350 2371 legitur
1411 2296 1525 2353 sed
1583 2295 1766 2352 etiam
1830 2295 2108 2367 eliqitur:
2180 2296 2404 2367 legitur
2467 2292 2536 2352 ad

387 2489 417 2536 6
454 2485 521 2536 ut
559 2485 709 2551 quod
746 2482 1089 2537 levissimum
1129 2484 1216 2537 est
1242 2482 1389 2538 Non.
1416 2500 1471 2551 p.
1503 2487 1595 2549 19,
1623 2485 1702 2537 20
1850 2487 1915 2536 16
1954 2481 2146 2551 aprica.
2181 2481 2336 2551 prius
2374 2482 2544 2537 debet

259 2569 579 2628 descendere
615 2573 766 2628 Non.
796 2589 858 2643 p.
896 2575 1020 2639 444,
1055 2576 1131 2628 26

386 2756 412 2803 1
460 2751 763 2822 poenicum
813 2750 926 2805 VB
971 2750 1232 2820 penicum
1269 2749 1325 2804 A
1468 2750 1526 2804 in
1574 2768 1641 2806 eo
1680 2751 1804 2819 quis
1852 2751 2046 2806 sedeat
2083 2751 2198 2806 ΡΒ
2244 2751 2303 2805 in
2341 2767 2407 2806 eo
2445 2751 2543 2820 qui

259 2838 429 2894 sedeat
465 2841 591 2894 Am
638 2841 696 2894 in
745 2855 811 2893 eo
866 2841 991 2909 quis
1030 2841 1188 2895 sedet
1221 2858 1253 2894 v
1285 2882 1298 2895 .
1327 2840 1558 2908 fortasse
1593 2841 1650 2894 in
1690 2858 1801 2909 quo
1848 2841 1972 2909 quis
2010 2841 2215 2894 sedeat
2373 2843 2543 2909 atque

260 2929 420 2996 agitet
453 2931 514 2984 Β
566 2929 751 2998 adque
789 2929 971 2998 agitet
999 2928 1112 2983 PA
1148 2932 1212 2985 ut
1249 2929 1429 2999 agitet
1465 2947 1497 2985 v
1642 2936 1673 2983 2
1713 2934 1775 2983 ut
1820 2931 1879 2983 in
1923 2929 2184 3000 hispania
2218 2947 2313 2985 mv
2351 2931 2450 2985 aut
2484 2929 2544 2983 in

258 3015 499 3091 hispania.
549 3019 670 3072 ΡΒ
716 3021 780 3072 ut
826 3018 884 3071 in
932 3018 1129 3087 spania.
1172 3017 1229 3071 A
1383 3027 1414 3073 3
1471 3019 1625 3089 apud.
1680 3018 1793 3073 VB
1841 3021 1980 3088 aput
2023 3020 2080 3072 A
2235 3025 2268 3072 4
2323 3019 2541 3088 agitato

259 3107 464 3172 perticis
502 3108 620 3161 PA
660 3124 690 3161 c
729 3106 913 3177 agitat
950 3106 1215 3176 operticis
1253 3109 1309 3162 Β
1347 3107 1528 3178 agitat
1565 3125 1595 3162 e
1633 3109 1862 3178 perticis
1900 3124 1932 3162 v
2039 3109 2271 3176 sortasse
2308 3124 2541 3176 quorum

259 3232 464 3300 ungulis
561 3192 840 3286 efferuntur
875 3232 931 3284 Β
1039 3231 1189 3286 tritis
1225 3234 1655 3302 superscriptum
1691 3235 1754 3288 in
1790 3233 1846 3288 A
1953 3239 1984 3288 5
2025 3231 2327 3287 subiectari
2360 3232 2544 3286 PAR

261 3317 551 3377 subiactari
586 3339 621 3376 v
750 3322 904 3392 cum]
945 3326 1050 3377 cii—n
1088 3322 1142 3375 A
1271 3322 1448 3392 spirat
1495 3322 1608 3377 VA
1646 3323 1820 3391 spiret
1857 3324 1913 3376 Β
2038 3330 2069 3378 6
2108 3339 2239 3376 acus
2278 3338 2343 3375 ac
2379 3323 2547 3391 palea.

263 3413 559 3466 euannabur
595 3410 822 3465 Nonius
850 3428 910 3480 p.
951 3418 1041 3479 19,
1077 3417 1155 3469 29
1195 3428 1328 3465 acus
1367 3414 1717 3467 euannuatur
1754 3411 1867 3465 ΡΒ
1906 3429 2037 3466 acus
2076 3419 2182 3466 ena
2213 3414 2222 3481 Ι
2253 3413 2459 3465 nuatur
2490 3411 2546 3466 A

261 3512 374 3551 acus
411 3499 774 3555 euaminatur
808 3517 840 3553 v
880 3517 1014 3555 acus
1051 3503 1365 3555 euannatur
1398 3519 1452 3556 m
1482 3503 1525 3554 I
1523 3503 1808 3557 ueundus.
1835 3502 2242 3556 ‘Per-uetustum
2270 3503 2545 3570 exemplar

261 3585 635 3657 Euannuabur‚
683 3589 862 3644 habet’
914 3590 1191 3645 Victorius
1334 3597 1365 3644 9
1414 3588 1637 3645 uenisse
1673 3590 1730 3644 A
1879 3596 1943 3644 10
1981 3591 2264 3660 compasci
2312 3591 2364 3643 V
2397 3608 2543 3645 com·

262 3713 396 3778 passi
420 3716 545 3769 Am
575 3691 878 3785 compago&
908 3716 1002 3770 sed
1029 3715 1213 3770 deletis
1242 3716 1436 3770 litteris
1464 3714 1516 3769 ei
1543 3733 1682 3785 quae
1706 3716 2105 3786 superscriptae
2132 3721 2289 3770 erant
2316 3717 2369 3769 Β
2393 3726 2396 3729 ’
2480 3720 2545 3768 ssi

265 3816 456 3859 summa.
497 3804 557 3859 A
701 3814 762 3859 re
810 3807 1074 3874 superent
1118 3806 1375 3874 sumptus
1421 3804 1664 3860 fructum
1702 3806 1929 3875 superet
1965 3805 2021 3858 Β
2169 3810 2231 3859 11
2294 3803 2543 3874 superet]

266 3914 555 3981 sumeret,
593 3913 687 3967 sed
723 3931 780 3966 m
819 3913 1000 3967 littera
1036 3912 1208 3966 deleta
1243 3911 1300 3965 A

391 4008 450 4056 13
515 4003 652 4073 quo]
704 4018 769 4056 eo
815 4002 1002 4070 priore
1049 4002 1162 4056 loco
1199 4001 1255 4056 A
1301 4018 1436 4056 corr.
1478 4016 1587 4070 quo
1625 4000 1709 4055 A²
1892 4007 1957 4056 14
2011 4018 2141 4056 nam
2174 4004 2183 4071 1
2215 4017 2453 4071 praecox
2489 4000 2544 4053 A

389 4095 451 4144 15
507 4090 791 4160 coquitur¹
820 4090 933 4145 VA
987 4090 1290 4160 quoquitur
1335 4092 1391 4145 Β
1547 4097 1612 4145 16
1661 4089 1949 4160 diligentis
2001 4092 2118 4145 ΡΒ
2164 4089 2451 4164 diligentis
2490 4090 2547 4142 A
2595 4114 2598 4117 ·

269 4174 508 4249 diligenti
543 4198 600 4236 m
648 4178 978 4250 diligentius
1014 4197 1047 4234 v
1195 4186 1260 4233 17
1306 4196 1419 4234 non
1475 4180 1658 4234 solum
1703 4179 1911 4250 legitur
1956 4181 2053 4235 sed
2100 4179 2269 4235 etiam
2316 4181 2546 4251 eligitur

272 4264 331 4319 ad
384 4269 693 4326 uiuendum
765 4268 995 4338 eligitur
1050 4268 1122 4323 ad
1177 4268 1455 4322 edendum
1511 4270 1719 4323 codices
1770 4270 1952 4324 Nonii
1997 4287 2056 4338 p.
2114 4274 2245 4338 444,
2301 4275 2380 4325 29
2434 4288 2546 4325 non

200 4404 207 4411 .
272 4357 428 4413 solum
492 4360 715 4430 legitur
773 4359 845 4411 ad
908 4356 1213 4412 bibendum
1278 4357 1508 4427 eligitur
1562 4358 1635 4412 ad
1690 4358 1964 4413 edendum
2025 4359 2143 4412 PB
2196 4376 2310 4412 non
2366 4360 2547 4413 solum

272 4442 453 4514 legitur
497 4450 572 4504 ad
614 4446 929 4502 bibendum
967 4447 1088 4517 (sed
1124 4448 1251 4502 add.
1289 4447 1455 4516 A2m)
1496 4446 1720 4516 eligitur
1758 4448 1829 4500 ad
1870 4464 2023 4501 esum
2061 4449 2178 4500 Am
2215 4464 2325 4501 non
2365 4449 2545 4503 solum

272 4531 449 4603 legitur
482 4540 554 4594 ad
597 4534 912 4591 bibendum
952 4537 1050 4591 sed
1089 4536 1317 4614 eligitur
1353 4537 1425 4592 ad
1463 4534 1739 4590 edendum
1776 4553 1809 4589 v
1847 4570 1850 4573 -
