3178 5185
500 1363 749 1425 Catonis
791 1375 851 1425 et
878 1364 1158 1425 Varronis
1196 1364 1484 1425 librorum
1524 1365 1598 1425 de
1639 1383 1704 1424 re
1736 1366 1956 1426 rustica
1987 1363 2252 1423 codicem
2281 1364 2622 1442 antiquissi-

313 1491 484 1532 mum
545 1472 686 1532 olim
727 1475 787 1532 in
828 1471 1164 1533 Florentina
1208 1472 1333 1532 Divi
1374 1448 1554 1532 Marci
1595 1471 1947 1532 bibliotheca
1998 1471 2180 1530 fuisse
2229 1473 2450 1530 scimus
2489 1488 2623 1529 auc-

313 1578 562 1639 toribus
622 1578 846 1658 Angelo
902 1580 1190 1641 Politiano
1249 1590 1307 1638 et
1364 1579 1541 1639 Petro
1604 1578 1969 1640 Victorio.e
2028 1576 2245 1657 quibus
2301 1576 2626 1638 Politianus

312 1663 482 1746 anno
538 1683 710 1747 1482
763 1705 901 1746 eum
955 1687 1169 1747 librum
1219 1706 1354 1746 cum
1404 1688 1674 1765 principe
1724 1686 1982 1746 editione
2032 1686 2393 1763 scriptorum
2440 1683 2513 1743 de
2560 1702 2625 1743 re

315 1795 585 1873 rustica,
634 1792 900 1872 CatoniS,
947 1791 1256 1874 VarroniS,
1303 1792 1688 1872 Columellam,
1734 1791 2005 1871 Palladii,
2054 1809 2204 1870 quae
2251 1809 2404 1850 anno
2459 1786 2627 1850 1472

318 1897 593 1958 Venetiis
655 1899 812 1977 apud
858 1898 1165 1959 Nicolaum
1213 1899 1530 1961 Iensonum
1580 1900 1731 1961 facta
1781 1909 1933 1980 erat,
1991 1898 2242 1960 contulit
2288 1906 2348 1958 et
2393 1915 2626 1957 omnem

319 2007 668 2083 scripturae
706 2005 1163 2087 discrepantiam
1200 2010 1261 2068 in
1298 2010 1588 2087 impresso
1623 2007 1946 2087 exemplari
1975 2007 2272 2067 adnotavit
2296 2006 2627 2068 ‚Victorius

322 2122 530 2173 autem
559 2113 766 2174 eodeni
789 2114 993 2175 codice
1013 2114 1275 2176 adhibito
1296 2114 1403 2174 hos
1427 2114 1666 2176 Catonis
1689 2124 1748 2175 et
1770 2114 2051 2175 Varronis
2073 2114 2258 2174 libros
2278 2130 2432 2172 anno
2458 2107 2623 2171 1541

326 2218 610 2297 Lugduni
656 2221 809 2299 apud
861 2220 1275 2283 Sebastianum
1322 2221 1651 2301 Gryphium
1699 2222 1885 2282 edidit
1934 2230 1993 2282 et
2038 2224 2097 2281 in
2139 2217 2630 2299 explicationibus

328 2329 603 2406 proximo
643 2345 797 2388 anno
836 2338 972 2408 post
1009 2328 1228 2390 ibidem
1267 2329 1444 2389 editis
1484 2348 1659 2409 saepe
1699 2330 1980 2390 Marciani
2019 2328 2241 2389 codicis
2269 2327 2629 2386 mentionem

331 2435 473 2494 l‘ecit
528 2437 776 2514 eiusque
826 2435 1111 2497 lectiones
1160 2436 1473 2497 adnotavit.
1567 2446 1701 2497 ante
1753 2438 2173 2517 explicationes
2220 2443 2418 2495 autem
2465 2450 2631 2511 prae-

332 2541 570 2603 fationis
626 2542 757 2604 loco
816 2544 887 2605 de
942 2544 1114 2606 libris
1172 2564 1348 2607 manu
1412 2548 1680 2627 scriptiS,
1738 2545 1956 2627 quibus
2014 2563 2160 2606 usus
2217 2550 2336 2623 est»,
2393 2541 2633 2619 scripsit

332 2649 504 2730 haec,
564 2669 743 2731 quae,
797 2654 1075 2732 quoniam
1123 2655 1558 2714 accuratiorem
1609 2655 1827 2714 vetusti
1875 2652 2100 2713 codicis
2147 2653 2413 2712 notitiam
2462 2647 2629 2708 relic-

331 2765 444 2816 tam
497 2775 618 2817 non
666 2776 801 2818 esse
851 2759 1054 2839 video,
1104 2760 1198 2820 hic
1247 2760 1569 2839 repetenda
1619 2762 1838 2820 curavi.

466 2865 646 2925 Petri
702 2865 958 2928 Victorii
1001 2868 1459 2944 Explicationes
1505 2885 1759 2929 suarum
1810 2870 1873 2927 in
1920 2868 2221 2947 Catonem,
2281 2843 2655 2935 Varronem,'

339 2973 725 3033 Columellam
774 2977 1260 3050 castiqationum.

474 3081 636 3152 Quia
691 3082 856 3141 hunc
912 3083 1179 3143 laborem
1226 3100 1346 3144 non
1398 3086 1654 3158 inqenii,
1712 3090 1821 3142 aut
1869 3084 2191 3143 doctrinae
2237 3080 2634 3141 ostentandae

334 3204 544 3262 causa,
573 3190 686 3248 sed
712 3190 999 3264 optimum
1029 3197 1360 3264 auctorem,
1391 3193 1641 3265 eiusque
1668 3192 1967 3250 studiosos
1980 3189 2345 3249 ’adiuuandi
2367 3188 2635 3261 suscepi:

334 3297 514 3370 cupio
572 3297 637 3355 in
687 3297 905 3370 primis
954 3298 1140 3368 sidem
1196 3314 1388 3357 meam
1438 3299 1714 3373 probari.
1809 3299 1962 3356 Nam
2017 3298 2075 3356 si
2128 3296 2452 3355 mediocris
2500 3295 2632 3352 dili-

328 3404 578 3474 yentiae
625 3404 867 3462 laudem
913 3407 1159 3478 assequi
1184 3411 1463 3484 potuerO,
1510 3421 1630 3464 non
1663 3402 1909 3478 frustra
1946 3404 2096 3463 mihi
2133 3405 2194 3462 in
2234 3408 2356 3461 tam
2394 3403 2636 3460 molesto

334 3512 575 3584 neqotio
632 3515 915 3570 uersatus
970 3512 1243 3571 uidebor.
1345 3512 1573 3583 Quibus
1631 3513 1821 3586 iqitur
1878 3512 2131 3570 auxiliis
2187 3523 2332 3568 usus
2385 3511 2523 3587 sim,
2579 3513 2639 3565 et

334 3618 628 3690 quomodo
692 3633 787 3676 me
852 3619 914 3676 in
970 3618 1091 3678 hac
1151 3636 1223 3677 re
1273 3619 1594 3693 qesserim,
1663 3619 2022 3695 explanabo.
2127 3617 2378 3676 Auxilia
2438 3621 2634 3674 autem

350 3723 581 3782 Vetusti
622 3724 771 3783 libri
807 3722 1084 3798 fuerunt,
1132 3727 1264 3784 sine
1309 3725 1527 3801 quibus
1572 3743 1651 3785 ne
1700 3727 1840 3786 dum
1887 3726 2003 3785 hoc
2044 3741 2193 3800 opus
2231 3739 2638 3797 aqqressurus

333 3828 585 3903 fuerim,
650 3832 764 3889 uix
826 3832 935 3891 bos
1002 3848 1212 3892 rerum
1278 3834 1657 3893 rusticarum
1722 3834 2083 3909 scriptores,
2148 3835 2216 3889 ut
2280 3831 2638 3889 accuratius

340 3939 614 4012 leqerem,
654 3940 717 3996 in
756 3954 971 3997 manus
1009 3955 1276 4013 unquam
1304 3941 1630 4015 cepissem:
1651 3941 1877 4000 omneis
1907 3941 2067 3998 enim
2096 3939 2355 3997 omnium
2385 3941 2639 3995 conatus

340 4046 483 4125 sine·
530 4047 775 4105 illorum
840 4062 951 4121 ope
1017 4052 1126 4105 aut
1189 4048 1399 4106 irritos
1461 4065 1615 4120 esse,
1684 4053 1794 4106 aut
1841 4063 2067 4122 parum
2117 4044 2420 4122 progredi
2463 4058 2641 4116 posse

337 4157 494 4224 puto.
603 4151 1075 4213 Vetustissimum
1122 4156 1400 4213 uolumen
1448 4160 1538 4213 est
1585 4157 1645 4213 in
1695 4156 1830 4213 diui
1876 4154 2086 4213 Marci
2131 4151 2519 4228 bibliotheca,
2576 4151 2636 4207 in

343 4274 453 4330 quo
492 4258 575 4317 M.
623 4259 870 4318 Catonis
915 4278 1072 4320 unus
1118 4261 1276 4319 liber
1324 4265 1427 4334 est,
1483 4278 1657 4335 quem
1705 4263 1781 4321 de
1818 4261 1912 4321 Re
1959 4262 2195 4320 rustica
2240 4259 2532 4332 scripsit:
2562 4273 2639 4314 ac

344 4370 461 4424 tres
519 4366 601 4424 M.
659 4365 930 4426 Terentii
986 4366 1305 4441 VarroniS,
1364 4367 1597 4428 Rerum
1666 4371 1804 4428 item
1869 4370 2262 4427 rusticarum.
2356 4365 2417 4423 Is
2482 4381 2639 4422 unus

346 4474 513 4546 liber,
551 4479 621 4533 ut
657 4490 875 4532 uerum
908 4471 1137 4549 fatear,
1177 4480 1236 4534 et
1280 4480 1348 4533 ut
1385 4477 1551 4535 ueris
1580 4476 1864 4534 laudibus
1896 4477 2088 4550 ipsum
2116 4488 2342 4546 ornem,
2379 4472 2641 4529 maiores

344 4581 488 4639 mibi
534 4583 833 4640 utilitates
871 4582 1187 4660 praebuit,
1241 4598 1421 4654 quam
1472 4584 1752 4640 uniuersi
1795 4584 1932 4640 alii:
1989 4586 2244 4656 superat
2291 4581 2446 4637 enim
2497 4578 2636 4634 reti—

2135 4678 2208 4733 a*

1276 4807 1280 4834 l

1205 4853 1280 4867 f„
