3178 5185
584 372 714 438 256
1239 381 1651 438 -COMMEN'1·.
1690 382 1769 437 IN
1805 381 2181 437 VARRONIS

577 541 937 615 pinquiores
977 541 1140 612 fiunt
1183 556 1363 613 quam
1421 542 1537 600 alii
1580 537 1905 620 VictoriuS‚
1953 537 2182 625 reliqua
2237 556 2309 597 ex
2355 534 2562 598 Aldina
2617 536 2876 598 editione

581 647 873 725 repetivit.
948 644 1021 705 de
1060 643 1351 706 columbis
1398 653 1617 726 tamen,
1657 664 1807 724 quae
1846 643 2040 723 pullos
2078 652 2447 724 pepererunt
2485 651 2545 704 et
2582 663 2702 705 una
2743 662 2875 705 cum

581 751 699 813 illis
747 751 1015 834 aluntur,
1059 751 1172 812 hoc
1220 752 1367 832 dici,
1414 751 1572 831 quod
1621 751 1871 813 candido
1918 750 2117 812 colore
2166 752 2343 831 fiunt,
2391 769 2511 813 non
2559 750 2634 812 de
2682 749 2877 831 pullis,

583 878 654 919 ex
702 860 987 919 feminino
1034 877 1253 938 genere
1300 862 1637 935 candidae,
1694 857 1851 937 quod
1908 866 2001 920 est
2053 860 2116 918 in
2171 856 2339 918 libris
2394 876 2572 919 manu
2622 859 2876 938 scriptiS‚

582 964 846 1044 intellegi
891 973 1144 1045 poterat.
1234 965 1347 1026 hoc
1393 967 1576 1044 igitur
1624 967 1903 1026 restituto
1952 966 2167 1043 scripsi
2223 968 2333 1041 qui
2377 967 2465 1025 ita
2511 968 2874 1040 educantur,

581 1075 842 1133 celerius
881 1075 1242 1149 pinquiores
1293 1076 1456 1147 fiunt
1508 1090 1689 1148 quam
1748 1075 1882 1148 alii,
1930 1078 1990 1133 et
2043 1073 2350 1133 candidae
2388 1075 2552 1146 fiunt
2588 1078 2876 1148 parentes

579 1197 806 1240 eorum.
898 1180 1131 1240 Romae
1181 1212 1259 1223 —
1309 1186 1569 1241 veneunt
1633 1181 1887 1240 ducenis
1951 1181 2221 1239 nummis.
2316 1178 2459 1239 dum
2525 1177 2676 1258 pulli
2741 1196 2870 1238 cum

580 1285 868 1347 matribus
914 1287 976 1346 in
1024 1285 1181 1347 nidis
1230 1285 1651 1365 relinquuntur
1707 1287 1899 1364 iisque
1950 1284 2190 1346 uberior
2248 1284 2418 1346 cibus
2476 1285 2763 1366 obicitur,
2812 1293 2868 1345 et

580 1389 835 1452 celerius
892 1391 1038 1472 pulli
1095 1394 1492 1472 pinguescunt
1552 1401 1613 1454 et
1670 1392 2014 1472 pinguiores
2076 1392 2253 1467 fiunt,
2301 1409 2477 1470 quam
2539 1393 2643 1470 qui
2704 1390 2871 1453 aliter

580 1480 838 1581 aluntur,
885 1507 945 1559 et
992 1507 1269 1578 parentes
1317 1518 1541 1579 eorum,
1592 1501 1869 1578 quoniam
1917 1516 2035 1560 una
2082 1518 2219 1559 cum
2266 1498 2383 1559 illis
2421 1500 2581 1560 domi
2630 1517 2872 1578 pascun-

580 1614 696 1687 tur,
744 1604 1028 1666 candidae
1076 1608 1243 1667 fiunt.
1336 1605 1550 1666 deinde
1600 1623 1751 1684 quae
1808 1605 1880 1665 de
1937 1594 2131 1684 pretio
2190 1603 2602 1666 columbarum
2658 1607 2873 1684 scripta

581 1720 747 1793 sunt,
794 1711 866 1772 de
916 1714 1076 1773 omni
1139 1730 1357 1792 genere
1412 1710 1712 1792 pullorum
1760 1709 2237 1773 columbinorum
2294 1711 2595 1773 dicuntur.
2689 1729 2874 1791 neque

581 1819 751 1880 aliter
798 1819 944 1880 haec
1001 1818 1296 1881 intellexit
1342 1817 1694 1901 Columella,
1741 1820 1844 1898 qui
1889 1817 2171 1879 Varronis
2228 1818 2405 1880 verba
2462 1818 2729 1880 breviter
2783 1839 2871 1880 ex-

580 1928 800 2007 pressit
844 1926 974 1987 VIII
1013 1924 1071 2007 8,
1110 1924 1151 1988 9
1198 1944 1339 1987 nam
1395 1933 1453 1987 et
1499 1928 1686 1988 octies
1733 1943 1895 1987 anno
1935 1930 2134 2003 pullos
2181 1928 2432 2004 educat,
2479 1929 2538 1988 si
2581 1935 2676 1988 est
2719 1929 2872 1988 bona

580 2037 828 2109 matrix,
867 2044 923 2095 et
954 2037 1173 2111 pretiis
1220 2051 1427 2095 eorum
1465 2036 1832 2094 dominicam
1870 2038 2114 2111 conplet
2148 2051 2382 2115 arcam,
2418 2036 2582 2095 sicut
2620 2037 2877 2095 eximius

580 2147 800 2203 auctor
855 2142 1113 2202 Marcus
1176 2141 1372 2202 Varro
1428 2143 1601 2202 nobis
1656 2143 1974 2217 adfirmat,
2031 2144 2141 2216 qui
2172 2161 2177 2165 ·
2185 2144 2467 2218 prodidit
2522 2144 2711 2202 etiam
2766 2144 2878 2202 illis

577 2250 988 2309 severioribus
1034 2249 1401 2324 temporibus
1441 2250 1632 2325 paria
1676 2250 1921 2324 sinqula
1966 2249 2207 2308 milibus
2252 2242 2518 2324 ‘sinqulis
2573 2251 2876 2310 sestertio-

579 2373 716 2416 rum
761 2358 940 2416 solita
985 2346 1211 2416 venire'.

621 2544 624 2549 .
762 2460 839 2524 11
907 2463 1047 2523 Iam
1094 2465 1311 2523 issem
1368 2470 1681 2542 emptum
1737 2464 2069 2523 emissem
2124 2461 2205 2522 ad
2264 2458 2536 2539 uillam]
2584 2462 2875 2524 Emissem

579 2569 720 2631 olim
765 2568 999 2651 inclusi,
1038 2577 1106 2631 ut
1152 2571 1512 2650 scripturam
1559 2568 1867 2649 archetypi
1913 2575 2444 2649 repraesentarem.
2519 2567 2628 2631 sed
2673 2587 2875 2631 verum

577 2696 710 2738 esse
769 2686 914 2757 puto
982 2676 1140 2757 quod
1197 2695 1268 2737 ex
1324 2676 1533 2737 Aldina
1600 2676 1862 2737 editione
1925 2686 2234 2755 receptum
2299 2684 2455 2758 erat,
2510 2680 2636 2737 iam
2706 2681 2875 2739 issem

581 2790 840 2860 emptum
887 2789 945 2845 et
981 2786 1270 2844 misissem
1317 2786 1404 2844 ad
1446 2785 1664 2845 villam.
1730 2801 1864 2842 nam
1914 2782 2144 2844 diversa
2192 2789 2333 2844 sunt
2371 2782 2497 2863 alia,
2545 2785 2609 2843 in
2660 2783 2873 2863 quibus

579 2908 715 2951 cum
777 2890 1011 2958 emendi
1065 2889 1246 2950 verbo
1292 2890 1654 2970 praepositio
1703 2891 1790 2951 ad
1838 2891 2100 2971 ponitur,
2147 2885 2301 2970 115,
2342 2886 2419 2950 11
2471 2891 2558 2951 ad
2611 2895 2871 2952 cultrum

579 2998 782 3058 bovem
829 3004 1036 3058 emunt
1078 3004 1139 3058 et
1185 2999 1273 3059 ad
1307 3000 1537 3059 altaria
1585 3004 1648 3058 et
1691 2996 1717 3056 I
1755 2994 1859 3080 22,
1897 2994 1939 3057 2
1987 2999 2044 3058 si
2087 3004 2286 3075 empta
2323 3003 2507 3059 erunt
2546 3001 2755 3075 potius
2792 2999 2903 3059 ad'

578 3107 916 3166 utilitatem.
2884 3097 2892 3103 '

759 3211 977 3283 Quasi
1041 3228 1216 3271 uero
1281 3212 1521 3289 inquit
1583 3212 1741 3290 pica
1807 3229 1946 3271 non
2012 3212 2083 3272 in
2148 3209 2327 3271 urbe
2382 3229 2666 3291 quoque
2733 3213 2873 3273 sint

579 3303 787 3377 multi
835 3315 1078 3377 antibe
1118 3314 1514 3376 columbari
1554 3317 1781 3395 quiin
1823 3316 2091 3395 tegulis
2138 3316 2404 3378 habent
2449 3337 2588 3379 non
2628 3319 2870 3380 uiden-

580 3433 697 3484 tur
743 3423 1008 3484 habere
1052 3424 1551 3503 peristeronas
1600 3442 1756 3484 cum
1805 3422 2092 3502 aliquod
2150 3441 2368 3502 supra
2416 3434 2704 3487 centum
2755 3428 2871 3487 mi-

579 3530 751 3591 lium
789 3521 1215 3591 sestertium
1244 3529 1557 3590 habeant
1592 3530 2183 3607 instrumentum]
2215 3532 2872 3594 ColumbariaMerula.

579 3639 761 3713 quasi
798 3669 887 3679 —
933 3639 1056 3697 sint
1099 3640 1302 3712 multi,
1349 3639 1731 3698 columbaria
1777 3641 1886 3713 qui
1930 3641 1993 3698 in
2039 3641 2257 3713 tequlis
2302 3641 2545 3701 habent.
2638 3659 2723 3701 an
2770 3643 2877 3702 tibi

577 3761 697 3805 non
744 3745 1027 3805 videntur
1083 3745 1312 3804 habere
1358 3762 1487 3823 sqq.
1535 3744 1865 3825 IucunduS,
1929 3762 2078 3823 quae
2133 3744 2406 3823 probavit
2453 3746 2874 3809 Schneiderus

580 3859 840 3911 veterem
880 3851 1243 3929 scripturam
1302 3869 1374 3911 ex
1430 3850 1751 3930 archetypo
1808 3852 2154 3912 restituerat
2199 3852 2514 3915 Victorius,
2607 3856 2671 3914 in
2729 3854 2874 3915 urbe

578 3975 817 4037 quoque
865 3964 1006 4018 sunt
1050 3956 1223 4017 multi
1268 3958 1675 4037 peristerones
1724 3976 1934 4020 eorum
1982 3959 2084 4037 qui
2130 3960 2193 4019 in
2252 3959 2464 4039 tegulis
2511 3958 2873 4023 columbaria

576 4064 814 4127 habent.
904 4063 1012 4125 sed
1058 4062 1272 4124 deinde
1318 4083 1456 4126 cum
1504 4068 1702 4141 aliqui
1749 4098 1823 4108 —
1877 4068 2145 4127 habeant
2203 4067 2444 4149 scripsi,
2498 4067 2553 4128 h.
2597 4087 2647 4129 e.
2696 4068 2873 4149 aliqui

579 4190 652 4231 ex
698 4173 772 4231 iis
820 4173 923 4249 qui
970 4170 1334 4232 columbaria
1380 4173 1443 4232 in
1489 4171 1707 4251 tegulis
1753 4172 1990 4255 habent,
2028 4191 2388 4253 quamquam
2435 4177 2672 4251 aliquot
2706 4176 2871 4237 video

579 4277 820 4339 defendi
866 4297 1070 4361 posse,
1118 4281 1171 4340 si
1227 4279 1300 4340 de
1358 4278 1740 4341 columbariis
1787 4281 2032 4358 dicitur,
2081 4300 2231 4361 quae
2278 4284 2542 4362 pretioso
2590 4293 2870 4364 apparatu

577 4387 870 4446 instructa
920 4394 1078 4448 sunt.

755 4491 957 4552 Emas
1024 4512 1282 4555 censeo
1344 4504 1412 4557 et
1468 4504 1852 4575 antequam
1910 4497 2256 4558 aedificas
2320 4516 2491 4560 rure
2549 4517 2867 4580 magnum
