3178 5185
888 430 1149 485 RERVM
1184 430 1664 487 RVSTIOARVM
1699 431 1837 486 LIB.
1874 432 1953 487 III
1992 430 2027 488 9
2468 423 2597 491 261

494 584 736 646 Gallos
783 592 1110 647 castrant
1156 595 1231 648 ut
1278 588 1424 648 sint
1468 588 1627 667 capi
1674 587 2011 649 candenti
2059 587 2252 648 ferro
2300 590 2598 650 inuren-

318 703 418 755 tes
465 693 545 754 ad
593 694 842 755 infima
888 712 1099 755 crura
1148 710 1373 773 usque
1421 693 1579 756 dum
1626 703 2003 775 rumpatur
2050 703 2117 756 at
2174 695 2356 774 quod
2405 704 2599 758 extat

313 802 518 863 ulcus
566 802 899 864 oblinunt
947 801 1199 882 figlina
1248 799 1475 880 creta]
1515 803 1908 880 Rumpuntur
1946 810 2006 864 et
2054 807 2317 866 illiniunt
2352 802 2594 865 Merula.

315 914 627 972 inurentes
665 912 945 972 calcaria
984 912 1070 970 ad
1115 912 1319 983 infima
1359 928 1570 992 crura,
1609 929 1797 987 usque
1834 914 1974 972 dum
2012 918 2380 989 rumpantur
2417 918 2598 988 atque

311 1025 475 1080 extet
520 1021 712 1100 ulcus,
758 1019 923 1093 quod
964 1018 1262 1078 obliniunt
1299 1020 1519 1092 fiqlina
1551 1022 1742 1078 'creta
1780 1017 2101 1100 IucunduS,
2149 1021 2460 1081 inurentes
2507 1022 2594 1081 in-

306 1130 455 1200 fima
494 1144 707 1202 crura,
738 1143 928 1201 usque
963 1128 1103 1186 dum
1142 1132 1525 1202 rumpantur,
1566 1143 1643 1187 ac
1682 1129 1848 1202 quod
1881 1133 2054 1188 extat
2089 1130 2264 1187 ulcus
2301 1128 2600 1188 obliniunt

304 1236 521 1309 fiqlina
597 1251 746 1294 cera
812 1232 1082 1294 Ursinus,
1175 1233 1234 1292 in
1302 1233 1598 1312 scriptura
1664 1232 1992 1316 archetypi,
2058 1251 2231 1313 quam
2297 1232 2595 1295 Victorius

308 1343 680 1423 restituerat,
728 1356 837 1420 pro
894 1347 984 1423 at,
1032 1338 1187 1419 quod
1244 1341 1305 1400 in
1361 1339 1470 1400 hac
1528 1340 1928 1421 descriptione
1983 1339 2180 1402 locum
2237 1344 2355 1412 non
2402 1339 2596 1417 habet,

307 1456 366 1510 et
412 1450 642 1529 scripsi,
691 1466 879 1523 usque
925 1450 1067 1508 dum
1114 1453 1437 1524 rumpatur
1484 1456 1542 1511 et
1586 1451 1752 1523 quod
1794 1454 1965 1509 extat
2001 1467 2131 1528 sqq.
2178 1447 2405 1528 reliqua
2453 1467 2593 1510 con-

306 1558 534 1617 iectura
572 1557 850 1635 temptari
887 1573 1005 1615 non
1045 1553 1355 1615 debebant.
1425 1573 1557 1615 nam
1598 1563 1659 1616 et
1697 1558 2005 1616 inurentes
2044 1558 2131 1616 ad
2166 1558 2372 1629 infima
2402 1574 2596 1617 crura

311 1682 429 1724 non
482 1663 738 1724 indicata
792 1670 985 1743 parte,
1034 1679 1183 1741 quae
1239 1663 1499 1723 inuritur
1553 1664 1615 1723 in
1672 1661 1977 1744 cruribus,
2024 1669 2187 1723 recte
2244 1662 2489 1745 dicitur,
2537 1673 2597 1726 et

309 1775 451 1833 dum
499 1777 842 1848 rumpatur,
888 1768 946 1833 h.
974 1788 1023 1831 e.
1064 1769 1205 1830 dum
1242 1777 1490 1849 ruptura
1531 1769 1650 1844 fiat,
1686 1787 1796 1848 per
1834 1788 1898 1830 se
1936 1771 2196 1849 ponitur.
2258 1753 2593 1832 accuratius

307 1876 626 1939 Columella
656 1877 784 1938 VIII
812 1875 874 1960 2,
901 1874 942 1938 3
981 1896 1106 1938 rem
1146 1876 1481 1958 descripsit,
1518 1895 1633 1938 nec
1670 1884 1867 1938 tamen
1909 1879 1975 1939 id
1999 1881 2329 1955 patiuntur
2358 1883 2595 1941 amissis

302 1987 691 2063 qenitalibus,
720 1988 832 2046 sed
853 1983 1031 2060 ferro
1060 1986 1361 2047 candente
1399 1987 1751 2046 calcaribus
1791 1988 2021 2066 inustiS,
2049 2004 2208 2061 quae
2237 2004 2372 2048 cum
2413 1990 2594 2063 iqnea

308 2097 370 2154 vi
403 2099 760 2171 consumpta
798 2098 956 2167 sunt,
988 2092 1167 2169 facta
1203 2096 1433 2169 ulcera,
1473 2095 1615 2153 dum
1653 2100 2109 2175 consanescant,
2132 2096 2393 2169 fiqulari
2418 2101 2592 2155 creta

301 2203 595 2262 linuntur.
670 2200 828 2261 unde
875 2199 1227 2281 interpolata
1273 2201 1492 2262 Adinae
1542 2200 1823 2262 editionis
1871 2199 2066 2284 lectio,
2114 2205 2425 2265 inurentes
2468 2208 2590 2265 cal-

303 2311 484 2369 caria
532 2310 621 2369 ad
664 2310 872 2382 infima
918 2326 1131 2391 crura,
1177 2311 1361 2388 petita
1409 2318 1516 2370 est.

478 2412 523 2476 4
587 2413 722 2485 Qui
769 2423 1053 2495 spectat
1099 2425 1174 2477 ut
1221 2416 1824 2478 ornithoboscion
1870 2417 2280 2497 perfectum
2336 2416 2594 2479 habeat

302 2524 403 2585 sic
451 2521 628 2583 licet
673 2541 935 2603 genera
984 2527 1048 2587 ei
1107 2526 1245 2586 tria
1300 2525 1610 2606 paranda
1666 2527 1966 2586 maxime
2023 2524 2391 2586 uillaticas
2447 2524 2590 2607 gal·

300 2631 486 2692 linas
555 2651 586 2692 e
653 2633 813 2711 quis
877 2632 949 2692 in
1010 2632 1325 2711 parando
1385 2633 1607 2712 eligat
1662 2641 1953 2713 oportet
2010 2634 2380 2712 fecundas]
2458 2637 2593 2697 Sint

298 2742 437 2801 licet
503 2742 628 2800 tria
687 2757 923 2817 qenera
981 2742 1276 2816 paranda
1340 2739 1580 2803 Merula.
1672 2745 1794 2803 sint
1838 2745 1982 2803 licet
2043 2745 2106 2803 ei
2158 2745 2282 2803 tria
2336 2761 2590 2825 qenera,

291 2848 585 2923 paranda
630 2850 894 2908 maxime
939 2849 1240 2909 villaticas
1282 2853 1549 2924 qallinas
1595 2855 1854 2930 oportet,
1907 2868 1940 2910 e
1985 2853 2154 2924 queis
2200 2854 2262 2910 in
2302 2852 2589 2927 parando

302 2957 489 3032 eliqat
518 2953 862 3031 foecundas
891 2953 1211 3039 IucunduS,
1238 2960 1360 3018 sint
1395 2960 1538 3018 licet
1568 2976 1806 3033 qenera
1844 2960 1985 3034 tria,
2007 2959 2360 3034 parandum
2391 2963 2589 3019 tamen

299 3066 600 3124 villaticas
640 3065 933 3140 qallinas,
981 3081 1014 3123 e
1060 3066 1194 3138 quis
1245 3067 1432 3139 eliqat
1478 3070 1715 3141 oportet
1752 3056 2091 3140 fecundas’
2108 3061 2378 3123 Ursinus
2468 3065 2592 3125 sint

301 3173 442 3233 licet
488 3171 666 3231 etiam
716 3168 1038 3252 VictoriuS,
1084 3171 1145 3229 in
1202 3170 1448 3249 reliquis
1504 3170 1811 3251 archetypi
1865 3172 2221 3250 scripturam
2278 3172 2590 3252 expressit,

304 3276 402 3338 ubi
453 3275 717 3356 Scaliger
762 3280 996 3339 scilicet
1050 3280 1111 3339 ei
1148 3296 1384 3353 qenera
1432 3280 1556 3339 tria
1605 3282 1957 3355 parandum
2015 3277 2396 3338 scribendum
2451 3295 2589 3337 con-

300 3386 452 3447 iecit.
546 3403 578 3445 e
628 3383 845 3464 quibus
893 3403 1099 3444 verum
1146 3393 1237 3445 est
1281 3389 1530 3460 scilicet,
1578 3384 1737 3465 quod
1787 3404 1857 3446 ex
1907 3393 2105 3446 vetere
2153 3385 2587 3469 emendatione,

303 3500 367 3554 ut
413 3492 666 3575 videtur,
714 3494 775 3553 in
823 3491 1056 3553 duobus
1104 3491 1410 3554 codicibus
1457 3492 1505 3553 Α
1551 3501 1612 3553 et
1660 3511 1718 3553 m
1767 3491 1999 3573 legitur.
2094 3511 2230 3554 nam
2287 3491 2361 3554 de
2417 3511 2587 3555 accu-

304 3602 487 3662 sativo
537 3603 836 3663 villaticas
877 3604 1143 3677 qallinas
1190 3609 1326 3681 post
1370 3600 1728 3680 gerundium
1792 3603 1985 3680 posito
2032 3599 2420 3661 dubitandum
2470 3620 2588 3661 non

302 3716 444 3790 erat,
481 3711 717 3770 scilicet
757 3727 994 3784 qenera
1043 3713 1104 3771 ei
1147 3713 1271 3771 tria
1312 3712 1623 3788 paranda,
1661 3712 1924 3771 maxime
1962 3712 2260 3770 villaticas
2301 3712 2586 3784 qallinaS.

476 3816 716 3877 Crista
763 3814 1030 3893 erecta]
1079 3817 1279 3878 Crista
1325 3823 1498 3879 recta
1539 3815 1789 3877 Ursinus
1828 3835 1899 3876 ex
1938 3814 2256 3876 Columella
2296 3813 2427 3875 VIII
2454 3812 2514 3898 2,
2546 3812 2585 3877 8

299 3927 485 3985 rectis
543 3926 863 3997 rutilisque
918 3926 1148 3998 cristis,
1213 3922 1291 3984 ib.
1330 3921 1370 3985 9
1427 3900 1499 3984 de
1557 3921 1722 4002 gallis
1767 3925 2049 3984 sublimes
2094 3925 2588 3997 sanquineaeque

184 4094 187 4098 ,
298 4049 411 4092 nec
457 4032 738 4105 obliquae
776 4033 1018 4091 cristae.
1094 4048 1339 4110 geopon.
1371 4029 1499 4090 XIV
1531 4027 1587 4106 7,
1618 4027 1659 4090 9
1708 4019 1801 4103 ὥς
1855 4024 2095 4091 ἐπίπαν
2141 4020 2270 4111 γὰρ
2319 4025 2393 4089 αἱ
2437 4025 2587 4103 ξαν-

298 4136 607 4214 θίζουσαι
653 4130 1395 4219 καὶπεριττοδοέκτνλοι
1440 4127 1555 4211 τὰς
1603 4128 1789 4211 ὄψεις
1826 4129 2114 4217 μεγάλας
2161 4133 2426 4217 ἔχουσαι
2465 4131 2584 4197 τόν

297 4267 364 4309 τε
419 4238 641 4326 λόφον
707 4238 1079 4326 ἐπηρμένον
1142 4238 1251 4305 καὶ
1319 4241 1394 4306 αἱ
1453 4236 1933 4325 μελανόπτεροι
1996 4237 2105 4304 καὶ
2170 4251 2308 4317 τοῖς
2363 4234 2586 4322 ὄγκοις

299 4348 580 4435 μεγάλαι
627 4346 785 4424 τούς
829 4371 898 4413 τε
945 4342 1227 4433 ἄρρενας
1273 4346 1521 4435 ῥᾳδίως
1568 4352 1831 4413 οἴσουσι
1886 4344 1997 4412 καὶ
2053 4341 2220 4432 πρὸς
2268 4340 2587 4436 ᾠοτοκίας

301 4460 641 4543 κρείττους
686 4455 833 4520 εἰσί.

475 4563 516 4629 5
583 4564 820 4626 Gallos
869 4566 1142 4627 salaces
1190 4569 1309 4645 qni
1373 4566 1963 4628 anImaduertunt
2019 4568 2078 4628 si
2134 4575 2303 4629 sunt
2358 4568 2584 4630 lacer-
