3178 5185
848 416 1108 471 RERVM
1144 416 1624 472 RVSTICARVM
1663 417 1798 472 LIB.
1837 419 1863 472 I
1903 417 1939 472 2
2307 448 2318 465 ι
2456 412 2538 476 15

294 569 437 630 modo
479 572 904 649 interpretatus
943 574 1020 632 sit
1059 591 1207 651 quae
1248 571 1320 632 de
1358 572 1585 632 Licinio
1634 572 1788 651 apud
1828 572 2150 633 Varronem
2190 576 2412 654 scripta
2451 578 2535 635 in-

297 685 514 758 venerat,
544 679 807 755 Ideoque
837 686 975 755 post
1011 699 1186 755 reyes
1224 688 1474 741 exactos
1502 681 1835 740 Liciniana
1875 683 1979 739 illa
2017 688 2263 757 septena
2301 685 2536 758 iuqera,

293 803 419 858 quae
452 787 612 861 plebi
654 788 937 848 tribunus
982 791 1208 848 viritim
1257 791 1579 868 diviserat,
1628 790 1890 848 maiores
1937 796 2220 862 quaestus
2268 793 2536 864 antiquis

294 897 536 968 retulere,
581 913 763 968 quam
809 914 976 957 nunc
1020 898 1191 957 nobis
1231 899 1534 973 praebent
1576 898 1948 971 amplissima
1994 904 2278 957 vetereta.
2364 904 2535 956 tanta

291 1002 490 1073 quidem
551 1001 768 1062 Curius
825 1003 1125 1064 Dentatus
1177 1037 1251 1046 —
1312 1022 1502 1080 supra
1560 1006 1943 1063 consularem
1999 1006 2538 1080 triumphalemque

288 1104 560 1179 fortunam
598 1112 842 1185 putavit
885 1128 1014 1170 esse
1062 1113 1503 1187 repudiatoque
1541 1111 1790 1187 publico
1836 1128 2087 1171 munere
2126 1114 2419 1187 populari
2458 1129 2535 1170 ac

286 1214 483 1287 plebeia
525 1232 811 1275 mensura
858 1224 1175 1277 contentus
1218 1217 1357 1293 fuit.
1450 1216 1521 1277 ab
1580 1218 1896 1277 artificiosa
1955 1226 2149 1278 autem
2208 1217 2533 1279 subtilitate

290 1317 552 1402 VarroniS,
599 1323 771 1382 cuius
817 1324 1070 1403 plurima
1118 1324 1382 1403 exempla
1430 1326 1491 1384 in
1540 1324 1634 1384 his
1682 1324 1848 1385 libris
1895 1334 2064 1408 sunt,
2110 1325 2365 1386 alienum
2414 1344 2531 1386 non

294 1435 379 1508 est,
405 1428 547 1506 quod
584 1430 871 1510 populum
912 1432 1284 1493 traductione
1315 1435 1375 1492 in
1414 1433 1610 1493 forum
1646 1433 1794 1494 facta
1834 1452 1866 1493 a
1904 1431 2144 1494 tribuno
2182 1436 2240 1493 in
2277 1433 2531 1494 debitam

294 1533 382 1593 sibi
421 1545 635 1613 partem
685 1541 856 1618 quasi
902 1540 962 1599 in
1016 1549 1260 1619 septena
1308 1542 1532 1621 iugera,
1572 1559 1724 1618 quae
1773 1550 1898 1601 tum
1946 1541 2165 1601 viritim
2212 1540 2336 1600 dari
2385 1540 2531 1600 sole-

294 1639 404 1701 bant
429 1638 577 1723 (nam
617 1663 647 1703 a
678 1644 931 1706 Romulo
972 1645 1108 1706 bina
1147 1649 1349 1725 iugera
1390 1648 1610 1707 viritim
1650 1646 1831 1707 divisa
1865 1666 1996 1708 esse
2038 1647 2246 1708 scribit
2276 1641 2535 1729 110‚2)‚

291 1747 493 1810 ductum
553 1769 682 1812 esse
741 1754 1048 1832 significat.
1143 1756 1341 1834 itaque
1400 1754 1471 1814 de
1528 1753 1594 1815 C.
1642 1754 1869 1814 Licinio
1928 1754 2167 1816 Stolone
2223 1755 2367 1814 haec
2423 1757 2534 1814 tria

287 1856 678 1941 praedicantur,
708 1861 969 1938 primum
1007 1860 1166 1940 quod
1207 1880 1361 1922 unus
1400 1880 1432 1921 e
1472 1860 1796 1922 maioribus
1835 1861 2024 1940 legem
2053 1863 2344 1940 agrariam
2383 1860 2534 1944 tulit,

286 1961 463 2024 deinde
505 1966 656 2044 quod
706 1969 834 2046 ipse
875 1967 1142 2046 diligenti
1188 1971 1313 2048 agri
1361 1968 1594 2030 cultura
1636 1968 1895 2028 Stolonis
1943 1986 2270 2046 cognomen
2321 1971 2531 2028 confir·

288 2073 446 2152 mavit,
481 2072 731 2154 denique
783 2073 939 2154 quod
989 2075 1255 2136 eiusdem
1304 2079 1498 2154 gentis
1545 2075 1824 2136 tribunus
1860 2074 1921 2135 C.
1960 2073 2223 2136 Licinius
2262 2074 2532 2157 CrassuS,

284 2177 410 2238 sicut
458 2180 678 2242 civibus
735 2183 797 2241 in
853 2181 1140 2243 divisione
1197 2201 1474 2262 agrorum
1532 2192 1692 2244 certa
1750 2185 1875 2261 agri
1929 2200 2067 2262 pars
2124 2180 2397 2263 dabatur,
2446 2184 2527 2243 ita

283 2284 466 2363 populo
508 2288 701 2348 sorum
749 2290 919 2368 quasi
965 2307 1139 2350 suum
1184 2309 1388 2369 agrum
1439 2290 1782 2370 adsignavit.

434 2391 507 2454 10
567 2396 898 2456 Alterum
945 2397 1290 2477 collegam
1339 2408 1533 2459 tuum
1581 2400 1851 2476 uiginti
1908 2398 2144 2458 uirum
2194 2399 2312 2475 qui
2356 2396 2528 2474 fuit]

287 2498 545 2576 Colleyam
591 2507 976 2565 triumvirum
1012 2504 1254 2587 Merula,
1293 2505 1598 2586 archetypi
1644 2507 1998 2585 scripturam
2039 2503 2320 2582 Angelius
2357 2508 2527 2566 resti-

281 2608 384 2667 tuit.
450 2608 767 2673 Varronem
825 2632 896 2673 eo
954 2632 1201 2674 munere
1250 2614 1520 2675 sunctum
1568 2632 1702 2673 esse
1763 2613 1942 2674 tradit
1988 2612 2215 2674 Plinius
2261 2613 2362 2671 Vll
2404 2611 2530 2676 176

291 2712 454 2777 Varro
496 2736 730 2795 quoque
777 2726 996 2780 auctor
1043 2729 1130 2781 est
1177 2723 1525 2796 viqintiviro
1582 2740 1647 2781 se
1693 2738 1877 2796 aoros
1925 2723 2232 2782 dividente
2286 2723 2531 2799 Capuae

279 2826 537 2891 quendam
581 2829 691 2902 qui
734 2828 1067 2901 efferretur
1107 2827 1251 2903 foro
1298 2831 1535 2888 domum
1581 2845 1882 2889 remeasse
1920 2830 2196 2905 pedibus.

421 2929 628 2992 Video
677 2933 812 2994 huc
859 2931 1150 3011 uenire]
1192 2935 1371 2995 Hunc
1410 2944 1706 3014 expuncta
1740 2955 1783 2996 n
1819 2934 2016 2995 littera
2045 2935 2110 3015 A,
2149 2938 2271 2997 huc
2298 2937 2527 3016 reliqua

279 3040 569 3119 apographa
616 3050 677 3101 et
724 3039 905 3101 editio
953 3043 1261 3123 princepS,
1308 3041 1410 3102 ubi
1458 3041 1789 3103 Politianus
1833 3062 1875 3103 n
1934 3041 2182 3124 addidit,
2230 3043 2333 3103 sed
2390 3043 2526 3104 sub-

279 3140 420 3203 ducta
463 3145 613 3208 linea
662 3150 902 3209 notavit.
997 3151 1059 3208 in
1106 3149 1430 3229 archetypo
1486 3152 1652 3211 hunc
1699 3149 1931 3210 videtur
1990 3151 2275 3229 scriptum
2324 3150 2525 3233 fuisse,

278 3259 445 3324 postea
489 3264 825 3316 correctum
871 3258 1012 3317 huc,
1085 3259 1249 3318 hunc
1296 3260 1504 3318 venire
1541 3256 1865 3318 Kettnerus
1913 3256 2140 3316 observ.
2180 3259 2242 3317 in
2281 3256 2524 3318 Varron.

282 3351 410 3419 Halis
452 3360 617 3424 1868
667 3383 723 3443 p.
769 3361 849 3424 12
895 3362 1176 3425 defendit.

421 3467 728 3530 Huiusce
774 3472 1062 3549 inquam
1106 3473 1413 3551 pomarii
1460 3490 1727 3532 summa
1775 3489 1979 3531 sacra
2018 3472 2128 3531 uia
2169 3471 2289 3531 ubi
2325 3491 2525 3550 poma

280 3586 554 3637 ueneunt
584 3589 838 3638 contra
868 3597 1112 3639 aurum
1144 3576 1406 3656 imago]
1432 3580 1704 3640 Huiusce
1725 3582 2267 3655 inquampomaria
2294 3598 2524 3641 summa

279 3692 429 3741 sacra
462 3688 572 3760 via,
614 3687 724 3745 ubi
758 3702 940 3762 poma
980 3693 1253 3768 veneunt,
1292 3693 1511 3747 contra
1549 3704 1806 3748 auream
1846 3690 2167 3761 imaqinem
2205 3686 2523 3762 IucunduS,

281 3782 492 3850 huiusce
534 3794 781 3867 inquam
830 3796 1115 3868 pomaria
1169 3811 1400 3854 summa
1459 3812 1648 3854 sacra
1696 3797 1822 3872 via,
1880 3796 1988 3854 ubi
2030 3813 2213 3871 poma
2268 3804 2525 3856 veneunt

277 3902 459 3956 contra
510 3916 758 3975 aurum,
819 3903 885 3960 id
937 3907 1025 3960 est
1079 3918 1326 3981 maqno,
1371 3901 1476 3961 sed
1536 3900 1748 3961 deletis
1805 3900 2001 3961 verbis
2051 3905 2118 3962 id
2173 3910 2262 3963 est
2304 3920 2521 3977 maqno

283 4003 537 4081 tamquam
576 4007 947 4089 glossemate,
988 4006 1265 4087 Scaliger.
1317 4017 1573 4068 veterem
1624 4008 1939 4069 lectionem
1976 4012 2229 4069 restitui.
2294 4028 2520 4068 summa

282 4119 416 4167 sacra
475 4114 584 4196 via,
648 4113 752 4174 ubi
825 4133 997 4194 poma
1072 4117 1274 4175 venire
1350 4114 1618 4175 solebant
1685 4110 1889 4196 (Ovid.
1946 4124 2054 4176 art.
2111 4135 2218 4176 am.
2275 4115 2327 4174 11
2374 4112 2519 4196 266,

282 4225 424 4276 carm.
465 4223 641 4300 priap.
680 4219 785 4302 21,
824 4218 892 4302 3)
951 4224 1266 4301 imaginem
1330 4222 1617 4302 praebere
1685 4222 1902 4284 dicitur
1957 4225 2202 4301 pomarii
2261 4221 2518 4284 Scrofae.

283 4332 586 4404 quamquam
616 4397 622 4402 ,
652 4331 848 4409 aptius
923 4349 1053 4390 esse
1128 4329 1316 4389 videri
1389 4338 1622 4409 poterat
1693 4330 1848 4409 quod
1921 4328 2059 4389 olim
2133 4332 2520 4412 conieceram,

286 4423 496 4493 huiusce
549 4440 795 4511 inquam
844 4440 1188 4513 pomarium
1253 4456 1520 4499 summae
1572 4456 1797 4498 sacrae
1841 4440 2000 4512 viae,
2054 4438 2163 4496 ubi
2198 4454 2378 4513 poma
2425 4456 2520 4496 ve-

285 4544 435 4596 neunt
483 4551 692 4604 contra
759 4563 1005 4622 aurum,
1071 4548 1285 4621 imaqo.
1379 4544 1628 4605 ablativo
1689 4563 1828 4604 casu
1894 4562 2124 4604 summa
2179 4562 2364 4604 sacra
2419 4547 2518 4604 via
