3178 5185
593 395 720 459 180
1274 403 1656 460 COMMENT.
1694 405 1774 458 IN
1812 404 2188 459 VARRONIS

581 561 864 635 protinus
928 561 1162 619 amittit.
1254 576 1396 618 nam
1468 562 1526 619 si
1589 561 1857 634 patiaris
1932 577 2064 619 eum
2141 577 2179 618 a
2254 561 2493 619 recenti
2563 563 2877 621 curatione

579 664 873 741 seminam
920 669 1095 741 inire,
1144 673 1379 726 constat
1425 684 1505 726 ex
1551 683 1620 726 eo
1659 684 1838 742 posse
1879 669 2192 741 qenerari.

768 770 851 834 14
910 772 1159 852 ltaque
1208 772 1390 851 quod
1441 790 1557 832 eas
1606 780 1887 833 aestate
1936 772 2178 833 tabani
2225 773 2598 834 concitare
2647 775 2878 835 solent

586 890 653 942 et
718 879 1070 942 bestiolae
1137 879 1479 959 quaedam
1538 882 1852 940 minutae
1911 879 2038 941 sub
2097 880 2316 941 cauda
2376 879 2501 941 alii
2569 899 2650 941 ne
2714 900 2876 941 con-

585 991 907 1049 citentur
982 987 1204 1066 aliqui
1281 987 1521 1047 solent
1597 986 1978 1046 includere
2056 986 2324 1068 septis]
2385 990 2596 1063 Aliqui
2659 987 2875 1048 Merula

581 1097 877 1155 omiserat.
954 1094 1064 1155 hoc
1104 1096 1381 1154 restituto
1410 1093 1715 1154 Iucundus
1756 1097 1867 1154 alii
1903 1093 2135 1175 delevit,
2168 1112 2316 1173 quae
2350 1094 2527 1155 lectio
2565 1113 2637 1155 ex
2669 1094 2870 1155 Aldina

582 1202 841 1262 editione
889 1203 950 1260 in
1000 1200 1257 1280 reliquas
1303 1208 1624 1279 propagata
1665 1208 1773 1280 est,
1815 1202 2020 1275 itaque
2056 1203 2221 1275 quod
2254 1220 2359 1262 eas
2397 1208 2631 1263 aestate
2671 1203 2880 1262 tabani

582 1312 897 1370 concitare
959 1311 1149 1368 solent
1213 1314 1272 1368 et
1327 1308 1614 1367 bestiolae
1669 1309 1970 1382 quaedam
2027 1309 2294 1367 minutae
2346 1308 2459 1368 sub
2517 1309 2751 1382 cauda,
2805 1325 2878 1367 ne

581 1419 983 1495 concitentur,
1018 1391 1236 1489 'aliqui
1295 1417 1488 1474 solent
1534 1431 1665 1492 sqq.
1725 1416 1783 1473 in
1844 1413 2061 1493 quibus
2120 1421 2179 1474 et
2235 1416 2521 1476 bestiolae
2577 1416 2876 1489 quaedam

579 1527 850 1584 minutae
904 1524 1014 1583 sub
1062 1524 1268 1582 cauda
1329 1539 1446 1580 non
1504 1519 1701 1580 addito
1761 1518 1942 1580 verbo
1998 1520 2117 1580 dici
2173 1538 2291 1580 non
2346 1528 2599 1600 poterat.
2695 1539 2873 1600 quare

580 1630 885 1710 archetypi
932 1631 1290 1708 scripturam
1337 1629 1397 1687 in
1457 1627 1618 1687 hunc
1667 1626 1906 1687 modum
1964 1626 2299 1707 emendavi,
2343 1630 2454 1688 sub
2511 1630 2721 1689 cauda
2778 1631 2872 1702 ali,

578 1754 655 1795 ne
710 1738 1122 1810 concitentur,
1181 1737 1376 1809 aliqui
1427 1738 1635 1795 solent.
1727 1752 1861 1794 nam
1921 1734 1993 1794 de
2052 1732 2416 1815 vermiculiS,
2474 1737 2578 1814 qui
2630 1754 2702 1794 ex
2752 1737 2871 1794 ovis

579 1842 929 1903 tabanorum
975 1842 1085 1903 sub
1126 1842 1309 1902 cauda
1357 1840 1537 1901 houm
1577 1849 1925 1922 nascuntur,
1963 1841 2109 1901 haec
2148 1840 2425 1901 videntur
2464 1844 2688 1920 scripta
2727 1860 2870 1903 esse.

579 1968 933 2029 quamquam
983 1953 1071 2010 ali
1113 1947 1466 2009 insolentius
1506 1948 1726 2008 dicitur
1770 1947 1844 2007 de
1884 1946 2066 2007 rebus
2107 1965 2258 2026 quae
2296 1965 2404 2028 per
2442 1966 2507 2008 se
2545 1956 2871 2009 nascuntur

577 2066 637 2117 et
684 2066 981 2138 crescunt,
1030 2059 1186 2117 sicut
1233 2056 1501 2116 adnotavi
1550 2055 1574 2114 Ι
1618 2052 1719 2136 12,
1757 2053 1815 2116 2.
2869 2130 2885 2148 .

762 2161 843 2226 15
888 2166 1181 2225 Aestate
1230 2162 1307 2222 ad
1359 2179 1604 2242 aquam
1647 2160 2149 2241 appellandum
2198 2159 2308 2221 bis
2346 2160 2574 2222 hieme
2627 2161 2866 2239 semel]

577 2273 1012 2348 Appellendum
1059 2269 1303 2330 Merula.
1397 2270 1488 2329 bis
1535 2271 1661 2342 die,
1708 2271 1901 2329 hieme
1954 2271 2140 2329 semel
2191 2267 2446 2328 coniecit
2492 2266 2867 2329 Heidrichius

574 2376 915 2438 Varronian.
965 2378 989 2437 I
1036 2397 1098 2457 p.
1133 2374 1237 2437 38.

757 2482 836 2546 17
887 2483 1160 2556 Quibus
1209 2501 1341 2543 non
1392 2485 1566 2544 satis
1606 2481 1962 2562 praebent
2001 2479 2291 2558 matres]
2334 2482 2465 2542 Non
2503 2486 2657 2543 satis
2695 2486 2867 2544 lactis

567 2594 868 2668 praebent
913 2589 1236 2671 lucunduS‚
1286 2590 1441 2670 quod
1494 2588 1895 2651 Schneiderus
1943 2591 2188 2668 recepit.

755 2695 836 2759 18
902 2697 998 2757 De
1065 2700 1381 2758 sanitate
1449 2707 1620 2758 sunt
1676 2696 2041 2777 complura
2111 2715 2287 2776 quae
2354 2701 2724 2778 exscripta
2788 2698 2863 2758 de

572 2806 890 2883 magonis
956 2804 1168 2864 libris
1235 2806 1771 2865 armentarium
1816 2823 2041 2864 meum
2116 2803 2375 2864 crebro
2442 2813 2517 2867 ut
2593 2805 2860 2885 aliquid

572 2912 763 2998 lega-t
811 2911 1009 2989 curo]
1064 2914 1136 2973 Ut
1182 2915 1420 2987 aliquid
1463 2915 1538 2973 de
1584 2931 1654 2973 eo
1702 2916 1866 2987 leqat
1912 2930 2063 2972 curo
2102 2910 2344 2992 Merula,
2391 2919 2459 2972 ut
2504 2915 2671 2987 leqat
2715 2928 2861 2973 curo

572 2999 828 3081 coniecit
867 3020 1185 3080 GesneruS.
1264 3022 1706 3080 armentarium
1752 3035 1947 3079 meum
1984 3021 2231 3094 habere,
2269 3022 2489 3081 crebro
2527 3026 2596 3080 ut
2634 3021 2864 3095 aliquid

571 3131 751 3208 leyat,
789 3145 941 3188 curo
981 3125 1118 3187 olim
1158 3121 1407 3206 conieci,
1444 3133 1762 3205 propterea
1802 3125 1960 3205 quod
1999 3130 2232 3203 scripta
2268 3129 2499 3187 habere
2546 3126 2619 3185 de
2660 3126 2857 3186 eadem

570 3252 635 3293 re
694 3237 930 3312 saepius
991 3234 1206 3314 legitur
1262 3233 1314 3292 II
1358 3233 1414 3314 1,
1452 3229 1555 3294 23.
1605 3230 1665 3313 2,
1703 3230 1808 3295 20.
1858 3229 1915 3314 7,
1957 3230 2057 3295 16.
2111 3231 2209 3315 10,
2251 3231 2352 3294 10.
2444 3232 2607 3293 nolui
2668 3242 2857 3293 tamen

568 3339 880 3400 lectionem
945 3340 1247 3421 archetypi
1324 3347 1580 3420 mutare,
1648 3342 1707 3400 in
1783 3358 1898 3418 qua
1972 3341 2343 3401 accusativus
2419 3343 2856 3401 armentarium

571 3463 767 3507 meum
814 3465 949 3506 cum
1014 3446 1193 3507 verbo
1250 3464 1402 3507 curo
1463 3449 1820 3507 coniunctus
1882 3453 1997 3527 est,
2048 3449 2286 3522 aliquid
2343 3455 2538 3507 autem
2599 3446 2869 3509 adverbii.

566 3552 696 3614 loco
761 3555 1050 3634 positum,
1108 3555 1280 3615 cuius
1338 3572 1484 3614 usus
1540 3552 1807 3632 exempla
1861 3553 2015 3634 apud
2074 3552 2419 3615 Ciceronem
2476 3551 2746 3616 Halmius
2799 3557 2856 3614 in

567 3659 754 3721 Cicer.
801 3680 857 3741 p.
908 3659 1059 3722 Sest.
1098 3658 1158 3743 4,
1200 3658 1284 3722 10
1327 3661 1624 3722 indicavit.

740 3766 1083 3828 Minorem
1151 3776 1271 3829 aut
1335 3770 1671 3829 maiorem
1748 3786 2113 3829 numerum
2189 3765 2520 3846 gregum]
2595 3769 2856 3844 Grequm

563 3873 882 3935 delendum
930 3892 1061 3935 esse
1108 3873 1329 3953 Popma
1378 3873 1698 3956 adnotavit,
1743 3874 2119 3935 incluserunt
2157 3873 2459 3935 Gesnerus
2506 3882 2567 3934 et
2615 3874 2855 3936 Schnei-

561 3982 759 4043 derus,
852 3999 986 4041 nam
1053 3981 1124 4041 de
1191 4000 1440 4042 numero
1507 3989 1816 4042 taurorum
1881 3982 2028 4043 haec
2093 3981 2210 4042 dici
2271 3991 2543 4061 apparet,
2601 4000 2722 4043 non
2785 3982 2854 4041 de

561 4107 811 4150 numero
859 4106 1126 4168 gregum,
1175 4089 1275 4167 qui
1323 4097 1528 4168 postea
1576 4090 1876 4151 definitur.

734 4195 897 4256 Nam
956 4195 1138 4274 apud
1203 4214 1356 4257 eum
1414 4196 1551 4257 duo
1612 4198 1801 4257 tauri
1857 4198 1926 4256 in
1986 4198 2450 4276 septuaginta
2506 4195 2853 4258 matribus

558 4301 751 4379 sunt]
803 4304 986 4379 Apud
1028 4306 1292 4364 Atticum
1341 4322 1413 4363 ex
1461 4306 1804 4364 coniectura
1854 4302 2051 4363 Ursini
2097 4305 2315 4382 recepi.
2409 4322 2545 4363 nam
2604 4312 2663 4364 et
2708 4304 2847 4364 Atti-

559 4428 694 4470 cum
744 4418 805 4470 et
850 4412 1044 4489 ipsum
1094 4408 1404 4490 Vaccium,
1466 4412 1567 4488 qui
1624 4410 1770 4471 haec
1824 4410 2117 4491 loquitur,
2164 4410 2314 4471 duos
2369 4418 2575 4471 tauros
2637 4410 2846 4471 habere

559 4516 630 4576 ad
680 4519 1050 4594 septuaginta
1098 4519 1375 4577 matrices
1423 4517 1648 4578 dictum
1697 4528 1823 4578 erat
1870 4536 2050 4597 supra
2095 4516 2135 4594 ξ
2180 4514 2277 4579 12.
