3178 5185
581 439 711 504 276
1527 438 1900 496 VARRONIS

582 615 762 668 tatem
827 608 1062 685 ignorat
1130 609 1387 687 piscinas
1445 607 1728 689 Philippi,
1795 607 2104 688 Hortensi,
2172 604 2601 668 Lucullorum?
2702 625 2899 686 quare

476 715 548 775 IV
589 715 746 775 unde
794 714 938 775 velis
977 733 1070 774 me
1111 716 1393 795 incipere,
1440 716 1566 794 Axi,
1615 714 1727 774 dic.
1792 714 1914 796 Ille,
1961 714 2084 794 Ego
2126 732 2284 795 ver0,
2329 716 2541 796 inquit,
2591 722 2661 774 ut
2703 715 2900 794 aiunt,

584 829 717 902 post
771 823 1064 900 principia
1120 824 1180 881 in
1244 823 1481 901 castriS,
1544 822 1604 881 id
1671 828 1764 881 est
1828 821 1900 882 ab
1966 822 2060 881 his
2117 821 2485 901 temporibus
2548 840 2736 900 quam
2798 841 2895 881 su-

582 930 938 1010 perioribUS,
988 930 1145 1009 quod
1195 949 1265 989 ex
1316 928 1642 1008 pavonibus
1690 929 1922 989 fructus
1965 931 2281 1009 capiuntur
2329 931 2581 989 maiores
2633 947 2821 1007 quam
2865 948 2897 989 e

581 1036 829 1115 gallinis
931 1044 1110 1115 atque
1172 1035 1318 1096 adeo
1375 1054 1493 1097 non
1550 1035 1961 1111 dissimulabo,
2029 1037 2185 1115 quod
2245 1036 2372 1096 volo
2429 1036 2502 1096 de
2560 1036 2895 1097 ornithone
2952 1056 2975 1094 5

582 1146 868 1223 primum,
926 1143 1083 1221 quod
1141 1142 1294 1202 lucri
1352 1143 1625 1202 fecerunt
1671 1142 1783 1202 hoc
1833 1162 2048 1203 nomen
2098 1143 2274 1205 turdi.
2368 1146 2674 1222 sexaginta
2729 1146 2895 1205 enim

584 1249 739 1309 milia
788 1250 1079 1310 Fircelina
1128 1249 1388 1309 excande
1438 1267 1530 1309 me
1580 1250 1854 1309 fecerunt
1899 1250 2239 1329 cupiditate.

530 1360 566 1415 2
768 1356 1018 1435 Merula,
1068 1356 1191 1416 Duo
1238 1375 1456 1434 genera
1505 1364 1671 1437 sunt,
1718 1358 1937 1434 inquit,
1986 1357 2345 1437 ornithonis,
2393 1376 2579 1419 unum
2627 1358 2895 1418 delecta-

581 1465 762 1523 tionis
809 1481 1003 1543 causa,
1052 1472 1117 1524 ut
1158 1462 1340 1523 Varro
1388 1464 1485 1523 hic
1533 1463 1676 1523 fecit
1715 1471 1918 1523 noster
1958 1463 2068 1524 sub
2108 1464 2339 1545 Casino,
2388 1466 2542 1545 quod
2584 1475 2894 1526 amatores

581 1571 806 1629 invenit
865 1568 1111 1649 multos3
1175 1569 1423 1629 alterum
1487 1571 1718 1630 fructus
1766 1589 1973 1651 causa,
2022 1589 2139 1649 quo
2187 1590 2403 1650 genere
2451 1573 2783 1634 macellarii
2833 1582 2894 1634 et
2925 1589 2973 1629 ιο

582 1680 642 1736 in
698 1676 848 1737 urbe
909 1676 1149 1755 quidam
1195 1676 1416 1738 habent
1463 1677 1588 1737 loca
1638 1677 1837 1741 clausa
1884 1686 1945 1738 et
1988 1697 2131 1739 rure
2180 1681 2429 1740 maxime
2477 1681 2782 1742 conducta
2831 1682 2891 1740 in

584 1783 836 1863 SabiniS,
886 1783 1043 1863 quod
1093 1783 1176 1843 ibi
1224 1792 1468 1863 propter
1516 1787 1643 1862 agri
1682 1793 1952 1864 naturam
1992 1786 2337 1864 frequentes
2375 1796 2665 1866 apparent
2704 1788 2892 1848 turdi.

531 1895 663 1967 3ex
727 1893 801 1951 iis
862 1892 1023 1950 tertii
1080 1891 1316 1968 generis
1363 1890 1549 1950 voluit
1606 1909 1737 1950 esse
1792 1890 2077 1952 Lucullus
2132 1894 2518 1952 coniunctum
2575 1896 2892 1974 aviarium,

585 1996 740 2076 quod
799 1997 941 2057 fecit
997 1999 1056 2056 in
1105 1996 1470 2079 Tusculano,
1527 2005 1595 2057 ut
1641 2000 1701 2057 in
1750 1998 1957 2058 eodem
2006 2007 2161 2059 tecto
2200 2000 2533 2060 ornithonis
2580 2001 2889 2062 inclusum

585 2103 909 2164 triclinium
966 2102 1237 2184 haberet,
1296 2103 1397 2163 ubi
1444 2103 1693 2163 delicate
1741 2106 2031 2165 cenitaret
2079 2114 2139 2166 et
2184 2105 2328 2166 alios
2378 2099 2603 2168 videret
2649 2109 2715 2168 in
2767 2127 2887 2169 ma·
2920 2120 2965 2162 15

582 2229 826 2271 zonomo
893 2213 1119 2289 positos
1185 2211 1631 2291 coctOS,·alios
1699 2211 1941 2272 volitare
2008 2214 2235 2272 circum
2301 2214 2590 2275 fenestras
2656 2227 2887 2294 captos

584 2319 741 2397 quod
789 2317 999 2378 inutile
1047 2320 1419 2378 invenerunt.
1488 2337 1623 2379 nam
1673 2337 1789 2378 non
1838 2328 2067 2380 tantum
2115 2322 2175 2380 in
2226 2339 2295 2380 eo
2343 2320 2546 2381 oculos
2585 2321 2890 2382 delectant

585 2427 739 2485 intra
808 2425 1097 2484 fenestras
1163 2444 1299 2485 aves
1366 2426 1705 2506 volitanteS,
1772 2434 2057 2505 quantum
2124 2427 2368 2488 offendit
2433 2428 2589 2507 quod
2649 2428 2888 2489 alienus

507 2531 549 2588 V
589 2531 735 2591 odor
791 2531 992 2611 opplet
1048 2550 1239 2592 nares,
1333 2532 1436 2592 sed
1495 2533 1654 2613 quod
1711 2541 1768 2594 te
1826 2532 1997 2592 malle
2055 2533 2339 2616 arbitror,
2386 2536 2520 2617 Axi,
2567 2535 2758 2596 dicam
2813 2536 2885 2597 de

583 2638 695 2697 hoc
772 2636 1146 2714 [ornithone]
1226 2639 1382 2717 quod
1449 2640 1681 2699 fructus
1748 2658 1923 2701 causa
1990 2641 2239 2722 faciunt,
2312 2642 2498 2722 unde,
2571 2661 2690 2701 non
2759 2642 2885 2722 ubi,
2914 2655 2962 2697 20

584 2752 902 2804 sumuntur
969 2745 1219 2823 pingues
1280 2746 1456 2806 turdi.
1557 2748 1741 2824 igitur
1799 2747 2062 2829 testudo,
2128 2757 2194 2808 ut
2250 2749 2595 2829 peristylum
2653 2756 2882 2810 tectum

585 2851 801 2930 tegulis
864 2858 968 2911 aut
1022 2860 1179 2926 rete,
1242 2853 1309 2913 fit
1364 2872 1599 2934 magna,
1656 2856 1719 2913 in
1775 2873 1888 2933 qua
1946 2854 2104 2914 milia
2160 2855 2384 2935 aliquot
2440 2856 2753 2918 turdorum
2813 2877 2881 2917 ac

533 2965 567 3020 2
591 2958 952 3019 merularum
999 2958 1305 3021 includere
1352 2962 1601 3040 possint,
1649 2960 1887 3039 quidam
1931 2981 2066 3022 cum
2104 2982 2174 3021 eo
2212 2963 2468 3024 adiciant
2504 2973 2742 3044 praeter
2782 2984 2883 3025 eas

728 3173 755 3219 1
804 3166 1137 3221 lucullorum
1187 3168 1237 3220 V
1269 3167 1583 3223 luculorum
1623 3169 1741 3223 Am
1776 3168 2108 3224 lucollorum
2144 3172 2201 3224 B
2327 3171 2539 3241 quare]
2581 3170 2664 3226 De
2702 3172 2883 3227 turdis

582 3258 645 3309 in
680 3257 928 3325 mar-,qim
963 3257 1189 3311 rubrica
1225 3258 1280 3310 A
1425 3263 1456 3311 2
1495 3257 1700 3312 uelisse
1736 3275 1827 3312 me
1863 3258 2147 3328 incepere,
2191 3261 2283 3315 sed
2320 3277 2380 3314 se
2417 3262 2646 3315 deletum
2681 3262 2737 3315 A

582 3344 765 3412 inquit
809 3344 919 3398 VB
962 3344 1159 3413 inquid
1197 3346 1252 3399 A
1445 3353 1477 3401 3
1522 3363 1556 3399 a,
1604 3347 2020 3416 postprincipiis
2059 3347 2303 3419 Scaliyer
2482 3349 2553 3404 ab
2598 3348 2687 3404 his
2734 3352 2876 3405 tem-

583 3484 814 3553 poribus
852 3487 991 3560 v‚ab
1029 3487 1097 3543 iis
1133 3486 1479 3556 temporibus
1522 3487 1705 3541 PAB
1876 3495 1907 3542 5
1945 3438 2150 3559 gallinis
2186 3490 2242 3544 A
2414 3493 2581 3561 atque
2632 3492 2744 3545 VB
2782 3493 2877 3547 ad·

583 3592 690 3643 que
727 3575 783 3628 A
919 3581 950 3629 6
991 3577 1096 3630 hoc
1132 3594 1203 3630 no
1238 3581 1245 3646 Ι
1276 3591 1479 3630 nomen
1519 3578 1572 3629 A
1707 3584 1736 3631 7
1775 3577 2012 3633 fircilina
2060 3578 2237 3632 VAB
2274 3579 2547 3634 fircellina
2585 3582 2879 3636 Iucwndus

682 3670 714 3717 8
741 3662 928 3733 inquit
953 3663 1062 3718 VB
1091 3665 1284 3731 inquid
1304 3665 1359 3717 A
1459 3665 1770 3720 ornithonis
1797 3665 1852 3719 V
1872 3667 2196 3723 ornithonas
2217 3669 2335 3721 AB
2439 3674 2505 3723 10
2533 3686 2643 3737 quo
2673 3686 2877 3740 genere

587 3786 649 3793 -
691 3752 886 3807 clausa
921 3754 984 3807 in
1020 3756 1266 3825 margine
1300 3755 1511 3822 scripta
1545 3755 1610 3808 in
1646 3756 1703 3808 B
1900 3761 1964 3809 13
2002 3773 2070 3811 ex
2107 3758 2177 3811 iis
2217 3758 2394 3812 PAB
2431 3774 2496 3812 ex
2534 3758 2621 3813 his
2658 3777 2691 3813 v

583 3860 840 3952 auiarium
868 3896 923 3949 A
1036 3901 1100 3949 17
1141 3912 1248 3949 nan
1285 3914 1395 3951 non
1425 3899 1665 3951 tamtum
1690 3897 1746 3952 A
1858 3904 1923 3951 19
1962 3859 2116 3969 οἷΙεή
2145 3901 2198 3952 A
2238 3899 2395 3968 oplet
2421 3919 2474 3955 m
2585 3902 2771 3957 dicam
2811 3903 2878 3957 de

583 4040 687 4093 hoc
738 4038 1032 4093 ornithone
1071 4037 1126 4090 P
1157 3987 1650 4093 dicamd'ornitlssne
1688 4039 1743 4092 A
1790 4039 1970 4095 dicam
2016 4040 2198 4111 primo
2238 4042 2305 4097 de
2342 4043 2450 4098 hoc
2488 4042 2787 4099 ornithone
2824 4047 2877 4100 Β

582 4128 767 4181 dicam
796 4126 977 4195 primo
1006 4125 1075 4180 de
1107 4126 1400 4181 ornithone
1428 4145 1459 4180 v
1570 4134 1639 4182 20
1670 4130 1818 4196 quod
1861 4129 1971 4182 VB
2000 4134 2036 4200 ᾗ
2072 4131 2122 4186 h.
2153 4147 2194 4183 e.
2224 4149 2392 4199 quam
2422 4132 2475 4186 A
2585 4132 2800 4189 fatiunt
2826 4136 2879 4190 A

689 4215 812 4286 ubi]
853 4215 950 4268 uui
987 4232 1122 4270 corr.
1164 4215 1260 4268 ubi
1299 4217 1354 4270 A
1391 4217 1494 4270 ulli
1529 4235 1582 4271 m
1691 4223 1756 4271 21
1796 4219 2035 4291 tectum]
2075 4222 2252 4274 tetum
2282 4221 2337 4274 A
2445 4227 2512 4275 22
2551 4225 2704 4278 recte
2743 4242 2876 4280 corr.

585 4307 701 4359 rete
730 4306 785 4359 A
822 4307 972 4359 recte
1010 4321 1062 4358 m
1206 4303 1424 4373 aliquot
1458 4307 1750 4361 turdorum
1779 4309 1875 4361 Bv
1914 4309 2143 4378 aliquod
2180 4311 2471 4365 turdorum
2502 4313 2557 4366 P
2586 4313 2878 4369 turdorum

583 4394 799 4461 aliquid
840 4411 977 4449 corr.
1010 4392 1230 4461 aliquot
1256 4396 1545 4448 turdorum
1573 4396 1630 4451 A
1773 4400 1994 4466 praeter
2023 4415 2117 4453 eas
2146 4417 2278 4454 aues
2307 4399 2447 4454 alias
2477 4402 2529 4453 A
2558 4407 2881 4471 praetereat

584 4500 718 4537 aues
757 4482 898 4536 alias
928 4484 984 4537 B
1022 4484 1242 4552 praeter
1279 4501 1346 4537 ea.
1383 4500 1514 4538 aues
1552 4484 1695 4540 alias
1729 4486 1783 4538 P
1816 4488 2046 4556 propter
2082 4488 2185 4542 has
2224 4506 2356 4544 aues
2396 4489 2536 4545 alias
2572 4509 2628 4545 m
2655 4497 2879 4562 praeter

582 4587 651 4625 ea
688 4570 828 4625 alias
865 4588 897 4625 v
