3178 5185
1473 412 1706 466 INDEX

446 558 477 611 Ι
506 575 614 629 pro
652 575 681 613 e
718 560 781 613 in
817 560 1010 627 verbiS,
1049 558 1287 613 resicare
1318 565 1402 614 85.
1464 559 1559 614 de·

515 647 755 701 litiscere
795 652 896 699 301

445 735 487 787 —i
534 737 598 789 in
653 737 893 792 ablativo
941 739 1131 792 tertiae
1176 739 1558 794 declinationis

514 830 583 877 25
642 829 645 833 ’
722 890 726 893 ,

444 913 487 965 -i
519 929 626 981 pro
662 912 729 967 -ii
758 915 821 967 in
857 917 1192 970 nominativo
1227 916 1444 984 plurali
1478 933 1554 971 se-

516 1003 727 1057 cundae
763 1005 1149 1060 declinationis
1185 1011 1216 1058 6

441 1090 517 1157 id,
557 1094 614 1145 et
649 1091 707 1144 id
751 1098 865 1147 151.
910 1097 1025 1148 156.
1100 1094 1161 1147 id
1197 1095 1283 1147 est
1321 1098 1386 1147 38

439 1178 590 1234 idem
627 1185 710 1235 25.
753 1187 835 1237 73.
875 1187 994 1237 281.
1035 1186 1137 1236 293

439 1268 568 1322 iUut
608 1274 672 1322 16

438 1357 494 1411 in
532 1375 654 1413 cum
691 1361 930 1416 ablativo
966 1361 1031 1415 de
1057 1366 1290 1429 tempore
1318 1365 1438 1416 273.
1490 1361 1555 1415 de

509 1449 622 1503 loco
658 1453 778 1504 288.
852 1448 910 1502 in
959 1464 1053 1516 e0,
1089 1450 1149 1504 in
1185 1466 1296 1516 quo
1334 1455 1417 1503 57.
1492 1448 1552 1501 in

508 1536 613 1592 hoc
650 1541 770 1592 283.
828 1554 950 1591 cum
988 1538 1299 1593 accusativo
1336 1540 1401 1593 de
1438 1539 1551 1593 loco

509 1629 590 1677 49.
640 1624 706 1678 de
740 1629 973 1694 tempore
1012 1632 1132 1682 179.
1189 1628 1252 1680 in
1288 1628 1549 1683 distribu-

506 1714 652 1767 tione
710 1719 826 1768 117.
910 1714 970 1768 in
1025 1714 1277 1770 ordinem
1334 1720 1418 1773 32.
1491 1716 1549 1770 in

507 1801 915 1871 longitudinem
954 1809 1037 1858 40.
1106 1804 1165 1857 in
1204 1803 1547 1859 subsicivum

504 1895 588 1944 40.
642 1891 780 1944 satis
819 1894 906 1946 est
942 1893 1001 1946 in
1035 1899 1149 1946 111.
1202 1893 1259 1945 in
1294 1894 1549 1948 omissum

502 1981 567 2033 in
603 1982 889 2051 archetypo
932 1988 993 2035 12

431 2070 768 2124 indicativus
796 2086 918 2124 cum
955 2071 1301 2126 coniunctivo
1329 2074 1548 2141 positus

506 2165 588 2212 16.
626 2163 729 2212 265

430 2245 680 2301 infimum
720 2253 787 2299 36

430 2337 743 2403 infinitivus
781 2342 812 2389 5

428 2424 641 2493 inigere
685 2431 784 2477 149

428 2513 711 2567 inmittere
750 2519 817 2567 86

427 2600 677 2671 inpetere
716 2607 820 2655 254

425 2690 665 2746 inserere
706 2696 807 2747 100

427 2778 697 2835 interdius
734 2785 804 2834 48

426 2867 689 2923 intimum
727 2874 795 2923 36

425 2957 722 3011 introrsum
763 2964 831 3012 29
927 3009 932 3014 .

426 3046 498 3100 -is
534 3048 598 3101 in
635 3049 944 3102 accusativo
974 3050 1193 3117 plurali
1229 3050 1420 3105 tertiae
1447 3053 1533 3106 de-

494 3138 811 3191 clinationis
833 3141 951 3193 158.
982 3138 1046 3191 in
1071 3140 1413 3194 nominativo
1438 3146 1535 3195 159

424 3224 499 3279 -is
526 3242 635 3295 pro
675 3225 766 3280 -iis
810 3228 874 3280 in
922 3228 1161 3282 ablativo
1199 3230 1418 3297 plurali
1462 3247 1537 3283 se-

489 3315 698 3369 cundae
733 3316 1118 3371 declinationis
1157 3323 1188 3370 6
1217 3324 1226 3332 ’

422 3403 674 3472 iugerum
714 3410 779 3457 62

421 3491 751 3561 iugulandes
789 3500 853 3546 21

426 3670 470 3723 L
508 3672 691 3725 littera
726 3672 1031 3740 sinyularis
1057 3672 1120 3725 in
1147 3674 1437 3742 archetypo
1468 3678 1533 3728 18

425 3757 513 3813 lac
548 3758 698 3814 lacte
739 3764 838 3813 152

425 3848 697 3902 lactantes
735 3847 1008 3903 lactentes
1050 3853 1148 3902 165

423 3935 567 4005 lapis
604 3938 869 4003 feminino
903 3954 1093 4006 yenere
1128 3944 1231 3992 245

424 4023 780 4079 latifundium
821 4032 885 4081 55

423 4112 629 4168 latrato
667 4120 768 4168 292

421 4201 581 4271 lepus
620 4209 723 4258 277

422 4291 556 4345 licet
591 4291 781 4346 videre
819 4297 887 4345 29

422 4379 585 4434 lirare
624 4385 691 4434 83

419 4467 707 4537 longurius
744 4468 1030 4538 longorius
1070 4476 1101 4523 6

422 4555 637 4610 luxuria
679 4562 776 4610 107

2602 407 2727 471 311

1615 561 1930 614 manescere
1968 575 2307 616 marcescere
2334 568 2374 631 *1
2388 568 2451 616 15

1615 648 1882 703 maceries
1921 648 2163 704 maceria
2200 655 2300 704 107

1612 737 1876 793 materies
1915 738 2149 792 materia
2189 744 2288 792 107

1612 844 1719 896 me,
1758 829 1868 881 mei
1896 843 2005 896 pro
2044 825 2183 880 mihi
2221 835 2305 885 26.
2346 835 2448 883 282

1612 916 1822 970 mederi
1865 922 1963 970 143

1610 1004 1855 1058 medium
1895 1011 1978 1059 36.
2019 1010 2124 1058 244

1608 1093 1940 1147 melittaena
1977 1100 2080 1147 286

1609 1180 1838 1236 melium
1876 1187 1980 1235 206

1608 1269 1978 1324 Menaechimi
2015 1276 2082 1323 21

1608 1358 1819 1427 Menae,
1858 1358 2110 1414 Menates
2152 1364 2248 1414 131

1606 1445 1685 1498 mi
1713 1462 1822 1515 pro
1860 1446 1998 1500 mihi
2038 1454 2105 1502 26

1606 1535 1758 1588 mina
1796 1539 1915 1590 ovis
1957 1541 2056 1591 147

1606 1624 1940 1693 ministrare,
1977 1626 2346 1680 ministerium
2392 1633 2490 1681 196

1604 1713 1819 1769 minore
1856 1717 1993 1768 natu
2029 1719 2098 1770 58

1602 1802 1821 1856 mintho
1859 1807 1963 1857 235

1605 1890 1786 1945 minus
1824 1909 1992 1959 quam
2033 1899 2098 1946 77

1605 1980 1983 2034 molendarius
2023 1987 2089 2034 63

1604 2069 1989 2123 molimentum
2029 2074 2132 2123 279

1604 2155 1848 2212 mollitia
1887 2162 1987 2211 107

1602 2247 1840 2301 multum
1874 2262 1979 2315 pro
2018 2248 2273 2302 adverbio
2311 2254 2413 2302 222

1600 2423 1647 2477 N
1684 2430 1811 2479 ante
1848 2443 1872 2478 s
1909 2426 2164 2480 omissum
2204 2432 2285 2481 74.
2327 2433 2429 2481 279

1601 2529 1705 2566 nec
1741 2530 1853 2569 non
1892 2519 1954 2567 21

1600 2619 1702 2656 nec
1741 2604 1902 2672 ullae,
1940 2622 2043 2659 nec
2079 2606 2257 2659 solum
2300 2613 2364 2659 19

1598 2694 1911 2760 neyationes
1970 2696 2276 2763 yeminatae
2340 2712 2462 2751 cum
2515 2697 2573 2750 vi
2627 2714 2716 2750 ne-

1667 2784 1844 2851 yamu‘
1881 2789 1966 2836 21.
2011 2788 2110 2837 129

1599 2874 1855 2924 neutrum
1917 2888 2087 2939 qenus
2151 2875 2541 2929 adiectivorum
2609 2892 2715 2944 pro

1628 2981 1635 2986 ·
1667 2960 2006 3013 substantivo
2068 2966 2152 3014 36.
2216 2967 2335 3015 214.
2403 2968 2524 3016 244.
2591 2969 2711 3018 267.

1665 3047 2092 3115 participiorum
2134 3055 2252 3105 125.
2323 3053 2714 3119 pronominum

1668 3140 1784 3189 129.
1828 3141 1943 3190 151.
1990 3142 2106 3192 156.
2147 3143 2248 3191 227

1592 3223 1652 3277 ni
1679 3239 1788 3292 pro
1826 3224 1932 3279 nisi
1973 3229 2089 3281 130.
2158 3242 2266 3295 pro
2304 3244 2371 3281 ne
2411 3234 2477 3282 92

1592 3329 1812 3382 nomen,
1851 3331 1917 3368 eo
1954 3314 2177 3369 nomine
2216 3322 2283 3369 49

1593 3403 1861 3457 nuculeus
1899 3408 1965 3456 21

1596 3509 1824 3545 numero
1863 3497 1967 3545 285

1592 3579 1873 3635 nutricare
1909 3581 2178 3635 nutricari
2218 3588 2317 3636 167

1595 3757 1640 3812 0
1671 3775 1778 3827 pro
1817 3776 1887 3813 au
1927 3763 1993 3812 85

1594 3865 1651 3900 -o
1697 3848 1760 3900 in
1813 3849 2053 3902 ablativo
2103 3853 2336 3915 quartae
2391 3848 2706 3904 declinatio·

1663 3937 1753 3990 nis
1803 3943 1834 3990 6

1594 4025 1663 4078 ob
1705 4031 1788 4079 68.
1863 4026 1988 4080 add.
2030 4024 2103 4077 III
2147 4032 2196 4093 1,
2226 4031 2258 4079 8

1592 4115 1889 4168 obaeratus
1928 4119 1995 4167 56

1592 4201 1971 4270 obstrigillare
2012 4209 2078 4255 22
2155 4243 2158 4244 ⁷

1589 4291 1852 4345 occedere
1891 4297 1995 4346 308

1588 4380 1829 4434 ocimum
1867 4380 2091 4434 ocinum
2137 4386 2203 4434 87

1586 4485 1701 4522 -om
1731 4486 1838 4538 pro
1878 4487 1994 4523 -um
2032 4471 2095 4523 in
2136 4469 2475 4548 nominatico
2511 4485 2698 4525 secun·

1657 4558 1867 4612 eundae
1903 4558 2285 4612 declinationis
2329 4564 2412 4612 12.
2452 4563 2515 4611 41
