3178 5185
598 429 684 492 64
1289 436 1669 492 ΟΟΜΜΕΝΤ.
1707 437 1789 492 IN
1824 436 2200 492 VARRONIS

598 600 966 668 pratorum
1040 609 1251 652 causa
1316 590 1580 653 habent
1645 599 1942 673 propter
2007 590 2328 668 stercus]
2414 592 2643 652 Carent
2702 591 2890 651 editio

598 699 879 777 princeps
926 715 959 756 a
1004 696 1292 758 Politiano
1339 717 1459 759 non
1507 708 1782 760 correcta
1828 705 1889 760 et
1936 700 2123 760 codex
2165 698 2476 779 CaesenaS,
2522 697 2625 757 sed
2663 703 2896 758 curant

599 802 827 883 reliqua
875 804 1226 885 apographa.
1301 808 1364 866 in
1416 824 1487 867 eo
1533 824 1785 867 numero
1840 825 1959 868 non
2021 808 2195 868 modo
2250 810 2359 882 qui
2402 811 2595 883 prata
2647 806 2894 875 habent,

596 918 667 971 ut
701 914 906 988 potius
953 929 1097 973 oues
1143 930 1326 988 quam
1370 931 1508 975 sues
1553 915 1838 989 habeant,
1886 921 2121 989 curent,
2167 915 2279 975 sed
2327 916 2509 974 etiam
2555 915 2663 988 qui
2698 917 2894 989 prata

600 1036 720 1079 non
767 1020 1009 1099 habent,
1047 1022 1194 1094 quia
1239 1037 1360 1080 non
1404 1024 1595 1081 solum
1635 1027 1962 1098 pratorum
2009 1038 2204 1081 causa
2240 1021 2473 1081 habere
2510 1021 2745 1099 debent,
2778 1020 2899 1078 sed

599 1128 781 1186 etiam
803 1133 1061 1203 propter
1088 1134 1326 1188 stercus
1356 1125 1676 1188 IucunduS.
1751 1129 1811 1187 in
1850 1127 1944 1187 his
1983 1145 2220 1206 quoque
2251 1125 2534 1204 Angelius
2561 1128 2625 1185 in
2654 1124 2894 1185 Iuntina

602 1233 859 1293 editione
908 1235 1267 1313 scripturam
1318 1233 1623 1314 archetypi
1670 1236 2033 1295 restituerat.
2107 1236 2168 1294 in
2217 1232 2463 1293 Victorii
2520 1242 2719 1293 tamen
2768 1231 2895 1291 edi·

599 1342 792 1421 tione,
850 1358 1026 1419 quam
1083 1340 1297 1401 deinde
1353 1340 1571 1419 reliqui
1628 1348 2078 1422 expresserunt,
2134 1346 2372 1420 praeter
2420 1357 2605 1400 unum
2654 1345 2895 1413 curent,

602 1466 712 1528 pro
761 1466 877 1527 quo
927 1456 1155 1509 curant
1188 1448 1369 1530 dedit,
1416 1447 1658 1508 Aldinae
1707 1448 1985 1508 editionis
2031 1445 2207 1507 lectio
2255 1448 2506 1526 repetita
2549 1453 2658 1527 est,
2705 1447 2894 1506 invito

600 1554 840 1632 quidem
887 1556 1017 1634 ipso
1065 1555 1313 1635 editore,
1361 1555 1519 1615 sicut
1564 1560 1811 1634 apparet
1859 1572 1932 1613 ex
1977 1555 2052 1613 iis
2100 1571 2250 1631 quae
2289 1554 2351 1612 in
2394 1550 2894 1632 explicationibus

599 1661 668 1722 ad
708 1661 868 1722 hunc
907 1660 1104 1732 locum
1143 1662 1459 1744 adnotavit,
1499 1680 1650 1741 quae
1690 1658 2041 1740 adscribam,
2081 1654 2444 1719 ‘Lectionem
2486 1675 2614 1718 eam
2650 1659 2897 1740 retinui,

602 1786 777 1847 quam
835 1767 1041 1829 formis
1095 1768 1234 1829 olim
1291 1772 1354 1830 in
1407 1768 1518 1829 hac
1573 1767 1723 1828 urbe
1780 1769 1985 1827 excusi
2048 1764 2186 1826 libri
2252 1765 2562 1827 habebant.
2643 1765 2897 1825 eandem

605 1877 763 1935 enim
810 1877 873 1936 in
920 1894 1098 1937 manu
1145 1876 1387 1954 scriptis
1433 1876 1634 1935 inveni
1686 1882 1747 1934 et
1792 1876 1854 1933 in
1901 1880 2245 1952 pervetusto
2302 1875 2364 1933 in
2420 1873 2659 1954 primiS,
2716 1874 2895 1932 cuius

601 1984 851 2043 maxime
891 1985 1302 2043 auctoritatem
1343 1999 1582 2061 sequor.
1675 1999 1786 2041 nec
1824 1998 1917 2040 me
1958 1979 2102 2040 latet
2129 1978 2393 2040 Venetiis
2432 1998 2685 2040 excusos
2724 1978 2896 2039 valde

597 2087 670 2149 ab
717 2088 828 2149 hac
875 2089 1213 2149 dissentire.
1287 2090 1498 2168 opinor
1545 2093 1762 2168 autem,
1811 2104 1946 2148 cum
1991 2086 2159 2146 locus
2206 2084 2500 2146 obscurus
2539 2087 2618 2147 sit
2665 2095 2725 2146 et
2777 2086 2899 2145 for-

599 2204 757 2256 tasse
807 2196 1181 2275 decurtatuS,
1247 2195 1503 2274 aliquem
1571 2195 1674 2273 qui
1734 2194 2036 2272 corrigere
2091 2192 2307 2275 voluit,
2371 2201 2438 2253 ut
2501 2192 2585 2254 illi
2653 2194 2897 2254 codices

597 2302 836 2385 babent,
889 2323 962 2364 ex
1006 2305 1245 2381 ingenio
1303 2303 1656 2362 restituisse.
1751 2319 1886 2362 cum
1945 2300 2126 2361 multa
2176 2308 2374 2361 autem
2421 2300 2540 2360 illic
2586 2307 2651 2361 et
2698 2302 2897 2361 addita

602 2417 665 2470 et
708 2411 1016 2471 immutata
1065 2412 1201 2493 sint,
1247 2419 1366 2470 tam
1408 2408 1597 2470 libere
1645 2410 1786 2469 mihi
1837 2428 1867 2470 a
1911 2411 2125 2489 priscis
2162 2410 2427 2487 vestigiis
2466 2408 2898 2475 discedendum

600 2535 718 2576 non
768 2513 1020 2597 putavi'.
1093 2519 1153 2577 in
1200 2534 1416 2598 pecore
1471 2514 1743 2576 habendo
1792 2534 1910 2576 non
1958 2516 2132 2576 modo
2189 2517 2233 2576 ii
2280 2519 2384 2596 qui
2430 2524 2601 2598 prata
2649 2516 2896 2598 habent,

599 2625 701 2685 sed
760 2626 936 2685 etiam
993 2627 1095 2703 qui
1151 2644 1269 2685 non
1327 2624 1517 2685 solum
1574 2633 1880 2704 pratorum
1940 2642 2142 2706 causa,
2198 2624 2300 2685 sed
2358 2631 2605 2704 propter
2655 2633 2895 2686 stercus

596 2749 782 2810 pecus
829 2730 1069 2814 habent,
1116 2739 1330 2793 curant
1375 2739 1444 2791 ut
1487 2733 1690 2810 potius
1736 2749 1876 2791 oves
1924 2749 2099 2809 quam
2147 2749 2285 2792 sues
2332 2730 2604 2793 habeant.

773 2835 819 2899 4
886 2837 978 2900 De
1029 2838 1329 2899 canibus
1367 2856 1541 2899 uero
1582 2840 1836 2916 utique
1885 2837 2068 2916 quod
2109 2837 2283 2898 uilla
2322 2840 2475 2899 sine
2513 2840 2605 2900 iis
2643 2858 2895 2919 parum

596 2945 786 3024 tuta]
844 2946 909 3006 In
957 2947 1266 3026 impressis
1324 2944 1765 3025 exemplaribus
1820 2945 1957 3005 inde
2014 2962 2047 3004 a
2102 2946 2372 3025 principe
2429 2946 2689 3007 editione
2747 2947 2895 3007 haec

601 3056 817 3114 omissa
855 3060 1044 3115 erant.
1116 3054 1178 3113 in
1226 3071 1403 3113 manu
1444 3054 1685 3132 scriptis
1725 3060 1922 3113 autem
1973 3049 2141 3111 libris
2187 3054 2398 3127 utique
2443 3055 2736 3133 scriptum
2786 3061 2897 3137 est,

598 3179 716 3220 non
763 3165 928 3236 utile,
976 3160 1135 3238 quod
1182 3158 1507 3220 Politianus
1556 3160 1812 3238 scripsit.
1890 3176 2072 3237 quare
2121 3157 2367 3220 dubium
2416 3178 2533 3221 non
2582 3167 2695 3243 est,
2745 3163 2894 3240 quin

597 3270 769 3342 utile,
828 3266 987 3345 quod
1042 3284 1236 3345 nuper
1292 3264 1678 3326 Zahlfeldtius
1734 3274 1961 3344 quaest.
2012 3266 2141 3326 crit.
2187 3268 2249 3326 in
2286 3265 2530 3327 Varron.
2581 3286 2700 3328 rer.
2740 3278 2892 3330 rust.

602 3373 734 3435 libr.
762 3392 819 3453 p.
851 3371 936 3435 22
965 3373 1248 3456 defendit,
1277 3381 1379 3434 aut
1408 3374 1602 3433 errori
1638 3371 1914 3432 Politiani
1942 3380 2044 3433 aut
2082 3375 2459 3435 coniecturae
2500 3373 2893 3436 tribuendum

598 3483 690 3541 sit.
769 3480 1034 3561 exempla
1073 3479 1397 3561 particulae
1437 3483 1647 3555 utique
1672 3487 1810 3559 post
1837 3478 2278 3541 Lachmannum
2308 3483 2370 3541 in
2399 3479 2636 3542 Lucret.
2667 3501 2728 3561 p.
2758 3480 2895 3544 250

598 3605 670 3648 ex
724 3587 820 3647 his
878 3586 1043 3648 libris
1101 3588 1436 3666 composuit
1489 3585 1769 3647 Reiterus
1826 3593 2051 3665 quaest.
2098 3585 2344 3648 Varron.
2389 3606 2453 3667 p.
2500 3585 2565 3669 7,
2628 3587 2681 3647 11
2729 3586 2805 3671 4,
2854 3588 2893 3651 3

598 3701 723 3755 tum
767 3697 977 3770 utique
1020 3698 1142 3755 sint
1178 3696 1519 3756 cervicibus
1557 3695 1790 3775 amplis,
1833 3690 1896 3774 4,
1924 3691 2006 3754 21
2048 3697 2257 3770 utique
2294 3714 2371 3756 ne
2405 3697 2668 3756 minores
2705 3713 2892 3771 quam

595 3808 928 3884 semestres,
978 3799 1080 3884 10,
1122 3798 1199 3861 11
1250 3804 1460 3876 utique
1504 3808 1763 3876 aterque
1807 3802 2023 3861 horum
2069 3808 2138 3861 ut
2180 3819 2384 3862 secum
2430 3803 2655 3862 habeat
2699 3820 2893 3878 equas

598 3910 854 3970 domitas
891 3912 1184 3988 singulas,
1232 3907 1311 3967 111
1353 3905 1410 3988 7,
1440 3905 1480 3968 6
1529 3910 1699 3983 ipsae
1744 3910 1901 3968 enim
1939 3915 2198 3985 propter
2234 3912 2434 3985 pullos
2471 3926 2620 3984 quos
2661 3911 2893 3971 habent

595 4019 806 4091 utique
851 4018 1128 4096 redeunt,
1173 4011 1233 4096 9,
1268 4010 1351 4075 15
1397 4031 1534 4075 cum
1581 4021 1813 4075 aestate
1859 4020 1982 4074 tum
2028 4018 2237 4090 utique
2281 4033 2418 4076 cum
2458 4022 2776 4092 tempestas
2818 4020 2893 4078 sit

595 4126 804 4198 mollis,
856 4120 957 4205 12,
990 4120 1026 4183 7
1078 4126 1197 4183 duo
1243 4125 1484 4197 quidem
1531 4124 1742 4197 utique
1788 4129 1846 4182 te
1900 4123 2131 4182 habere
2167 4129 2334 4200 put0.
2410 4123 2658 4183 eandem
2702 4127 2888 4204 parti-

597 4229 789 4289 culam
827 4231 1064 4291 restitui
1101 4228 1154 4289 ΙΙ
1189 4226 1251 4312 4,
1280 4226 1366 4291 22
1401 4247 1524 4290 non
1560 4231 1771 4303 utique
1807 4234 1952 4303 quot
1986 4247 2195 4290 verres
2231 4230 2484 4291 habeat:
2532 4231 2605 4290 cf.
2626 4229 2678 4290 11
2702 4228 2808 4313 10,
2838 4230 2889 4293 1.

595 4340 835 4416 propria
892 4346 1090 4398 autem
1145 4335 1470 4416 particulae
1527 4337 1644 4417 viS,
1708 4343 1776 4396 ut
1829 4334 1973 4396 illud
2031 4335 2189 4414 quod
2245 4344 2477 4396 certum
2544 4343 2607 4397 et
2671 4344 2889 4400 natura

594 4461 797 4504 rerum
837 4445 1251 4505 confirmatum
1289 4443 1381 4504 vel
1410 4441 1482 4503 ab
1512 4442 1788 4503 omnibus
1817 4460 2168 4504 concessum
2207 4452 2299 4504 est
2336 4444 2647 4526 significet,
2686 4447 2887 4525 singu-

598 4549 707 4610 lari
757 4550 1006 4629 quadam
1053 4548 1341 4611 brevitate
1390 4551 1626 4611 dicendi
1671 4549 1784 4610 hoc
1829 4549 1959 4610 loco
2012 4548 2328 4610 obscurata
2375 4559 2485 4612 est.
2562 4570 2702 4612 nam
2749 4562 2884 4633 post
