3178 5185
550 401 679 465 198
1532 396 1905 453 VARRONIS

550 577 617 631 ut
670 569 947 629 traiciant
1003 568 1067 627 in
1111 567 1223 628 alia
1269 586 1406 629 vasa
1453 575 1514 627 et
1559 566 1673 627 hoc
1720 565 1909 626 isdem
1956 565 2283 626 intervallis
2331 564 2697 626 duodeciens
2747 581 2871 625 sex

548 676 856 737 mensibus
910 676 1198 754 proximis
1253 676 1397 735 item
1455 675 1697 757 faciant3
1767 692 1904 734 cum
1959 673 2019 734 id
2066 674 2412 755 novissime,
2467 674 2872 753 potissimum

551 786 853 864 traiciant,
908 801 1046 843 cum
1103 783 1362 843 senescit
1407 782 1563 843 luna.
1655 789 1781 842 tum
1834 781 2129 841 decocunt
2175 783 2237 841 in
2286 781 2492 841 ahenis
2538 780 2657 841 leni
2707 781 2869 860 igni,

551 896 614 953 in
678 892 825 952 duas
888 897 1088 969 partes
1153 889 1344 969 quaad
1409 896 1711 969 regerunt.
1812 896 1939 949 tum
2008 887 2264 967 denique
2321 887 2395 947 ad
2450 907 2626 949 usum
2682 894 2868 949 recte

550 1000 864 1078 promitur.
2926 1009 2957 1052 5

382 1105 532 1166 LXV
731 1105 903 1176 Quod
949 1114 1213 1166 mustum
1259 1105 1538 1165 conditur
1584 1106 1647 1165 in
1695 1104 1933 1179 dolium,
1980 1110 2048 1163 ut
2093 1101 2415 1164 habeamus
2461 1106 2682 1185 vinum,
2731 1122 2867 1163 non

550 1212 944 1293 promendum
1000 1213 1142 1272 dum
1198 1213 1412 1295 fervet,
1467 1230 1662 1291 neque
1721 1213 1898 1272 etiam
1955 1229 2092 1271 cum
2148 1213 2443 1289 processit
2492 1214 2600 1292 ita,
2656 1218 2725 1272 ut
2775 1212 2866 1271 sit

553 1322 753 1381 vinum
818 1320 1066 1400 factum,
1133 1321 1184 1379 si
1250 1327 1418 1380 vetus
1484 1319 1690 1379 hibere
1745 1317 1918 1399 veliS‚
1984 1317 2143 1397 quod
2200 1336 2319 1378 non
2375 1319 2467 1399 fit,
2534 1326 2865 1398 antequam

550 1434 936 1488 accesserunt
994 1428 1333 1487 anniculum
1388 1427 1605 1506 prodit.
1698 1428 1748 1486 si
1804 1431 1896 1485 est
1952 1443 2091 1485 vero
2149 1444 2221 1485 ex
2279 1444 2348 1486 eo
2408 1443 2626 1504 genere
2682 1442 2861 1505 uvae,

554 1535 712 1615 quod
750 1541 981 1595 mature
1021 1541 1309 1616 cocescat,
1347 1543 1485 1595 ante
1520 1534 1876 1614 vindemiam
1915 1535 2189 1593 consumi
2226 1542 2328 1594 aut
2370 1534 2566 1592 venire
2596 1538 2857 1610 oportet.
2891 1545 2955 1588 ιο

551 1660 772 1721 genera
820 1649 961 1702 sunt
1005 1643 1144 1722 vini,
1190 1643 1251 1701 in
1300 1660 1417 1721 quo
1465 1640 1733 1722 Falerna,
1780 1658 1931 1719 quae
1980 1647 2200 1719 quanto
2247 1640 2439 1719 pluris
2486 1657 2672 1699 annos
2711 1656 2861 1699 con-

553 1748 671 1808 dita
719 1748 1082 1831 hahuerunt,
1128 1757 1292 1810 tanto
1307 1797 1324 1832 7
1368 1767 1505 1809 cum
1551 1756 1851 1829 prompta,
1900 1756 2040 1808 sunt
2085 1748 2502 1808 fructuosiora.

366 1854 542 1915 LXVI
739 1855 912 1917 Oleas
959 1856 1120 1917 albas
1167 1875 1315 1936 quas
1362 1855 1717 1931 condideriS,
1750 1840 1947 1915 ⁴novas
1993 1856 2046 1913 si
2091 1853 2368 1922 celeriter
2404 1849 2658 1935 promaS‚
2709 1852 2859 1931 [nisi

553 1961 915 2041 condideris]
983 1971 1230 2043 propter
1286 1962 1742 2024 amaritudinem
1797 1962 2028 2039 respuit
2082 1960 2369 2050 palatum3
2433 1964 2577 2021 item
2632 1963 2855 2042 nigraS‚

553 2073 671 2132 nisi
715 2073 884 2151 prius
932 2089 1030 2131 eas
1079 2071 1197 2130 sale
1244 2072 1592 2151 macerariS‚
1638 2076 1706 2129 ut
1751 2067 2008 2128 libenter
2054 2070 2115 2128 in
2163 2087 2229 2128 os
2277 2070 2661 2148 recipiantur.
2884 2077 2941 2119 1⁵

700 2267 728 2314 1
777 2264 836 2316 et
880 2261 988 2316 hoc
1035 2260 1187 2315 idem
1233 2261 1348 2315 VA
1394 2267 1443 2316 et
1498 2260 1606 2313 hoc
1653 2261 1718 2313 in
1762 2260 2012 2328 marqine
2059 2260 2263 2328 scripto
2297 2258 2354 2313 B
2401 2260 2459 2313 et
2505 2259 2613 2312 hoc
2651 2256 2856 2312 iisdem

553 2352 845 2407 Iucundus
988 2350 1322 2406 duodeciens
1367 2349 1551 2404 PAB
1600 2348 1898 2404 duodecies
1944 2365 1976 2402 v
2122 2355 2153 2401 3
2204 2345 2381 2402 ‘Tunc
2429 2347 2752 2416 decoquunt
2794 2346 2854 2399 in

555 2440 749 2495 ahenis
773 2440 941 2495 Totus
961 2440 1110 2494 locus
1128 2440 1191 2493 in
1210 2439 1412 2507 optimo
1432 2439 1732 2506 exemplari
1751 2439 1833 2491 ita
1850 2438 2105 2508 scriptae,
2124 2435 2266 2490 Tum
2277 2436 2553 2492 decocunt
2563 2434 2622 2489 in
2634 2435 2849 2491 ahenis:

555 2528 670 2583 leni
725 2527 896 2599 lignis
944 2529 1084 2583 duas
1130 2529 1321 2598 partes
1370 2527 1556 2596 quaad
1601 2527 1887 2598 regerunt'
1960 2526 2238 2581 Victorius
2398 2528 2533 2580 tunc
2582 2526 2855 2580 decocunt

555 2618 615 2672 in
652 2607 846 2671 ahenis
880 2617 998 2671 PB
1035 2620 1158 2671 tum
1196 2617 1562 2687 dequoquunt
1597 2614 1658 2670 in
1685 2614 1882 2669 haenis
1911 2615 1966 2669 A
2004 2617 2138 2671 tunc
2168 2617 2486 2685 decoquunt
2511 2615 2570 2669 in
2600 2615 2793 2670 ahenis
2818 2632 2853 2669 v

699 2705 985 2776 lenilignis
1034 2707 1172 2760 duas
1209 2707 1398 2776 partes
1437 2706 1624 2774 quaad
1665 2704 1851 2760 PAB
1886 2704 2003 2760 leui
2040 2704 2161 2775 igni
2197 2706 2336 2760 duas
2374 2707 2563 2775 partes
2602 2704 2787 2774 quoad
2819 2721 2853 2758 v

701 2801 735 2849 4
770 2796 892 2850 tum
923 2794 1164 2865 denique
1192 2796 1265 2850 ad
1295 2813 1455 2850 usum
1474 2795 1532 2851 A
1559 2795 1681 2849 tum
1708 2794 1782 2849 ad
1809 2812 1969 2849 usum
1999 2794 2239 2864 denique
2262 2793 2319 2847 P
2341 2794 2588 2848 mustum
2618 2793 2854 2863 denique

558 2886 631 2940 ad
667 2903 832 2941 usum
866 2886 923 2939 B
957 2886 1205 2940 Mustum
1241 2886 1314 2940 ad
1351 2902 1513 2939 usum
1551 2883 1792 2954 denique
1827 2901 1860 2939 v

703 2983 734 3031 7
773 2993 953 3044 neque
992 2974 1165 3029 etiam
1205 2991 1331 3029 cum
1365 2973 1666 3044 processit,
1705 2972 1813 3027 nisi
1849 2971 2002 3043 prius
2042 2970 2117 3028 sit
2138 2972 2349 3027 -uinum
2384 2972 2600 3027 factum
2639 2972 2855 3028 Iucun-

558 3068 680 3121 duS.
757 3066 775 3093 ‘
791 3065 962 3120 Valde
1016 3065 1240 3119 diuersa
1296 3069 1510 3119 uetusta
1565 3063 1720 3118 lectio
1729 3104 1748 3131 ,
1805 3067 1855 3117 et
1907 3078 2042 3118 sane
2086 3068 2325 3117 eaetrema
2371 3064 2502 3118 haec
2539 3079 2681 3132 pars
2728 3062 2858 3118 libri

559 3153 970 3222 aliquantulum
1016 3154 1341 3223 inquinata.-
1385 3153 1583 3222 Neque
1631 3151 1802 3206 etiam
1850 3167 1978 3205 eum
2024 3154 2310 3221 processet
2354 3152 2439 3206 ita
2475 3154 2540 3206 ut
2576 3151 2677 3221 sit,
2725 3150 2853 3207 etc!

570 3242 847 3297 Victorius
885 3285 897 3298 .
938 3243 1168 3310 fortasse
1239 3258 1420 3311 neque
1496 3239 1669 3296 etiam
1742 3257 1870 3295 cum
1941 3241 2302 3312 processerit,
2388 3244 2452 3296 ut
2524 3242 2596 3296 sit
2667 3241 2860 3297 vinum

559 3332 800 3399 factum,
865 3331 912 3386 si
965 3332 1125 3387 vetus
1178 3329 1373 3386 bibere
1428 3330 1594 3397 velis,
1661 3332 1810 3400 quod
1863 3347 1977 3385 non
2028 3331 2120 3402 fit,
2175 3332 2477 3400 antequam
2534 3331 2858 3386 anniculum

560 3420 752 3491 prodit
962 3422 1250 3491 processet
1297 3421 1482 3477 PAB
1524 3419 1800 3491 processit
1842 3437 1874 3475 v
2073 3425 2106 3475 8
2162 3425 2293 3476 ante
2345 3437 2515 3490 quam
2561 3419 2860 3475 accesserit

562 3527 766 3577 annus,
822 3510 971 3578 tum,
1030 3526 1155 3564 cum
1201 3510 1372 3566 fuerit
1417 3511 1765 3581 anniculum,
1813 3509 2080 3579 promitto
2129 3512 2440 3566 Iueundus.
2518 3510 2856 3578 ‘Antequam

564 3599 865 3654 accesserit
918 3616 1111 3654 annus.
1197 3599 1366 3656 Totus
1419 3601 1507 3655 hic
1563 3601 1712 3656 locus
1764 3600 1848 3654 ita
1903 3601 2102 3670 leyitur
2155 3602 2220 3655 in
2274 3601 2520 3670 antiquis
2566 3599 2860 3665 codicibus,

562 3689 881 3759 Antequam
953 3691 1304 3743 accesserunt
1376 3689 1700 3743 anniculum
1762 3689 2056 3758 promitto’
2138 3690 2412 3745 Victorius
2573 3695 2605 3742 9
2671 3703 2858 3742 acces-

565 3779 755 3831 serunt
799 3777 979 3832 PAB
1034 3777 1241 3833 acescit
1284 3794 1316 3832 v
1533 3777 1856 3832 anniculum
1908 3778 2099 3849 prodit
2139 3779 2321 3835 PAB
2378 3778 2656 3834 Victorius
2703 3777 2858 3831 anni-

567 3865 753 3921 culum
790 3868 1033 3936 promito
1060 3884 1092 3922 v
1240 3874 1306 3921 10
1343 3867 1495 3936 quod
1532 3869 1750 3922 mature
1789 3870 2084 3922 cocescant
2103 3867 2220 3922 PA
2256 3869 2406 3938 quod
2433 3869 2651 3941 mature
2673 3883 2710 3937 a
2736 3884 2861 3923 coa-

566 3958 791 4009 cescant
825 3956 882 4011 B
929 3957 1078 4024 quod
1126 3958 1343 4011 mature
1383 3957 1676 4012 coacescat
1710 3956 1855 4013 A2m
1892 3956 2171 4026 quaedam
2207 3959 2427 4011 mature
2465 3959 2804 4014 coacescunt
2829 3975 2861 4013 v

570 4044 667 4098 ‘In
711 4046 922 4100 cunetis
965 4062 1138 4100 manu
1181 4047 1406 4116 scriptis
1444 4046 1605 4113 Quod
1652 4047 1869 4100 mature
1917 4047 2267 4102 coacescant’
2336 4047 2611 4104 Victorius
2795 4053 2860 4102 12

565 4146 967 4241 tantgussropta
1001 4170 1056 4224 A

713 4267 777 4315 13
846 4260 1037 4315 ‘Oleas
1101 4260 1286 4330 albas,
1350 4278 1489 4330 quas
1542 4258 1856 4316 condideris
1908 4278 2108 4330 nouas,
2174 4261 2255 4315 sic
2310 4260 2567 4317 celeriter
2620 4280 2860 4332 promas.

572 4350 811 4420 Quidam
862 4351 1056 4419 formis
1109 4351 1297 4405 excusi
1349 4350 1483 4404 libri
1535 4351 1620 4404 ita
1672 4350 1895 4419 haberit,
1950 4350 2013 4405 in
2068 4350 2199 4405 aliis
2261 4352 2410 4406 locus
2461 4352 2627 4407 ualde
2672 4355 2863 4409 uaria-

568 4443 659 4492 tus
687 4460 700 4491 ε
731 4440 898 4507 eulpa
961 4443 1142 4493 tamen
1151 4480 1170 4507 ,
1234 4444 1299 4513 ut
1352 4444 1495 4507 puto
1550 4454 1734 4493 eorum
1787 4440 1885 4510 qui
1937 4440 2000 4494 id
2054 4439 2466 4495 commiserwnt:
2497 4441 2666 4496 nimis
2721 4445 2863 4498 enim

570 4528 795 4582 licenter
832 4546 868 4582 a
914 4532 1088 4582 uetere
1123 4528 1400 4596 scriptura
1436 4529 1734 4584 discessere.
1807 4528 1885 4583 In
1921 4529 2142 4598 optimis
2176 4530 2246 4584 ab
2282 4530 2404 4598 hac,
2438 4546 2605 4600 quam
2638 4530 2729 4586 hie
2765 4533 2861 4588 ad-

282 4892 575 5079 N
