3178 5185
582 410 710 474 140
1258 417 1571 477 COMMEN
1575 423 1641 477 T.
1677 423 1757 476 IN
1795 421 2168 477 VARRONIS

573 584 786 652 partes
824 596 894 636 ex
935 576 1140 636 Aldina
1181 576 1437 637 editione
1475 586 1781 656 receptum
1822 587 1964 651 erat,
2003 581 2265 638 omnium
2296 584 2511 653 partes
2550 595 2617 636 ex
2660 575 2856 634 arche-

584 691 719 763 typo
767 685 1019 744 restitui.
1113 684 1387 744 similiter
1435 686 1749 762 genetivus
1796 689 2056 746 omnium
2112 703 2245 744 cum
2296 682 2634 743 nominibus
2681 689 2857 742 totam

579 809 703 851 rem
753 790 844 850 vel
891 793 1271 868 partitionem
1320 793 1502 852 totius
1559 794 1646 852 rei
1708 791 2176 871 significantibus
2235 793 2592 851 coniunctus
2649 799 2740 850 est
2784 789 2857 848 111

583 895 680 978 12,
713 895 748 959 7
798 902 1015 959 horum
1061 903 1322 960 omnium
1378 903 1502 960 tria
1553 907 1825 978 qenera,
1882 900 1962 960 111
1999 899 2058 982 2,
2087 897 2129 961 5
2174 918 2374 961 omnes
2430 901 2690 959 omnium
2733 900 2858 957 uni-

577 1023 792 1066 versae
841 1007 1159 1067 Reatinae.
1656 987 1665 995 ⁶

757 1111 836 1175 13
903 1113 1210 1173 Primum
1251 1122 1327 1173 ut
1364 1112 1621 1174 bonum
1662 1133 1873 1193 pares
1912 1133 2131 1192 pecus
2173 1133 2378 1175 tinum
2419 1114 2607 1185 scire
2647 1129 2859 1190 opor-

575 1229 679 1281 tet
727 1239 857 1299 qua
906 1227 1143 1281 aetate
1193 1239 1541 1300 quamque
1589 1221 1938 1299 pecudem
1988 1241 2238 1301 parare
2287 1220 2700 1298 habereque
2748 1237 2858 1277 ex-

576 1327 855 1407 pediat]
935 1328 1124 1389 Unum
1192 1336 1486 1406 tamquam
1552 1347 1623 1387 ex
1693 1330 2184 1406 interpretatione
2244 1348 2292 1389 v,
2342 1333 2609 1405 primum
2666 1336 2858 1386 ortum

576 1434 792 1495 delevit
840 1434 1106 1495 Ursinus,
1181 1436 1546 1513 transposito
1610 1434 1894 1494 vocabulo
1952 1437 2164 1512 scripsi
2216 1439 2380 1496 scire
2425 1442 2686 1512 oportet,
2741 1451 2860 1509 qua

578 1550 778 1604 aetate
824 1561 1007 1603 unam
1054 1559 1353 1617 quamque
1389 1538 1692 1618 pecudem'
1732 1560 1970 1618 parare
2013 1544 2360 1617 habereque
2405 1546 2713 1619 expediat.

758 1649 1003 1728 Itaque
1051 1642 1120 1709 in
1167 1648 1435 1709 bubulo
1482 1666 1750 1727 pecore
1798 1651 2097 1708 minoris
2145 1652 2401 1727 emptis
2458 1649 2857 1710 anniculam

571 1766 638 1818 et
704 1775 916 1836 supra
991 1756 1232 1816 decem
1300 1754 1694 1833 annorum]
1773 1757 1987 1817 Emitis
2051 1759 2401 1842 anniculam
2456 1775 2526 1817 ex
2593 1759 2857 1837 principe

575 1863 833 1924 editione
880 1870 1187 1941 receptum
1236 1869 1379 1922 erat.
1458 1864 1815 1922 sententiam
1862 1861 2179 1922 verborum
2228 1865 2495 1942 corrupit
2543 1860 2859 1941 IucunduS,

573 1975 779 2046 itaque
826 1975 888 2031 in
938 1973 1157 2031 bubulo
1214 1989 1441 2047 pecore
1493 1989 1607 2030 nec
1664 1973 1863 2030 minor
1923 1973 2143 2030 emitur
2198 1973 2489 2031 annicula
2545 1990 2661 2032 nec
2706 1989 2862 2045 quae

573 2086 663 2139 est
706 2097 897 2154 supra
956 2081 1162 2138 decem
1220 2096 1428 2138 ann03.
1505 2095 1641 2136 nam
1700 2078 1947 2136 minoris
2002 2078 2181 2155 pretii
2238 2095 2366 2136 esse
2424 2076 2709 2137 dicuntur
2763 2096 2856 2156 pe-

575 2184 757 2245 cudes
815 2184 1120 2244 anniculae
1178 2194 1237 2244 et
1294 2183 1427 2264 plus
1485 2202 1675 2262 quam.
1723 2184 1929 2243 decem
1986 2201 2173 2242 annos
2228 2191 2416 2244 natae.
2500 2183 2603 2244 sed
2671 2187 2860 2245 emitis

574 2310 691 2352 non
742 2294 924 2370 magis
973 2292 1067 2351 liic
1115 2291 1317 2351 locum
1362 2289 1559 2371 habet,
1607 2308 1780 2369 quam
1831 2289 1879 2349 ΙΙ
1920 2288 1987 2370 2,
2016 2287 2058 2351 3
2114 2293 2453 2367 observate,
2512 2290 2613 2352 ubi
2661 2294 2857 2352 obser-

576 2407 723 2461 vant
758 2401 1007 2459 correxi.
1083 2417 1266 2478 quare
1306 2400 1525 2476 scripsi
1562 2401 1815 2459 minoris
1853 2401 2073 2459 emitur
2101 2401 2411 2459 annicula.
2478 2417 2613 2459 nam
2648 2403 2860 2475 empsis

579 2509 918 2567 coniectura
969 2505 1233 2567 tribuere
1282 2504 1532 2565 Varroni
1579 2505 1760 2565 nolui.
1980 2573 1984 2577 ,

755 2612 838 2676 14
902 2615 948 2673 Ε
998 2622 1337 2693 quattuor
1384 2614 1619 2675 altera
1676 2633 1841 2693 pars
1888 2622 1997 2675 est
2044 2616 2363 2693 cognitio
2411 2614 2714 2692 formae]
2774 2614 2855 2673 Ex

575 2740 786 2782 novem
831 2721 1099 2801 partibus
1149 2725 1236 2781 rei
1283 2724 1628 2801 pecuariae,
1677 2741 1826 2802 quae
1874 2740 2051 2801 supra
2113 2721 2303 2782 dictae
2352 2731 2547 2803 erant,
2606 2724 2858 2799 primum

579 2838 858 2909 quattuor
896 2830 1127 2907 priores
1166 2828 1611 2909 describuntur,
1660 2829 1874 2889 deinde
1917 2826 1998 2889 16
2037 2833 2273 2889 alterae
2302 2836 2515 2905 partes
2557 2834 2857 2906 quattuor,

582 2937 838 3016 denique
877 2933 964 2996 24
1009 2954 1231 2997 nonum
1275 2941 1596 3012 utriusque
1627 2941 1828 3013 partis
1867 2954 2194 2997 commune.
2267 2938 2466 3015 itaque
2505 2955 2539 2996 e
2575 2941 2855 3010 quattuor

568 3047 787 3122 primis
832 3048 1032 3105 altera
1081 3062 1236 3120 pars
1289 3053 1381 3105 est
1427 3046 1665 3123 scripsi,
1724 3052 1784 3103 et
1831 3043 2102 3103 similiter
2153 3044 2440 3122 scriptum
2488 3050 2579 3102 est
2626 3037 2854 3120 141,4

576 3155 651 3213 de
695 3154 789 3212 his
829 3153 1046 3228 primis
1091 3157 1380 3225 quattuor
1421 3153 1754 3227 generibus
1799 3154 2108 3212 seminum.

759 3259 856 3318 Ita
897 3261 1100 3333 potius
1145 3256 1279 3316 libri
1318 3275 1494 3317 manu
1537 3260 1742 3336 scripti
1782 3275 2004 3338 omneS,
2053 3274 2170 3316 non
2212 3260 2416 3331 itaque
2444 3260 2665 3336 potiuS,
2704 3255 2851 3335 quod

585 3368 642 3425 in
692 3366 962 3444 principe
1012 3363 1269 3424 editione
1317 3363 1643 3424 Politianus
1695 3383 1810 3424 non
1859 3365 2135 3425 correxit.

760 3472 959 3531 Asini
1005 3469 1282 3548 arcadi]
1330 3473 1632 3532 Arcadici
1676 3470 2055 3531 scribendum
2095 3488 2227 3530 esse
2274 3470 2394 3530 dixi
2440 3470 2465 3529 Ι
2507 3469 2561 3551 1,
2591 3467 2650 3546 5,
2690 3479 2748 3530 et
2782 3473 2853 3531 ita

582 3581 867 3659 scriptum
929 3585 1020 3638 est
1075 3577 1126 3636 11
1167 3575 1225 3659 8,
1255 3575 1295 3639 3
1346 3582 1595 3639 seminia
1641 3581 1977 3650 Arcadico,
2033 3575 2190 3657 117,
2221 3575 2261 3638 6
2326 3578 2658 3639 Thessalici
2709 3581 2856 3654 equi.

756 3682 839 3747 15
903 3684 997 3744 Ad
1047 3687 1518 3744 mutationem
1568 3684 1869 3760 domini]
1931 3686 2176 3744 Domini
2223 3683 2476 3761 plurima
2531 3684 2854 3764 apographa

578 3804 638 3856 et
695 3813 764 3854 ex
813 3796 939 3872 ipso
988 3792 1334 3871 archetyp0,
1393 3801 1459 3852 ut
1506 3792 1774 3872 videtur,
1830 3790 2152 3870 Victorius,
2209 3794 2462 3852 dominii
2517 3791 2674 3852 edita
2729 3801 2855 3852 ante

577 3902 904 3962 Victorium
952 3897 1324 3977 exemplaria.

754 4008 827 4068 In
890 4008 1318 4085 emptionem
1379 4006 1553 4066 alias
1611 4006 2102 4086 stipulandum
2160 4008 2406 4066 statim
2466 4023 2630 4065 esse
2686 4004 2855 4065 alias

578 4138 610 4178 e
659 4134 825 4177 sano
875 4131 1123 4174 recore
1174 4113 1353 4174 alias
1394 4113 1685 4190 neutro]
1751 4115 1825 4174 In
1881 4117 2175 4189 emptione
2230 4116 2386 4172 alias
2455 4115 2858 4188 stipulandum

576 4227 778 4286 statim
825 4240 952 4283 esse
998 4239 1032 4280 e
1076 4224 1547 4301 valetudinario,
1596 4224 1752 4281 alias
1798 4240 1831 4281 e
1876 4237 2026 4280 sano
2065 4235 2310 4297 pecore,
2358 4221 2515 4278 alias
2572 4237 2606 4278 e
2651 4225 2857 4280 neutro

578 4328 914 4405 IucunduS‚
978 4325 1081 4387 ubi
1137 4346 1351 4389 sanum
1406 4346 1559 4402 esse,
1625 4332 1782 4389 alias
1836 4345 1958 4388 non
2016 4345 2048 4387 e
2108 4328 2556 4386 valetudinario
2618 4324 2860 4386 Ursinus

586 4438 854 4499 coniecit.
929 4454 962 4495 e
1008 4437 1474 4515 valetudinaria,
1523 4434 1681 4514 quod
1729 4437 1790 4495 in
1848 4432 2151 4494 codicibus
2215 4450 2331 4492 non
2388 4434 2708 4513 scriptum,
2762 4432 2858 4493 sed

574 4546 916 4606 coniectura
982 4534 1238 4628 lucundi
1291 4544 1596 4602 inventum
1645 4551 1704 4602 et
1747 4540 1960 4602 deinde
2020 4542 2081 4600 in
2137 4539 2425 4599 editiones
2479 4550 2860 4620 propagatum
