3178 5185
589 402 674 466 74
1270 407 1653 464 COMMENT.
1691 408 1772 462 IN
1809 406 2186 462 VARRONIS

548 623 554 628 ,
589 584 766 645 opus
803 571 1104 644 propter
1143 562 1468 624 frondem
1507 564 1806 624 maxime
1846 564 2000 624 sine
2038 564 2476 623 detrimento
2503 571 2882 643 ponuntur

588 692 621 733 a
667 670 1250 752 septemtrionali
1295 670 1535 750 parte]
1587 672 1743 732 Fros
1789 672 1851 730 in
1899 672 2193 750 excerptis
2239 670 2375 731 Iulii
2421 670 2672 731 Romani
2716 670 2884 749 apud

588 780 919 840 Charisium
965 796 1021 858 p.
1065 776 1210 859 130,
1239 775 1326 839 30
1369 777 1608 858 legitur,
1648 776 1785 853 fros
1829 780 1961 839 sine
2006 797 2047 839 n
2092 781 2316 852 littera,
2371 797 2450 839 ne
2497 777 2728 854 faciat,
2790 782 2881 839 in-

587 891 719 963 quit
763 889 1016 966 Plinius,
1057 884 1300 961 frontis,
1348 888 1531 960 quasi
1572 902 1693 946 non
1741 887 1989 946 dicatur
2033 887 2158 945 nisi
2192 884 2372 961 frons
2416 875 2492 944 τὸ
2546 878 2884 963 μέτωπον,

587 996 752 1069 quod
782 1012 846 1054 se
887 994 1159 1069 probare
1206 994 1371 1072 dicit,
1417 994 1704 1066 quoniam
1751 994 2022 1052 anticum
2060 1009 2100 1051 u
2139 1009 2258 1052 non
2297 993 2637 1068 recipiebat
2673 1010 2733 1064 n,
2773 993 2887 1051 sed

589 1121 703 1163 nec
749 1118 885 1163 cum
933 1102 1115 1160 vertit
1160 1101 1221 1158 in
1269 1116 1332 1159 0:
1393 1097 1592 1159 Varro
1630 1116 1839 1159 rerum
1885 1102 2262 1160 rusticarum
2299 1100 2455 1159 libro
2495 1099 2548 1172 I,
2589 1100 2786 1157 ulmos
2824 1103 2886 1156 et

578 1212 851 1285 populos,
898 1209 1060 1267 unde
1106 1212 1196 1267 est
1234 1204 1388 1281 fros,
1436 1208 1594 1266 idem
1633 1208 2063 1280 antiquitatum
2101 1205 2520 1266 Romanarum
2557 1206 2718 1266 libro
2758 1204 2830 1263 X
2843 1204 2892 1263 V

581 1315 717 1392 fros
774 1314 1031 1391 faenum
1094 1315 1316 1374 messis.
1392 1310 1572 1387 frons
1637 1320 1731 1372 est
1796 1313 1857 1372 in
1922 1311 2090 1373 libris
2156 1329 2333 1372 manu
2398 1312 2638 1389 scriptis
2704 1309 2888 1370 Nonii

586 1440 640 1501 p.
684 1419 830 1501 114,
866 1419 924 1501 1,
979 1419 1082 1481 ubi
1129 1418 1453 1479 Muellerus
1509 1420 1778 1486 restituit
1825 1418 1988 1499 fros,
2046 1418 2201 1497 quod
2260 1417 2401 1478 olim
2446 1416 2687 1495 Lipsius
2747 1435 2888 1477 con-

589 1530 839 1608 iecerat,
894 1529 1049 1588 Fros
1095 1544 1215 1602 pro
1257 1525 1502 1602 frondis
1563 1525 1866 1601 Verqilius
1918 1527 2357 1601 Georqicorum
2414 1526 2491 1585 II
2537 1527 2891 1601 praecipue

586 1653 724 1696 cum
771 1634 909 1711 fros
969 1643 1181 1695 tenera
1240 1636 1695 1710 inprudensque
1750 1635 2054 1714 laborum,
2135 1632 2333 1693 Varro
2399 1634 2474 1693 de
2517 1651 2588 1693 re
2640 1635 2888 1693 rustica

585 1744 685 1804 lib.
725 1744 766 1802 I
812 1744 976 1817 quod
1034 1742 1183 1801 Cato
1239 1743 1353 1820 ait,
1414 1743 1652 1801 circum
1702 1738 1966 1815 fundum
2020 1743 2210 1800 ulmos
2266 1745 2326 1799 et
2373 1742 2653 1819 populos,
2721 1740 2889 1798 unde

580 1849 716 1924 fros
762 1849 973 1909 ovibus
1010 1855 1070 1909 et
1106 1849 1299 1909 bubus
1344 1850 1438 1907 sit.
1512 1848 1658 1907 item
1696 1845 1845 1907 Non.
1883 1866 1941 1926 p.
1970 1844 2121 1928 486,
2150 1843 2189 1906 9
2244 1845 2441 1906 Varro
2478 1846 2889 1918 Parmenone,

587 1959 870 2017 caeditur
907 1958 1055 2015 lotos
1092 1958 1238 2029 alta,
1269 1954 1408 2031 fros
1447 1956 1679 2014 decidit
1714 1954 2006 2028 Palladis,
2045 1957 2338 2030 platanus
2375 1955 2582 2013 ramis.
2655 1953 2722 2011 in
2767 1969 2886 2013 uno

586 2063 790 2123 codice
855 2062 902 2121 Α
962 2060 1099 2137 fros
1165 2062 1457 2140 scriptum
1522 2069 1614 2121 est
1668 2059 1722 2120 11
1770 2056 1839 2140 5,
1884 2058 1994 2142 113
2060 2062 2120 2120 in
2186 2061 2316 2139 ipso
2381 2058 2705 2138 archetypo
2776 2059 2890 2119 fuit

586 2172 796 2231 tondes
840 2186 950 2248 pro
999 2170 1251 2230 tondens
1298 2167 1322 2226 Ι
1361 2164 1536 2243 37,2
1585 2174 1647 2228 et
1689 2170 1826 2243 qlas
1863 2165 1944 2226 111
1982 2163 2043 2246 2,
2078 2163 2178 2229 12.
2228 2164 2329 2247 13,
2365 2164 2419 2227 1.
2466 2196 2537 2207 —
2583 2165 2809 2226 deinde
2847 2185 2886 2227 a

583 2278 1063 2353 septemtrionali
1097 2281 1283 2351 parte
1330 2274 1512 2335 editio
1560 2275 1840 2353 princeps
1898 2292 1929 2333 a
1976 2273 2266 2335 Politiano
2324 2290 2444 2333 non
2501 2279 2779 2333 correcta
2829 2281 2889 2334 et

585 2381 918 2463 apographa
973 2380 1283 2461 Italorum,
1350 2400 1390 2441 a
1453 2384 1936 2458 septemtrionali
1979 2384 2172 2458 playa
2227 2380 2275 2439 A
2322 2398 2380 2441 m
2447 2389 2505 2440 et
2571 2388 2886 2441 corrector

513 2537 517 2542 .
587 2489 812 2549 codicis
857 2487 1186 2548 Florentini
1235 2505 1304 2548 ex
1354 2496 1553 2549 vetere
1603 2486 2078 2568 interpolatione,
2136 2505 2285 2566 quae
2333 2488 2394 2546 in
2441 2486 2716 2546 Aldinam
2767 2487 2883 2547 edi-

587 2599 808 2657 tionem
864 2604 1105 2675 recepta
1172 2604 1233 2656 et
1287 2595 1501 2656 deinde
1558 2597 1621 2655 in
1684 2594 1944 2674 reliquas
1999 2604 2321 2675 propagata
2377 2602 2519 2654 erat.
2602 2596 2667 2655 in
2728 2613 2886 2656 com·

584 2704 880 2782 positione
946 2701 1266 2762 verborum
1331 2701 1551 2762 frustra
1619 2700 2036 2762 laboraverunt
2100 2704 2489 2782 interpreteS,
2555 2719 2696 2762 cum
2766 2721 2883 2763 non

587 2807 1127 2869 animadverterent
1172 2808 1319 2868 haec
1367 2807 1565 2890 verba,
1611 2811 1723 2869 sed
1756 2809 1872 2868 hoc
1909 2840 1991 2849 —
2032 2811 2313 2882 maxime,
2353 2825 2385 2867 a
2421 2807 2671 2887 reliquis
2716 2828 2882 2890 sepa-

585 2924 712 2976 rata
768 2924 827 2975 et
888 2916 950 2974 in
1005 2913 1349 2994 parenthesi
1406 2916 1758 2992 interposita
1814 2931 1966 2977 esse.
2043 2932 2178 2974 nam
2236 2932 2386 2993 quae
2441 2932 2473 2974 a
2524 2913 2753 2977 Catone
2812 2917 2882 2977 de

585 3021 763 3083 ulmis
823 3028 883 3082 et
929 3021 1163 3102 populis
1210 3021 1438 3081 frondis
1477 3038 1653 3081 causa
1693 3022 1920 3081 circum
1968 3021 2218 3081 fundum
2256 3020 2525 3082 serendis
2560 3032 2883 3103 praecepta

591 3136 781 3211 erant,
828 3147 894 3188 ea
943 3130 1024 3188 ita
1071 3124 1342 3207 probavit
1379 3127 1583 3209 Varro,
1619 3136 1699 3188 ‘ut
1745 3146 1844 3188 eas
1891 3126 2137 3189 arbores
2175 3130 2303 3188 sine
2342 3127 2701 3189 detrimento
2743 3131 2885 3209 poni

586 3256 618 3296 a
666 3234 1132 3316 septemtrionali
1180 3243 1347 3313 parte
1396 3234 1642 3315 diceret,
1673 3238 2006 3314 'propterea
2055 3234 2212 3314 quod
2261 3233 2344 3295 ibi
2399 3253 2517 3295 non
2566 3236 2882 3296 officerent

588 3342 714 3403 soli.
790 3340 964 3402 simul
1003 3341 1301 3424 adnotavit
1340 3359 1533 3420 neque
1572 3342 1636 3401 in
1677 3341 1953 3402 omnibus
1993 3341 2192 3402 fundis
2221 3340 2280 3401 id
2310 3359 2463 3420 opus
2492 3359 2645 3423 esse,
2683 3360 2880 3421 neque

589 3448 692 3510 ubi
747 3466 897 3527 opus
956 3456 1140 3530 esset,
1205 3457 1452 3528 propter
1508 3448 1781 3508 frondem
1837 3451 2089 3509 maxime
2145 3449 2292 3510 fieri.
2377 3449 2614 3527 saepius
2681 3440 2881 3510 autem

586 3554 926 3617 huiusmodi
975 3556 1306 3635 sententiiS,
1355 3553 1571 3633 quibus
1620 3557 1990 3635 interpositis
2039 3574 2227 3616 nexus
2271 3554 2591 3616 verborum
2630 3573 2877 3636 suspeu-

588 3664 767 3743 ditur‚
816 3680 961 3723 usus
1008 3669 1117 3744 est,
1170 3679 1321 3740 quae
1370 3679 1489 3721 non
1546 3660 1847 3723 intellecta
1903 3662 2333 3741 compositione
2390 3660 2712 3723 verborum
2762 3662 2876 3722 edi-

587 3769 819 3831 toribus
866 3768 1273 3829 difficultatem
1326 3774 1704 3846 paraverunt.

764 3873 808 3936 4
871 3874 1000 3935 Ille
1048 3875 1278 3935 adicit
1316 3874 1397 3935 ab
1435 3875 1683 3936 eodem
1721 3874 2129 3955 scriptore]
2174 3874 2548 3954 Quicumque
2588 3879 2875 3937 rationem

588 3985 881 4044 sermonis
926 4000 959 4042 a
996 3980 1259 4042 Varrone
1297 3983 1556 4043 instituti
1595 3981 1745 4042 bene
1785 3985 2175 4065 perspexerit,
2223 4001 2339 4043 non
2380 3982 2694 4065 dubitabit,
2738 3985 2877 4062 quin

587 4092 658 4151 ad
708 4074 977 4149 Scrofam
1022 4088 1167 4149 haec
1214 4090 1568 4169 pertineant,
1616 4107 1736 4149 non
1784 4089 1853 4149 ad
1904 4089 2228 4171 Stolonem,
2275 4092 2432 4151 sicut
2477 4090 2783 4151 Gesnerus
2820 4098 2877 4149 et

588 4197 990 4258 Schneiderus
1037 4194 1483 4257 adnotaverunt.
1561 4195 1803 4256 Scrofae
1851 4198 2009 4257 enim
2049 4215 2228 4276 supra
2274 4215 2324 4258 c.
2364 4194 2406 4259 3
2442 4204 2763 4277 praecepta
2807 4197 2873 4256 de

587 4306 713 4383 agri
770 4302 1001 4364 cultura
1059 4301 1343 4363 tradenda
1401 4302 1669 4363 mandata
1720 4311 1916 4383 erant,
1974 4322 2091 4381 quo
2150 4322 2395 4364 munere
2454 4306 2535 4364 ita
2576 4305 2877 4383 fungitur,

589 4421 656 4472 ut
703 4413 829 4490 ipse
887 4428 1223 4470 sermonem
1280 4415 1473 4490 regat,
1527 4410 1746 4488 reliqui
1801 4409 2179 4471 brevioribus
2236 4409 2613 4471 sermonibus
2665 4411 2874 4471 additis

590 4535 657 4578 ea
708 4535 856 4595 quae
903 4515 977 4576 ab
1022 4516 1121 4578 illo
1170 4516 1465 4597 disputata
1519 4525 1691 4578 erant
1737 4525 2008 4596 augeant.
2099 4519 2298 4597 itaque
2346 4525 2665 4597 postquam
2715 4516 2872 4578 Stolo
