3178 5185
770 391 1032 445 RERVM
1069 390 1551 447 RVSTIOARVM
1587 391 1724 446 LIB.
1762 391 1787 444 I
1828 389 1997 446 6—-7
2447 384 2528 447 31

281 543 438 605 voluit
483 543 752 626 UrsinuS,
802 546 960 625 quod
1010 545 1412 613 Schneiderus
1466 545 1755 625 probavit.
1843 547 1907 604 in
1954 544 2049 604 his
2096 544 2371 606 omnibus
2418 545 2532 606 lec-

276 653 464 711 tionem
504 652 813 732 archetypi
852 655 1106 713 restitui.
1173 672 1307 713 nam
1346 671 1485 732 ager
1524 671 1643 712 non
1680 654 1741 712 in
1780 669 1957 712 unam
1995 660 2223 730 partem
2265 671 2531 732 vergenS,

275 759 360 817 sed
403 758 468 818 ad
514 757 771 819 libellam
820 779 1047 838 aequus
1099 769 1254 842 tum,
1311 779 1448 820 cum
1493 759 1716 820 imbres
1772 760 1922 819 fiunt
1977 777 2169 837 neque
2226 759 2531 839 delapsum

276 882 429 942 aquae
474 863 677 944 habet,
736 864 1086 944 uliginosus
1122 867 1216 949 fit,
1271 866 1450 945 idque
1505 868 1565 926 in
1623 884 1694 926 eo
1741 884 1958 944 genere
2015 885 2292 945 agrorum
2346 870 2530 945 magis

275 970 476 1052 accidit,
521 973 711 1050 siquis
760 982 1004 1052 propter
1051 972 1290 1033 lacunas
1337 971 1727 1059 inaequabilis
1774 981 1879 1032 est.

422 1076 602 1137 Haec
676 1078 903 1156 adque
969 1078 1472 1139 huiuscemodi
1531 1081 1670 1139 tria
1729 1079 2019 1158 fastigia
2067 1081 2217 1158 agri
2274 1079 2353 1139 ad
2413 1098 2527 1140 co-

272 1183 522 1245 lendum
553 1184 1012 1263 disperiliter
1040 1184 1305 1245 habent
1335 1184 1804 1263 momentum]
1836 1187 2223 1263 Disperilz‘ter
2252 1186 2532 1246 hocloco

273 1292 323 1350 in
355 1291 661 1370 archetypo
701 1292 813 1351 fuit
842 1301 902 1352 et
941 1295 1255 1368 disperiles
1292 1291 1372 1352 111
1404 1290 1506 1373 14,
1535 1290 1577 1352 4
1618 1312 1656 1352 a
1685 1291 1879 1352 littera
1919 1295 1979 1352 in
2012 1292 2377 1353 derivatione
2408 1294 2466 1351 iu
2498 1311 2532 1353 e

274 1405 482 1479 mutata,
510 1401 652 1459 item
685 1397 864 1475 gloss.
884 1396 1196 1475 graecolat.
1219 1417 1269 1457 v.
1294 1397 1345 1456 11
1365 1417 1423 1477 p.
1444 1394 1549 1478 52,
1565 1395 1650 1459 39
1682 1401 1967 1475 disperile
1995 1393 2240 1479 ἄζυγον
2270 1391 2533 1478 ἄνισον,

271 1514 447 1564 contra
484 1506 780 1582 disparile
812 1502 868 1562 ΙΙ
909 1501 1009 1584 11,
1039 1501 1098 1564 4.
1176 1507 1389 1581 dispar
1427 1504 1519 1564 vel
1564 1508 1859 1582 disparile
1897 1508 2151 1567 coniecit
2189 1506 2469 1567 Ursinus:
2508 1506 2534 1565 Ι

272 1608 407 1693 18,8
434 1615 594 1688 quod
619 1619 977 1671 momentum
1007 1629 1080 1671 ea
1111 1630 1210 1672 res
1230 1613 1471 1672 habeat.
1520 1612 1624 1671 sed
1656 1615 1935 1691 quoniam
1960 1613 2033 1673 de
2065 1613 2256 1674 tribus
2286 1615 2534 1693 fastigiis

271 1726 324 1777 et
370 1736 561 1779 eorum
623 1719 679 1778 vi
733 1720 795 1777 in
855 1717 1086 1778 cultura
1144 1720 1272 1797 agri
1327 1718 1552 1779 dictum
1610 1728 1737 1780 erat
1792 1723 1852 1780 in
1920 1720 2356 1802 superioribuS,
2416 1740 2535 1781 non

268 1832 473 1902 poterat
515 1843 675 1886 nunc
724 1825 841 1884 dici
887 1825 1033 1885 haec
1081 1824 1311 1904 fastigia
1359 1825 1580 1904 dispari
1628 1826 1803 1885 modo
1852 1827 1922 1886 ad
1961 1826 2273 1888 colendum
2313 1827 2533 1888 habere

272 1942 602 1993 momentum
633 1934 742 2012 sic,
779 1934 950 2011 quasi
989 1949 1136 1992 nova
1175 1931 1247 1991 de
1287 1951 1358 1992 eo
1399 1932 1742 1993 discrimine
1782 1933 2102 2013 disputatio
2138 1934 2533 1995 subiceretur.

272 2056 429 2115 quare
475 2040 688 2118 scripsi
734 2041 889 2100 haec
945 2045 1006 2100 et
1058 2041 1312 2100 huiusce
1356 2042 1522 2100 modi
1573 2043 1698 2100 tria
1742 2038 2001 2115 fastiyia
2058 2047 2118 2101 et
2171 2035 2290 2123 (vel
2345 2035 2533 2124 quae)

270 2147 343 2204 ad
378 2148 684 2207 colendum
723 2148 1093 2223 disperiliter
1130 2147 1355 2207 habent
1389 2154 1762 2221 momentum,
1799 2147 1856 2208 h.
1897 2166 1948 2207 e.
1994 2147 2139 2207 haec
2178 2156 2237 2207 et
2283 2147 2533 2209 huiusce

270 2251 406 2312 modi
455 2262 591 2314 sunt
649 2254 761 2312 tria
815 2252 912 2313 illa
970 2253 1229 2333 fastigia,
1277 2271 1426 2333 quae
1489 2272 1670 2332 supra
1726 2253 1881 2313 dicta
1938 2263 2131 2334 erant,
2197 2263 2256 2315 et
2310 2254 2532 2334 dispari

270 2359 436 2435 modo,
480 2362 635 2420 sicut
683 2360 909 2420 dictum
957 2369 1067 2442 est,
1113 2359 1184 2421 ad
1234 2360 1546 2421 colendum
1594 2359 1813 2420 habent
1860 2369 2243 2422 momentum.

419 2464 590 2528 V112
647 2466 749 2526 De
799 2468 1063 2527 formae
1112 2467 1399 2529 cultura
1442 2467 1575 2527 hoc
1624 2468 1784 2528 dico
1834 2487 2009 2547 quae
2063 2469 2304 2548 specie
2352 2469 2532 2529 fiant

272 2577 667 2636 uenustiora
742 2577 948 2653 sequi
1014 2583 1092 2635 ut
1166 2576 1431 2650 maiore
1509 2594 1795 2655 quoque
1861 2575 2104 2637 fructu
2184 2573 2364 2652 sint]
2441 2576 2534 2636 Be

266 2680 442 2754 forma
494 2687 779 2744 culturae
833 2684 948 2744 hoc
1004 2685 1169 2758 dice,
1227 2701 1386 2758 quae
1440 2686 1642 2759 specie
1695 2686 1818 2743 sint
1871 2686 2214 2744 venustiore
2258 2682 2534 2744 Ursinus,

273 2788 472 2850 cultura
509 2791 734 2850 formae
774 2790 992 2849 dicitur
1032 2808 1181 2868 quae
1213 2789 1282 2850 ad
1324 2807 1451 2849 eam
1492 2792 1617 2868 agri
1655 2789 1922 2871 formam,
1961 2808 2137 2868 quam
2168 2801 2376 2850 natura
2414 2790 2531 2872 dat,

275 2895 488 2957 colendo
533 2896 793 2976 accedit,
832 2897 906 2957 de
954 2915 1071 2976 quo
1121 2896 1345 2958 dictum
1393 2906 1520 2956 erat
1567 2915 1748 2976 supra
1796 2893 1854 2977 6,
1886 2894 1921 2956 1
1971 2901 2170 2958 altera
2208 2915 2390 2972 quam
2435 2916 2531 2957 sa-

274 3004 434 3065 tiones
477 3008 792 3083 inponunt.

419 3110 510 3171 Ex
569 3129 742 3171 aruo
808 3128 1032 3189 aeque
1089 3129 1377 3189 magnos
1437 3110 1613 3171 male
1680 3109 1999 3188 consito]
2069 3111 2330 3185 Maqnos
2394 3130 2529 3190 apo-

273 3216 477 3300 grapha,
504 3236 726 3293 mayno
758 3217 999 3298 Merula,
1030 3218 1186 3297 quod
1216 3220 1278 3277 in
1309 3220 1576 3298 principe
1609 3218 1865 3279 editione
1900 3217 2225 3278 Politianus
2257 3237 2373 3278 non
2401 3237 2529 3278 cor·

273 3326 418 3406 rexit,
453 3343 670 3401 maqno
716 3327 829 3386 sed
871 3344 930 3385 m
971 3334 1031 3385 et
1069 3335 1377 3385 corrector
1415 3325 1637 3386 codicis
1676 3325 2021 3407 Florentini,
2069 3326 2224 3404 quod
2272 3326 2408 3386 inde
2456 3325 2528 3385 ab

273 3426 446 3490 Aldina
483 3433 740 3492 editione
772 3430 843 3491 ab
874 3432 1204 3492 editoribus
1234 3441 1541 3510 receptum
1572 3440 1716 3491 erat.
1786 3432 1968 3492 multa
2008 3442 2204 3492 autem
2235 3435 2296 3492 in
2326 3433 2529 3493 arche-

272 3541 386 3613 typo
422 3538 608 3599 addita
646 3558 676 3599 s
716 3538 912 3599 littera
952 3547 1232 3619 corrupta
1263 3548 1451 3621 erant,
1482 3538 1802 3617 exquibus
1833 3541 2030 3599 notavi
2058 3538 2221 3619 haec,
2252 3558 2400 3618 quae
2432 3540 2529 3599 ad-

274 3641 498 3705 scribere
536 3644 694 3706 haud
734 3646 944 3706 inutile
987 3655 1096 3727 est,
1136 3648 1413 3725 quoniam
1451 3646 1705 3724 plurima
1745 3644 2073 3705 editoribus
2114 3646 2306 3706 fraudi
2346 3648 2529 3706 fuisse

275 3747 438 3830 video,
483 3753 767 3832 quaedam
818 3772 956 3813 vero
1006 3755 1181 3813 etiam
1227 3755 1290 3812 in
1337 3756 1465 3833 ipso
1513 3762 1711 3813 vetere
1764 3752 1969 3813 codice
2028 3763 2295 3813 correcta
2343 3762 2531 3833 erant,

277 3854 405 3916 sicut
445 3859 549 3920 hoc
597 3862 796 3939 ipsum
833 3878 1113 3935 maynos:
1159 3860 1185 3919 I
1223 3858 1281 3941 8,
1311 3859 1352 3920 4
1393 3868 1693 3941 pertuSOS,
1740 3859 1842 3919 ubi
1871 3867 2018 3920 'cum
2050 3858 2248 3934 fundo
2278 3867 2528 3946 pertuso

276 3962 616 4028 scribendum
666 3976 785 4047 est,
853 3964 911 4049 9,
942 3964 982 4028 3
1024 3967 1224 4042 facies
1272 3974 1546 4042 terrena,
1607 3965 1709 4048 12,
1737 3964 1782 4028 4
1830 3970 2209 4045 improuiSOS,
2277 3965 2379 4026 ubi
2427 3970 2527 4026 im-

269 4074 475 4140 proviso
519 4065 919 4154 scribendum,
970 4070 1070 4152 16,
1101 4070 1139 4134 6
1181 4075 1428 4151 αάεἰεῖα,
1480 4069 1581 4154 19,
1614 4072 1647 4134 1
1693 4076 1945 4149 οῖὶαετὶε,
1999 4070 2159 4155 19,3
2205 4076 2382 4148 iuyus
2418 4092 2526 4151 pro

276 4174 464 4258 iuqum,
506 4179 609 4260 20,
634 4179 667 4241 1
718 4183 958 4260 niqri.3,
1008 4177 1111 4260 22,
1141 4175 1181 4239 3
1219 4198 1330 4239 sex
1365 4198 1410 4239 3.
1443 4187 1664 4255 crates,
1703 4176 1870 4261 39,3
1907 4182 2089 4240 uiuus
2125 4183 2387 4255 radiceS,
2428 4178 2528 4239 ubi

274 4283 388 4341 viva
428 4290 632 4349 radice
678 4286 1063 4347 scribendum
1112 4294 1220 4359 est,
1269 4282 1356 4346 54
1402 4290 1464 4347 in
1511 4289 1823 4347 uindemia
1872 4276 2193 4362 diliqentz‘S,
2250 4283 2334 4346 64
2382 4289 2526 4346 leni·

277 4387 444 4469 liqniS,
485 4393 532 4452 ll
569 4391 628 4474 3,
658 4392 700 4454 2
749 4396 1038 4468 ηιαῖὶονῑε,
1087 4391 1146 4474 3,
1179 4391 1214 4452 7
1265 4397 1500 4455 inimici
1541 4396 1811 4467 sationiS,
1860 4392 1961 4453 ubi
2008 4395 2246 4467 sationi,
2287 4391 2345 4472 3,
2376 4391 2414 4454 8
2465 4397 2527 4453 in

278 4509 499 4572 campos,
535 4501 634 4562 ubi
677 4504 739 4561 in
777 4519 990 4578 campo
1031 4500 1411 4561 scribendum
1451 4510 1556 4575 est,
1596 4497 1657 4582 4,
1686 4498 1726 4561 3
1768 4503 1830 4561 in
1868 4502 2214 4574 carnariOS,
2251 4497 2313 4582 4,
2340 4497 2428 4561 20
2466 4502 2528 4560 in
