3178 5185
574 392 659 462 96
1255 406 1638 464 coMMENT.
1676 408 1755 461 IN
1792 408 2167 463 VARRONIS

576 560 758 622 bitur.
831 566 1166 624 accuratius
1213 573 1408 623 autem
1456 562 1922 644 TheophrastUS,
1960 583 1989 623 a
2040 582 2157 643 quo
2206 562 2388 624 Varro
2437 566 2496 623 in
2547 564 2655 625 hac
2694 575 2866 644 parte

573 668 824 747 plurima
890 671 1121 747 petivit,
1169 689 1385 749 genera
1446 672 1739 731 sationum
1788 669 2056 731 distinxit
2101 670 2237 731 hist.
2285 671 2464 750 plant.
2511 670 2565 730 11
2606 668 2663 752 1,
2706 670 2739 733 1
2794 669 2873 731 αἱ

573 769 863 854 γενέσεις
907 773 1043 837 τῶν
1092 771 1396 856 δένδρων
1450 770 1559 837 καὶ
1610 767 1781 849 ὅλως
1825 774 1962 838 τῶν
2019 774 2253 857 φυτῶν
2308 766 2350 857 ἢ
2408 768 2770 857 αὐτόματοι
2824 768 2864 859 ἢ

571 872 701 942 άπὸ
749 877 1117 962 σπέρματος
1162 872 1204 963 ἢ
1253 875 1382 945 άπὸ
1431 878 1611 965 ῥίζης
1656 872 1699 962 ἢ
1750 873 1879 943 ἀπὸ
1927 876 2366 964 παρασπάδος
2410 874 2452 964 ἢ
2500 875 2631 945 άπὸ
2681 876 2870 965 ἀκρε-

569 980 778 1068 μόνος
821 977 863 1069 ἢ
911 979 1040 1050 άπὸ
1086 982 1341 1063 κλωνὸς
1384 979 1426 1070 ἢ
1473 981 1585 1050 ἀπ’
1638 979 1845 1050 αὐτοῦ
1892 987 2011 1051 τοῦ
2058 984 2403 1071 στελέχους
2449 984 2622 1051 εἰσὶν
2667 980 2715 1071 ἦ
2768 990 2867 1052 ἔτι

571 1092 693 1157 τοῦ
759 1088 963 1170 ξύλου
1025 1091 1509 1169 κατακοπέντος
1580 1094 1676 1168 εἰς
1746 1088 1975 1176 μικρά·
2056 1090 2168 1158 καὶ
2233 1090 2358 1177 γὰρ
2435 1088 2646 1170 οὕτως
2718 1095 2869 1160 ἔνια

573 1193 828 1282 φύεται.
901 1222 1010 1283 pro
1062 1203 1152 1264 his
1201 1206 1312 1265 tria
1350 1221 1569 1283 genera
1609 1205 1809 1283 posuit
1845 1202 2028 1264 Varro
2067 1206 2259 1284 iisque
2306 1204 2527 1265 addidit
2565 1217 2865 1287 quartum,

572 1309 731 1388 quod
787 1311 853 1370 fit
907 1309 1315 1392 insitionibuS,
1372 1330 1518 1390 quas
1574 1310 2022 1389 Theophrastus
2068 1310 2145 1373 ib.
2190 1308 2246 1392 1,
2281 1310 2448 1373 4·a⁴
2482 1329 2547 1373 se
2613 1314 2866 1373 omissas

570 1434 700 1476 esse
749 1415 974 1498 scribit,
1019 1413 1095 1477 αἰ
1133 1408 1259 1498 γὰρ
1310 1413 1657 1498 έμφυτεῖαι
1700 1410 1810 1478 καὶ
1857 1412 1927 1477 οἰ
1968 1411 2506 1499 ἐνοφθαλμισμοὶ
2551 1410 2865 1500 καθάπερ

570 1520 776 1603 μίξεις
837 1518 1012 1597 τινές
1076 1520 1247 1584 εἰσιν
1312 1512 1560 1610 ἤματ’
1615 1514 1824 1584 ἄλλον
1878 1515 2131 1604 τρόπον
2188 1521 2507 1605 γενέσεις,
2555 1519 2705 1607 περὶ
2762 1511 2867 1589 ὧν

562 1622 848 1711 ὕστερον
895 1625 1178 1692 λεκτέον.
1270 1631 1526 1709 primum
1575 1632 1759 1709 igitur
1807 1648 1996 1709 genus
2040 1633 2240 1710 posuit
2289 1631 2459 1713 illud,
2507 1633 2663 1712 quod
2726 1624 2866 1694 άπὸ

565 1732 936 1818 σπέρματος
992 1736 1437 1817 Theophrastus
1484 1736 1661 1817 dixit,
1707 1738 2034 1817 eodemque
2092 1756 2310 1817 genere
2370 1739 2715 1818 complexus
2769 1750 2872 1802 est

563 1834 978 1928 αὐτομάτους
1044 1839 1335 1924 γενέσεις
1400 1845 1594 1923 ipsum
1652 1843 2123 1923 Theophrastum
2182 1844 2319 1907 hist.
2375 1845 2556 1925 plant.
2604 1845 2683 1906 111
2725 1845 2779 1921 1,
2822 1845 2872 1907 4

569 1958 627 2011 et
674 1950 747 2010 de
795 1969 953 2011 caus
1000 1950 1181 2030 plant.
1221 1950 1246 2009 Ι
1285 1947 1327 2011 5
1374 1959 1645 2032 secutus3
1693 1950 1944 2012 alterum
1993 1959 2085 2011 est
2140 1942 2269 2013 άπὸ
2338 1948 2549 2033 ῥίζης,
2615 1956 2868 2014 tertium

570 2059 839 2142 ,continet
896 2058 1123 2137 reliqua
1181 2075 1299 2118 non
1358 2057 1661 2138 subtiliuS,
1709 2059 1865 2119 sicut
1928 2076 1958 2118 a
2006 2057 2412 2138 Theophrasto
2472 2059 2695 2120 factum
2753 2069 2870 2142 est,

568 2164 863 2227 distincta.

738 2279 835 2332 XL
870 2270 903 2333 1
954 2271 1041 2332 Et
1087 2275 1145 2332 si
1194 2291 1368 2352 aqua
1408 2289 1583 2352 quae
1634 2271 1999 2333 influitin
2040 2290 2282 2352 agrum
2328 2273 2604 2335 inferre
2645 2273 2866 2352 solet]

563 2381 639 2440 Et
681 2382 739 2440 si
782 2383 843 2440 in
893 2398 1056 2454 aqua
1102 2398 1261 2455 quae
1297 2384 1441 2456 fluit
1484 2388 1543 2442 et
1591 2384 1652 2441 in
1700 2398 1919 2455 ayrum
1967 2379 2204 2455 inferre
2247 2385 2396 2440 solet
2434 2380 2757 2463 IucunduS‚
2796 2391 2864 2443 et

561 2490 617 2547 si
660 2503 994 2561 qua-aqua
1041 2504 1200 2561 quae
1247 2490 1447 2562 influit
1484 2506 1613 2567 sqq.
1660 2485 1994 2565 Nettleship
2043 2486 2232 2547 annai.
2278 2486 2479 2566 philol.
2520 2488 2864 2569 Cantabrig.

568 2612 616 2655 a.
670 2589 837 2655 1887
886 2613 943 2673 p.
987 2590 1130 2657 173.
1205 2592 1389 2655 Varro
1439 2597 1732 2674 expressit
1778 2594 1943 2675 haec,
1991 2612 2139 2673 quae
2187 2592 2261 2654 de
2308 2594 2654 2676 Anaxagora
2701 2597 2864 2676 apud

563 2700 1036 2781 Theophrastum
1105 2704 1322 2781 scripta
1380 2703 1631 2784 invenit,
1678 2700 1816 2762 hist.
1873 2699 2052 2780 plant.
2100 2699 2179 2760 111
2223 2699 2275 2781 1,
2310 2699 2360 2761 4
2415 2693 2868 2783 Ἀναξαγόρας

557 2800 680 2888 μὲν
744 2799 864 2869 τὸν
931 2797 1095 2887 άέρα
1156 2801 1431 2869 πάντων
1494 2799 1777 2889 φάσκων
1842 2805 2017 2887 ἔχειν
2081 2801 2421 2898 σπέρματα
2478 2803 2587 2868 καὶ
2650 2806 2864 2870 ταῦτα

558 2907 1193 2995 συγκαταφερόμενα
1239 2911 1328 2999 τῷ
1374 2904 1571 2975 ὕδατι
1619 2910 1872 2993 γεννᾶν
1916 2907 1994 2974 τὰ
2042 2905 2219 2994 φυτά
2266 2923 2327 2974 et
2364 2914 2435 2975 de
2476 2935 2636 2977 caus,
2675 2917 2862 2996 piant.

557 3024 582 3083 Ι
621 3018 680 3105 5,
721 3022 761 3084 2
808 3020 869 3084 εἰ
926 3016 999 3083 δὲ
1047 3014 1129 3102 δὴ
1175 3016 1286 3083 καὶ
1334 3012 1370 3082 ὁ
1429 3012 1556 3103 ἀὴρ
1615 3016 1952 3102 σπέρματα
2009 3019 2248 3083 δίδωσι
2308 3018 2857 3104 συγκαταφέρων,

556 3122 775 3212 ὥσπερ
837 3123 1048 3211 φησὶν
1098 3120 1569 3210 Ἀναξαγόρας,
1627 3121 1736 3188 καὶ
1795 3128 2020 3210 πολλῷ
2078 3128 2362 3208 μᾶλλον·
2456 3120 2663 3202 ἄλλας
2726 3122 2857 3209 γὰρ

554 3230 641 3298 ἂν
688 3245 947 3299 ποιοῖεν
995 3226 1198 3317 ἀρχὰς
1242 3229 1354 3296 καὶ
1400 3228 1674 3316 τροφάς.
1750 3233 1844 3295 ἔτι
1883 3226 1946 3296 δ’
1992 3231 2061 3296 οἱ
2102 3229 2384 3315 ποταμοὶ
2430 3229 2540 3296 καὶ
2590 3233 2667 3301 αἱ
2698 3252 2852 3316 συρ-

560 3340 712 3426 ροαὶ
759 3338 868 3405 καὶ
916 3336 1289 3424 έκρήγματα
1334 3339 1468 3404 τῶν
1514 3332 1788 3404 ὑδάτων
1824 3336 2248 3422 πολλαχόθεν
2296 3335 2620 3422 ἐπάγουσι
2661 3340 2849 3423 σπέρ-

558 3472 728 3533 ματα
774 3446 884 3513 καὶ
934 3447 1235 3530 δένδρων
1281 3443 1391 3510 καὶ
1437 3440 1815 3530 ὑλημάτων.

733 3558 915 3619 illud
974 3558 1157 3639 quod
1216 3567 1514 3637 apparet
1571 3557 1650 3617 ad
1708 3556 2097 3636 agricolas]
2156 3559 2255 3617 Ad
2306 3560 2622 3631 ayricolas
2666 3558 2849 3619 deleri

556 3667 738 3728 voluit
784 3665 1056 3726 UrsinuS.
1404 3734 1405 3737 Ἴ

731 3772 1081 3843 Quaedam
1130 3774 1313 3833 enim
1360 3770 1443 3831 ad
1491 3770 1888 3832 cenendum
1948 3781 2329 3851 propterea
2392 3789 2620 3850 usque
2676 3771 2846 3831 adeo

551 3899 768 3962 parua
819 3887 893 3940 ut
940 3881 1093 3938 sint
1139 3875 1472 3955 obscura]
1523 3880 1623 3938 Ad
1665 3881 1981 3939 oriendum
2026 3885 2169 3955 sunt
2211 3897 2401 3953 usque
2448 3881 2603 3939 adeo
2644 3896 2844 3954 parva

552 3989 707 4050 edita
755 3995 889 4048 ante
942 3985 1264 4046 Victorium
1313 3985 1695 4067 exemplaria,
1744 3989 1830 4046 ad
1876 3988 2220 4061 qenendum
2266 3993 2603 4063 propterea
2659 4003 2844 4061 usque

552 4099 706 4157 adeo
765 4112 965 4171 parva
1021 4091 1333 4173 Victorius,
1425 4095 1512 4152 ad
1575 4096 1945 4154 cernendum
2001 4095 2059 4153 in
2119 4087 2349 4153 ‘vetere
2419 4088 2656 4153 codice'
2714 4110 2840 4153 esse

552 4203 806 4264 Ursinus
854 4200 1179 4280 adnotavit,
1226 4201 1324 4260 cui
1379 4201 1629 4261 nimium
1676 4200 1934 4261 confisus
1998 4210 2088 4260 est
2136 4198 2563 4281 SchneideruS‚
2614 4202 2717 4279 qui
2761 4202 2842 4260 ad

553 4311 924 4371 cernendum
990 4324 1179 4381 usque
1236 4309 1389 4366 adeo
1434 4325 1640 4383 parva
1696 4306 1872 4367 dedit.
1965 4325 2159 4387 neque
2225 4309 2381 4367 enim
2453 4306 2836 4367 dubitandum

551 4427 660 4496 est,
707 4417 848 4494 quin
899 4417 985 4474 ad
1024 4416 1367 4488 qenendum
1414 4423 1574 4473 recte
1626 4414 2029 4474 emendaverit
2064 4413 2363 4474 Victorius
2410 4423 2467 4473 et
2515 4431 2691 4493 supra
2734 4431 2833 4488 qe-

553 4526 753 4585 nendi.
827 4520 929 4580 sed
977 4523 1243 4601 ineptum
1292 4529 1385 4581 est
1422 4530 1771 4599 propterea,
1819 4542 1927 4602 pro
1976 4541 2093 4601 quo
2132 4540 2335 4600 prona
2387 4524 2620 4602 scripsi,
2656 4539 2833 4597 quae-
