3178 5185
796 439 1055 494 RERVM
1093 438 1569 495 RVSTICARVM
1607 440 1742 495 LIB.
1782 441 1806 492 Ι
1846 437 2108 495 59-60
2473 431 2596 495 123

320 600 619 656 inmatura
669 598 853 657 obrui
895 603 1066 656 terra
1114 598 1175 656 in
1223 599 1354 657 ollis
1393 595 1589 671 fundo
1628 597 1905 676 effracto,
1942 598 2054 657 sed
2085 599 2305 672 spiritu
2345 599 2595 657 excluso

319 722 387 765 ac
429 707 682 765 surculo
723 707 865 780 pice
920 706 1088 764 inlito
1100 724 1125 774 ;
1158 705 1270 765 ‘sie
1325 706 1504 764 etiam
1560 721 1842 763 crescere
1897 705 2290 780 amplitudine
2344 707 2592 779 maiore,

318 829 488 887 quam
526 814 769 887 possint
813 814 873 871 in
930 813 1171 871 arbore.
1264 812 1391 890 ipse
1438 808 1622 870 Varro
1683 816 1924 870 secutus
1982 817 2073 870 est
2118 810 2595 889 Theophrastum

318 918 382 978 de
429 936 591 979 caus,
640 917 820 997 plant.
858 916 906 975 V
944 914 1003 1000 6,
1045 915 1077 977 1
1137 911 1218 978 τὰ
1265 909 1339 978 δὲ
1397 913 1533 979 τῶν
1586 914 1859 997 καρπῶν
1915 912 2164 997 μεγέθη
2219 921 2356 978 τῶν
2411 937 2596 979 κατο-

316 1019 738 1107 ρυττομένων
786 1020 858 1086 ἐν
903 1031 1045 1098 ταῖς
1090 1019 1378 1105 χύτραις,
1418 1015 1580 1085 ὅταν
1626 1016 1957 1104 κατάγωσι
2002 1018 2159 1097 τοὺς
2203 1014 2593 1105 ἀκρεμόνας,

317 1120 457 1194 οἷον
506 1128 689 1212 ῥοῶν
733 1126 845 1193 καὶ
882 1124 1120 1212 μήλων
1168 1123 1460 1212 εὐλόγως
1505 1129 1774 1211 γίνεται.
1864 1124 1941 1193 τό
1986 1151 2057 1192 τε
2111 1122 2236 1212 γὰρ
2297 1122 2428 1193 ὑπὸ
2475 1128 2595 1193 τοῦ

318 1232 510 1320 ἡλίου
555 1235 665 1301 καὶ
712 1235 834 1301 τοῦ
881 1230 1075 1321 ἀέρος
1120 1230 1627 1319 ἀφαιρούμενον
1674 1229 1713 1319 ἡ
1771 1234 1976 1319 χύτρα
2030 1234 2272 1300 κωλύει
2325 1233 2596 1300 ἀποστέ-

317 1361 523 1427 γουσα
570 1340 683 1407 καὶ
731 1338 864 1427 ἅμα
909 1338 1032 1426 τὴν
1082 1341 1153 1407 ἐκ
1197 1342 1312 1426 τῆς
1356 1343 1478 1426 γῆς
1515 1341 1688 1408 ἕλκει
1724 1344 1980 1425 νοτίδα,
2021 1337 2110 1407 δι’
2154 1331 2232 1426 ἧς
2272 1341 2595 1427 τρέφεται.

317 1475 382 1515 ex
427 1455 522 1514 his
569 1456 828 1533 primum
878 1472 1069 1529 eaque
1114 1458 1172 1515 si
1215 1458 1524 1536 coieceriS,
1563 1457 1718 1515 siout
1765 1456 1825 1514 in
1874 1454 2075 1514 codice
2125 1456 2412 1534 seriptum
2453 1463 2596 1536 erat,

318 1564 572 1623 restitui:
625 1580 758 1621 nam
804 1564 929 1640 ipsa
978 1561 1124 1621 mala
1172 1563 1386 1640 punica
1445 1580 1580 1622 cum
1639 1560 1749 1621 olla
1806 1564 1865 1621 in
1923 1568 2142 1621 terram
2201 1563 2597 1623 coniciuntur.

321 1668 526 1729 deinde
577 1672 799 1730 obteris
848 1667 1226 1730 scribendum
1276 1688 1406 1730 esse
1465 1669 1604 1729 olim
1663 1670 1889 1729 viderat
1934 1668 2149 1729 Petrus
2193 1667 2386 1729 Faber
2441 1687 2599 1729 eom-

322 1786 491 1837 ment.
558 1778 619 1836 in
679 1775 865 1839 Cicer.
922 1776 1177 1837 academ.
1218 1774 1318 1838 18
1367 1796 1421 1856 p.
1462 1774 1593 1838 274
1649 1777 1738 1837 ed.
1798 1776 1986 1836 Davis.
2037 1774 2263 1836 collatis
2319 1777 2393 1836 iis
2449 1795 2599 1855 quae

321 1903 490 1963 supra
542 1903 616 1945 ex
665 1883 853 1945 Plinio
910 1887 1081 1965 posui
1140 1892 1199 1945 et
1253 1887 1441 1964 ipsius
1488 1883 1769 1945 Varronis
1824 1883 2021 1944 verbis
2068 1882 2234 1967 141,
2273 1882 2313 1945 2
2369 1904 2445 1945 ne
2500 1904 2601 1946 ex-

321 1998 616 2055 trinsecus
667 1994 885 2054 imbres
931 1999 1192 2054 noceant
1245 1999 1355 2053 aut
1407 1996 1629 2053 nimius
1675 1996 1865 2067 calor,
1913 1995 2138 2068 arqilla
2199 1994 2600 2053 obtinendum.

318 2100 468 2161 idem
507 2108 716 2180 postea
748 2098 1127 2160 Zahlfeldtius
1167 2101 1446 2181 coniecit3
1485 2102 1778 2160 obleveris
1814 2100 2151 2159 coniecerat
2181 2097 2599 2161 SchneideruS.

320 2207 573 2287 denique
616 2227 694 2269 ne
740 2226 810 2267 ex
848 2206 1079 2267 luntina
1130 2206 1386 2267 editione
1435 2208 1652 2288 recepi,
1699 2225 1892 2281 eaque
1935 2209 1991 2266 si
2034 2209 2328 2267 coieceris
2376 2210 2437 2267 in
2484 2213 2601 2269 ter-

318 2333 447 2376 ram
499 2322 560 2375 et
607 2312 831 2376 obteris
887 2318 1122 2375 circum
1168 2332 1430 2389 ramum,
1478 2334 1554 2375 ne
1600 2317 1982 2375 extrinsecus
2028 2331 2156 2392 sqq.
2182 2347 2271 2356 -
2298 2313 2602 2375 breviores

313 2421 631 2482 verborum
705 2422 923 2481 formas
989 2440 1019 2481 a
1079 2419 1341 2482 Varrone
1418 2430 1734 2500 usurpatas
1815 2439 1943 2481 esse
2017 2426 2152 2499 post
2219 2418 2599 2499 Spengelium

314 2530 604 2591 emendat.
643 2528 886 2589 Varron.
925 2548 1082 2609 spec.
1120 2528 1145 2587 1
1192 2547 1240 2589 a.
1288 2525 1460 2591 1830
1510 2547 1563 2608 p.
1604 2524 1646 2590 5
1694 2527 1992 2589 adnotavit
2029 2527 2350 2597 Kettnerus
2397 2526 2600 2587 obser-

312 2649 420 2700 vat.
462 2641 594 2699 erit.
642 2640 702 2698 in
743 2636 906 2701 Varr.
958 2656 1006 2698 a.
1052 2634 1223 2699 1868
1273 2656 1330 2716 p.
1374 2635 1427 2697 1.
1504 2639 1729 2698 rariora
1777 2638 1905 2697 eius
1953 2638 2189 2715 generis
2238 2634 2502 2714 exempla
2541 2638 2601 2697 in

310 2747 401 2806 his
449 2745 621 2806 libris
669 2752 810 2806 suut
854 2745 1016 2825 haee,
1064 2744 1089 2803 1
1129 2742 1188 2825 8,
1227 2739 1268 2806 5
1315 2748 1602 2821 oppleriS‚
1651 2742 1756 2827 44,
1795 2741 1837 2805 2
1884 2747 2207 2819 requierit,
2254 2741 2334 2802 111
2376 2739 2476 2825 16,
2517 2740 2602 2805 32

312 2845 618 2914 remoris⁴
671 2854 814 2912 item
861 2851 915 2911 11
952 2849 1010 2934 4,
1053 2849 1136 2912 10
1185 2860 1243 2912 et
1291 2848 1351 2933 9,
1391 2849 1426 2912 7
1477 2857 1865 2920 consuerunt,
1915 2849 1966 2909 11
2006 2847 2062 2932 7,
2107 2848 2186 2911 13
2234 2853 2602 2927 consuerint,

311 2980 429 3021 non
489 2966 965 3030 consueverunt;
1019 2957 1045 3019 Ι
1084 2955 1167 3021 36
1215 2962 1402 3039 norit,
1469 2956 1646 3040 1112,
1687 2955 1771 3020 14
1816 2961 1998 3031 nosti,
2070 2953 2170 3039 16,
2209 2954 2249 3018 3
2306 2974 2479 3018 nosse
2544 2965 2603 3017 et

309 3073 565 3130 novisse.
656 3075 962 3147 praeterea
1025 3068 1086 3126 in
1152 3067 1340 3145 prima
1407 3066 1818 3144 coniugatione
1886 3064 2400 3143 frequentissimae
2461 3071 2601 3124 sunt

311 3177 537 3237 formae
586 3175 890 3235 breviores
939 3182 998 3235 et
1043 3173 1343 3254 vulgareS,
1390 3171 1722 3252 pleniorum
1779 3190 1965 3252 pauca
2015 3177 2153 3231 sunt
2209 3170 2501 3250 exempla,
2547 3170 2600 3231 11

311 3284 499 3364 praef.
541 3281 582 3344 2
629 3288 1041 3361 servaverunt,
1089 3280 1142 3340 11
1182 3279 1238 3362 1,
1279 3277 1318 3342 8
1358 3283 1838 3360 nominaverunt,
1875 3279 1954 3341 ib.
1993 3277 2077 3341 28
2128 3281 2602 3356 appellaverunt,

309 3389 490 3472 1119,
530 3387 571 3451 2
630 3397 690 3450 et
749 3387 848 3470 16,
885 3386 969 3450 29
1029 3388 1500 3464 factitaverunt,
1564 3385 1589 3444 1
1634 3383 1733 3467 18,
1772 3383 1810 3447 8
1868 3389 2478 3463 repastinaverimus;
2541 3388 2602 3446 in

311 3506 524 3580 quarta
573 3496 598 3556 1
644 3495 696 3579 1,
738 3494 816 3557 11
868 3505 926 3557 et
972 3495 1025 3555 Π
1069 3493 1166 3576 10,
1206 3492 1244 3556 8
1296 3497 1493 3576 audii,
1557 3493 1582 3552 1
1622 3491 1682 3574 2,
1721 3491 1801 3554 27
1863 3501 1923 3554 et
1964 3492 2058 3554 ,111
2100 3491 2197 3574 16,
2239 3489 2322 3554 10
2377 3497 2603 3574 audivi,

313 3594 543 3685 reliqua
591 3604 719 3664 sine
766 3622 799 3663 ν
846 3602 1067 3683 littera3
1115 3601 1193 3662 111
1234 3600 1289 3683 7,
1332 3599 1367 3662 7
1417 3603 1785 3662 obleverunt.

489 3717 589 3772 LX
654 3710 745 3770 De
820 3709 1150 3771 oliuitate
1225 3709 1418 3769 oleas
1493 3709 1652 3768 esui
1726 3709 1991 3787 optime
2067 3707 2276 3768 condi
2342 3706 2604 3767 scribit

314 3821 481 3882 Cato
531 3819 803 3879 oroites
851 3824 920 3877 et
963 3835 1222 3896 puseas
1280 3816 1516 3875 aridas
1574 3814 1692 3875 uel
1747 3815 2023 3875 uirides
2083 3817 2151 3874 in
2211 3816 2432 3875 muria
2489 3813 2604 3875 uel

313 3929 632 3989 lentisco
673 3932 1012 3985 contusas
1052 3925 1320 3985 orcites
1369 3924 1609 4001 nigras
1658 3921 1803 3982 sale
1853 3924 1912 3982 si
1958 3924 2105 3982 sint
2154 3921 2603 3982 confricatae

313 4036 464 4096 dies
533 4034 851 4113 quinque
917 4038 986 4091 et
1049 4042 1190 4091 tum
1260 4030 1404 4090 sale
1472 4047 1777 4089 excusso
1845 4028 2132 4089 biduum
2198 4031 2257 4088 si
2321 4030 2393 4088 in
2456 4028 2642 4089 sole‘

314 4145 597 4223 positae
673 4139 950 4200 fuerint
1020 4156 1304 4198 manere
1378 4136 1672 4196 idoneas
1747 4134 2015 4213 solere]
2082 4134 2228 4194 Non.
2286 4154 2342 4213 p.
2382 4130 2526 4215 148,
2570 4132 2602 4195 l

324 4252 665 4313 Olivitatem
697 4246 945 4323 fruetus
982 4250 1150 4306 oleae
1192 4245 1388 4305 Varro
1418 4276 1503 4287 —
1535 4246 1692 4305 idem
1733 4246 1808 4304 de
1844 4263 1914 4303 re
1960 4245 2193 4303 rustica
2239 4243 2337 4302 lib.
2378 4242 2418 4301 I
2458 4236 2607 4302 ‘non

314 4361 485 4419 modo
536 4360 783 4431 integra
824 4356 1012 4415 eximi
1054 4355 1164 4413 sed
1206 4354 1381 4413 etiam
1428 4354 1687 4432 maiora,
1730 4368 1909 4426 quam
1949 4353 2010 4409 in
2057 4351 2282 4409 arbore
2325 4366 2607 4423 umquam

309 4466 722 4543 pependerint
765 4454 990 4544 (maior
1035 4493 1107 4502 —-
1146 4462 1509 4536 pependerit
1555 4453 1769 4538 codd).
1845 4459 1920 4518 de
1965 4458 2232 4517 olivitate
2278 4456 2439 4516 oleas
2477 4459 2611 4516 esui

316 4576 532 4652 optime
581 4571 771 4632 condi
812 4569 1029 4629 scribit
1082 4562 1279 4630 Cato'.
1355 4565 1592 4627 Catonis
1639 4563 1815 4639 verba
1863 4571 2003 4624 sunt
2047 4562 2210 4638 haee,
2261 4559 2317 4644 7,
2355 4559 2397 4622 4
2444 4565 2606 4624 oleas
