3178 5185
861 444 1122 499 RERVM
1158 442 1640 500 RVSTICARVM
1675 444 1810 498 ΠΒ.
1849 444 1875 497 Ι
1919 443 2174 499 13-14
2575 437 2656 501 51

385 605 637 674 spectent
665 633 752 642 —
782 603 869 661 ad
910 604 1090 661 solem
1138 603 1527 682 occidentem,
1563 617 1746 675 quam
1794 606 1862 660 ut
1898 602 2151 679 antiqui,
2189 602 2299 673 qui
2333 602 2661 674 curabant,

392 706 450 763 in
487 725 651 780 quam
681 716 925 784 partem
965 726 1090 786 sqq.
1136 706 1537 767 Schneiderus
1577 709 1848 767 coniecit.
1896 724 2013 781 quo
2050 708 2118 766 hi
2151 708 2438 768 laborant
2483 725 2659 786 quem

398 810 464 870 ad
507 813 730 874 modum
780 813 1241 893 intellegendum
1290 816 1367 874 sit
1427 816 1675 893 exposui
1721 813 1746 873 Ι
1785 809 1843 894 8,
1879 810 1940 874 4.
2033 811 2246 873 deinde
2304 806 2372 873 ut
2428 818 2670 889 antiqui

401 920 597 980 omisso
643 921 820 981 verbo
869 921 1093 982 dictum
1131 928 1249 1000 est,
1300 929 1363 981 ut
1409 923 1640 999 antiqui
1687 918 2047 980 laborabant.
2139 922 2471 998 praesentis
2520 929 2664 980 tem-

404 1028 547 1101 poris
591 1047 717 1088 cum
765 1031 1116 1108 imperfecto
1166 1028 1575 1108 neglegentius
1623 1030 1927 1089 coniuncti
1991 1027 2257 1106 exempla
2315 1037 2454 1089 sunt
2502 1028 2665 1107 haec,

410 1128 498 1191 13
538 1151 683 1207 quae
726 1137 1103 1210 diiunqenda
1149 1143 1347 1196 essent
1391 1155 1430 1196 a
1477 1140 1725 1196 cultura
1772 1137 1948 1195 cuius
2006 1137 2170 1194 modi
2211 1138 2334 1195 sint
2377 1139 2662 1209 quoniam

414 1238 733 1314 discretum,
790 1240 842 1300 11
881 1239 940 1316 8,
986 1238 1014 1300 1
1076 1246 1238 1302 venit
1292 1261 1331 1302 a
1380 1243 1627 1302 Menate
1682 1244 1934 1302 libertus
1990 1244 2098 1315 qui
2151 1244 2322 1301 dicat
2374 1244 2497 1326 lib-a
2561 1244 2664 1303 ab·

413 1347 578 1405 soluta
611 1365 748 1427 esse,
776 1381 851 1389 —
876 1351 933 1407 si
965 1353 1196 1422 vellent,
1235 1352 1512 1410 venirent
1548 1352 1713 1422 illuc,
1761 1346 1814 1406 11
1844 1344 1903 1427 9,
1934 1344 1973 1407 6
2021 1366 2216 1421 neque
2252 1365 2460 1407 eorum
2498 1352 2658 1423 quis-

414 1466 564 1522 quam
600 1451 851 1528 fecerat,
890 1458 1055 1529 quod
1099 1458 1161 1515 in
1201 1458 1347 1530 apri
1381 1459 1629 1516 cultura
1668 1456 1941 1515 Saserna
1970 1458 2309 1534 praecepit,
2349 1458 2458 1530 qui
2493 1459 2665 1516 vellet

412 1572 465 1614 se
503 1575 537 1616 a
590 1577 735 1621 cane
788 1566 1043 1636 sectari,
1101 1571 1168 1622 ut
1221 1581 1441 1623 ranam
1498 1564 1728 1623 obiciat
1782 1569 2066 1633 coctam:
2112 1561 2386 1621 similiter
2434 1561 2488 1621 Π
2529 1561 2586 1642 1,
2624 1559 2664 1623 3

413 1678 527 1722 cum
569 1669 926 1744 accepissem
972 1672 1389 1729 condicionem
1427 1674 1487 1728 et
1531 1686 1702 1728 meae
1742 1675 1958 1745 partes
2004 1677 2202 1730 essent
2239 1672 2499 1744 primae,
2546 1685 2666 1728 non

414 1784 517 1840 quo
556 1791 665 1833 non
710 1792 820 1850 eqo
863 1777 1201 1851 pecuarias
1240 1778 1302 1835 in
1344 1774 1530 1835 Italia
1575 1776 1849 1836 habeam.
1917 1778 2152 1835 correxi
2199 1775 2365 1854 haec,
2411 1773 2464 1833 ΙΙ
2497 1771 2553 1856 7,
2587 1772 2662 1834 11

406 1882 464 1932 ut
503 1882 785 1941 restibiles
829 1889 1059 1956 seqetes
1118 1888 1314 1943 essent
1360 1884 1734 1961 exuctioreS,
1776 1885 1867 1942 sic
1912 1886 2236 1957 quotannis
2284 1899 2443 1956 quae
2481 1899 2664 1956 prae·

398 1991 593 2050 quates
621 1990 792 2062 fiant,
829 1986 931 2046 ubi
969 2006 1097 2048 esse
1134 1989 1364 2068 scripsi,
1395 1989 1535 2048 item
1576 1986 1602 2045 1
1638 1983 1734 2068 17,
1764 1984 1804 2048 3
1843 1991 2238 2063 requisitione
2275 1990 2361 2047 ad
2387 1990 2664 2063 priorem

401 2086 677 2152 dominum
723 2096 876 2169 quid
912 2093 1281 2169 factitarent
1325 2102 1385 2154 et
1430 2093 1511 2153 111
1555 2090 1656 2175 16,
1701 2091 1781 2155 15
1839 2112 1959 2154 non
2016 2113 2133 2168 quo
2190 2112 2308 2154 non
2366 2096 2429 2152 in
2485 2096 2664 2152 villae

385 2200 613 2262 porticu
658 2220 896 2277 quoque
950 2204 1196 2275 quidam
1233 2235 1322 2243 —
1359 2205 1660 2262 alvarium
1706 2206 2104 2281 collocarent,
2158 2200 2260 2261 ubi
2309 2198 2667 2275 factitarint

392 2307 448 2356 et
489 2311 847 2370 collocarint
891 2310 1123 2388 scripsi.

552 2412 717 2486 Cum
765 2415 1052 2475 fructus
1108 2416 1177 2474 in
1234 2433 1314 2475 eo
1372 2417 1705 2476 uinarius
1763 2423 2065 2495 quaerat
2118 2415 2197 2474 ad
2257 2413 2449 2474 dolia
2505 2433 2673 2474 aera

378 2503 830 2589 frigidiorem
898 2523 1063 2581 item
1100 2521 1403 2582 olearia
1461 2520 1914 2598 calidiorem]
1981 2523 2125 2583 Cum
2174 2520 2424 2598 fructus
2482 2524 2544 2581 in
2599 2540 2674 2582 ea

371 2613 649 2690 vinarius
696 2637 980 2706 quaerat,
1017 2637 1087 2689 ut
1124 2633 1288 2691 dolia
1336 2649 1489 2691 aera
1531 2629 1942 2705 friqidiorem,
1983 2633 2122 2691 item
2168 2636 2236 2690 ut
2273 2632 2507 2690 olearia
2547 2633 2669 2690 cal-

363 2709 599 2812 fliorem
649 2737 879 2797 habeat
915 2735 1240 2796 Iucuudus,
1308 2736 1616 2816 archetypi
1654 2738 2010 2815 scripturam
2051 2735 2349 2796 Victorius
2397 2737 2675 2796 restituit.

353 2811 439 2864 ’ἴα
481 2835 738 2902 Olearia
777 2844 842 2903 in
881 2842 1063 2903 altera
1104 2843 1364 2903 editione
1404 2843 1652 2904 Victorii
1689 2862 1738 2903 a.
1785 2839 1954 2904 1543
1995 2861 2344 2921 expressum
2382 2850 2491 2903 est.
2537 2861 2675 2903 cum

336 2906 611 3008 fruetus
673 2958 941 3025 quaerat
994 2956 1063 3010 ut
1117 2953 1204 3010 ad
1255 2953 1500 3010 vinaria
1557 2953 1722 3012 dolia
1780 2968 1934 3010 aera
1991 2948 2386 3025 friyidiorem
2447 2953 2533 3009 ita
2592 2952 2678 3010 ad

339 3054 600 3134 olearia
671 3059 1033 3118 calidiorem
1079 3056 1412 3136 Nettleship
1468 3059 1528 3116 in
1585 3055 1895 3117 annalibus
1952 3055 2323 3135 philologieis
2372 3054 2673 3115 Cantabri-

342 3142 680 3250 giensibus
729 3181 782 3224 a.
831 3160 1000 3224 1877
1050 3181 1106 3242 p.
1150 3160 1295 3224 173.
1363 3167 1426 3223 in
1472 3182 1565 3239 ea,
1615 3163 1670 3223 h.
1710 3181 1759 3223 e.
1808 3165 1870 3222 in
1918 3162 2082 3243 cella,
2130 3170 2293 3223 recte
2343 3162 2671 3243 Iucundus;

344 3277 389 3329 in
416 3260 725 3349 reliquis
765 3269 1152 3349 inaequalitas
1191 3271 1478 3330 orationis
1518 3268 1768 3330 Varroni
1807 3268 2195 3347 relinquenda
2243 3269 2374 3329 fuit.
2441 3269 2673 3329 fructus

348 3366 638 3437 vinarius
686 3378 750 3436 in
799 3375 947 3436 cella
1004 3377 1074 3437 ad
1135 3376 1317 3456 dolia,
1365 3395 1514 3456 quae
1573 3376 1657 3436 ibi
1713 3377 2034 3436 constituta
2090 3385 2262 3458 sunt,
2311 3376 2675 3455 frigidiorem

351 3481 465 3526 aera
538 3485 819 3562 quaerit,
868 3485 1007 3543 item
1057 3484 1273 3544 olearia
1323 3482 1475 3544 dolia
1525 3483 1865 3543 calidiorem
1916 3489 2228 3561 quaerunt.
2289 3485 2430 3543 item
2480 3482 2674 3560 negle-

350 3577 603 3647 gentiae
670 3591 984 3668 scriptoris
1042 3590 1240 3651 tribuo
1297 3608 1447 3669 quae
1505 3590 1577 3649 de
1645 3588 1776 3649 villa
1825 3591 1885 3649 in
1932 3588 2081 3649 colle
2139 3591 2517 3668 potissimum
2571 3607 2672 3668 po·

351 3680 541 3745 nenda
614 3696 732 3756 hoc
779 3696 911 3756 loco
962 3698 1182 3777 scripta
1229 3706 1395 3777 sunt,
1453 3715 1605 3776 quae
1655 3694 2057 3757 Schneiderus
2117 3704 2413 3773 tamquam
2471 3697 2671 3774 spuria

350 3786 597 3860 ”mavit
651 3802 744 3862 vel
792 3821 862 3862 ex
912 3804 1079 3863 initio
1128 3803 1466 3864 duodecimi
1513 3804 1723 3882 capitis
1769 3801 1888 3863 huc
1936 3799 2215 3862 translata
2262 3804 2508 3879 putavit.

512 3905 683 3969 XIV
726 3908 760 3970 1
831 3908 1024 3979 Quod
1084 3910 1295 3971 habet
1359 3910 1640 3971 radices
1689 3928 1764 3969 ac
1822 3911 2031 3970 uiuae
2092 3910 2287 3987 sepis
2341 3916 2672 3986 praeter·

339 4002 616 4106 elutis
680 4015 950 4077 lasciui
1025 4036 1160 4078 non
1233 4025 1510 4079 metuet
1575 4012 1837 4096 facem]
1923 4016 2099 4088 Quod
2168 4017 2351 4076 habet
2421 4017 2668 4075 radices

339 4107 510 4165 mae
587 4127 798 4202 saepis
847 4142 925 4184 ac
970 4128 1223 4186 viatoris
1261 4128 1720 4203 praetereuntis
1759 4126 1976 4185 lascivi
2019 4140 2145 4201 sqq.
2193 4119 2433 4181 Merula.
2499 4124 2667 4181 radi·

337 4212 398 4257 ces
471 4233 600 4284 ac
649 4234 816 4292 vivas
857 4249 1026 4315 sepes
1072 4230 1404 4293 Pontedera
1450 4232 1607 4311 apud
1655 4230 2002 4290 Gesnerum.
2095 4231 2267 4287 vivae
2321 4231 2481 4304 sepis
2539 4234 2672 4305 post

335 4312 665 4397 naturale
734 4339 1133 4413 sepimentum
1206 4340 1575 4416 transposuit
1650 4335 2054 4396 Schneiderus
2127 4341 2370 4393 auctore
2439 4333 2670 4395 Ursino.

335 4420 600 4498 rectius
641 4443 946 4505 Gesnerus
984 4442 1162 4502 verba
1209 4443 1280 4503 ab
1329 4444 1443 4504 hoc
1491 4443 1620 4505 loco
1669 4443 1874 4524 aliena,
1913 4458 2062 4520 quae
2110 4438 2249 4499 olim
2299 4442 2358 4499 in
2409 4443 2672 4519 margine

335 4512 670 4624 adscripta
718 4551 909 4613 fuisse
957 4549 1251 4625 videntur,
1300 4553 1470 4612 uncis
1518 4550 1858 4611 incluserat.

2174 4646 2249 4700 4*
