3178 5185
881 403 1140 456 RERVM
1186 402 1665 457 RVSTICARVM
1704 404 1837 456 LIB.
1881 406 1900 456 l
1947 403 1976 457 1
2542 396 2583 460 5

335 577 448 619 cum
483 560 621 618 bene
667 560 915 618 colendo
956 557 1343 632 fructuosum
1382 576 1516 619 eum
1556 557 1776 633 facere
1823 562 1965 619 velis
2010 557 2330 641 IucunduS,
2376 559 2578 620 arche-

336 667 435 743 typi
475 666 821 743 scripturam
862 664 1141 743 Angelius
1189 666 1471 747 restituit,
1507 683 1682 740 quem
1720 667 1871 726 bene
1907 669 2156 727 colendo
2196 666 2581 742 fructuosum

331 775 597 844 conficere
650 775 795 832 velis
850 770 1164 833 Victorius.
1249 770 1568 850 neglegens
1625 771 1942 832 verborum
1999 775 2373 852 compositio,
2431 793 2580 853 quae

328 878 638 938 secundaria
686 882 1005 958 sententia,
1053 881 1202 940 bene
1248 882 1500 940 colendo
1540 878 1927 954 fructuosum
1978 897 2115 941 cum
2154 879 2372 955 facere
2419 885 2581 961 velis,

326 985 492 1044 addita
535 994 592 1045 et
638 1004 774 1045 cum
823 986 1067 1046 relativo
1114 988 1464 1065 pronomine
1501 1004 1676 1062 quem
1715 988 2028 1047 coniuncta
2068 986 2274 1047 effecta
2312 997 2422 1067 est,
2460 987 2578 1048 edi-

324 1103 460 1153 tores
487 1092 778 1153 offendere
810 1112 927 1153 non
960 1092 1225 1153 debebat.
1276 1092 1484 1154 similis
1516 1092 1887 1154 anacoluthia
1911 1095 1970 1153 in
2001 1096 2417 1155 coniunctione
2442 1113 2579 1157 cum

326 1199 547 1259 admissa
592 1208 683 1259 est
732 1200 782 1260 11
823 1199 881 1281 1,
919 1198 959 1262 3
1007 1210 1066 1261 et
1101 1203 1368 1262 homines
1405 1211 1464 1262 et
1503 1204 1774 1278 pecudes
1820 1220 1955 1262 cum
2000 1220 2234 1277 semper
2273 1201 2468 1277 fuisse
2502 1207 2581 1263 sit

322 1325 534 1368 necesse
568 1315 814 1387 natura,
851 1306 932 1367 111
959 1305 1019 1388 2,
1048 1305 1091 1368 4
1121 1315 1179 1368 et
1216 1326 1353 1368 cum
1389 1312 1544 1369 haec
1572 1311 1652 1369 sit
1689 1312 2016 1370 communis
2053 1312 2326 1370 universi
2353 1313 2578 1385 populi,

322 1410 465 1493 1112,
495 1412 574 1475 13
604 1418 723 1476 duo
754 1418 911 1475 enim
944 1433 1178 1490 qenera
1209 1433 1345 1476 cum
1383 1418 1504 1475 sint
1530 1418 1899 1493 pastionum,
1944 1414 2020 1475 111
2059 1413 2154 1491 16,
2183 1413 2226 1476 2
2263 1435 2403 1477 nam
2442 1434 2579 1477 cum

317 1538 529 1596 pauper
573 1540 708 1582 cum
755 1524 987 1582 duobus
1021 1523 1328 1597 fratribus
1367 1530 1424 1583 et
1462 1525 1700 1583 duabus
1736 1525 2051 1583 sororibus
2089 1540 2274 1584 essem
2311 1526 2578 1599 relictus,

319 1627 438 1686 item
473 1627 547 1687 111
586 1626 686 1710 16,
722 1626 801 1690 18
842 1637 900 1690 et
936 1632 1183 1704 quidam
1220 1632 1450 1710 dicunt,
1488 1632 1614 1691 tria
1638 1648 1874 1705 ,qenera
1913 1649 2049 1691 cum
2086 1633 2209 1691 sint
2246 1632 2467 1691 ducum
2513 1633 2575 1691 in

319 1736 530 1816 apibus3
593 1745 652 1796 et
706 1738 768 1796 in
827 1738 1244 1796 coniunctione
1292 1741 1456 1811 quod
1499 1736 1524 1796 I
1562 1735 1676 1818 41,
1714 1735 1757 1797 4
1804 1756 1838 1798 e
1892 1740 2109 1812 quibus
2155 1740 2370 1813 parvis
2415 1741 2580 1812 quod

319 1846 504 1902 enasci
543 1846 788 1904 coliculi
832 1847 936 1904 vix
973 1852 1216 1919 queunt.
1287 1843 1397 1904 alia
1443 1843 1622 1905 huius
1662 1843 2065 1923 neglegentiae
2114 1862 2332 1923 genera
2382 1847 2578 1905 notavi

320 1947 341 2006 1
371 1946 422 2029 5,
455 1946 509 2010 3.
562 1947 620 2032 9,
658 1947 717 2010 2.
780 1948 879 2024 17,
909 1948 968 2011 2.
1026 1950 1104 2010 111
1145 1948 1204 2031 3,
1242 1947 1298 2011 3.

466 2055 712 2136 Meque
770 2065 846 2116 ut
899 2056 966 2116 id
1016 2055 1188 2115 mihi
1245 2055 1536 2116 habeam
1583 2074 1840 2116 curare
1896 2056 2143 2135 roges]
2201 2059 2402 2118 Curae
2449 2077 2574 2119 cor-

319 2172 488 2222 rector
514 2162 730 2222 codicis
752 2162 1080 2224 Florentini
1109 2173 1169 2224 et
1191 2162 1426 2242 Lipsius
1457 2163 1687 2242 epistol.
1719 2173 1942 2242 quaest.
1970 2162 2031 2245 4,
2056 2163 2156 2247 11,
2183 2167 2325 2225 item
2356 2166 2576 2226 omisso

321 2272 629 2346 pronomine
672 2273 825 2331 mihi
863 2269 1128 2331 Ursinus,
1199 2269 1383 2350 Lipsii
1423 2272 1828 2331 coniecturam
1877 2272 2307 2331 commendavit
2344 2271 2574 2331 Thiele-

321 2393 534 2437 mannus
593 2377 664 2438 de
722 2376 904 2437 verbo
958 2380 1188 2439 habere
1245 2396 1379 2438 cum
1436 2378 1724 2437 infinitivo
1777 2378 2093 2439 coniuncto
2151 2378 2458 2456 disputans
2513 2380 2574 2438 in

320 2480 604 2545 Woelfflini
644 2483 898 2543 Archivo
939 2503 988 2544 v.
1027 2483 1080 2544 II
1118 2503 1174 2562 p.
1214 2481 1300 2545 65
1347 2483 1633 2563 exemplis
1673 2483 1987 2563 adscriptis
2035 2484 2293 2545 Cornelii
2330 2484 2574 2565 Nepotis

320 2590 413 2651 Att.
443 2587 549 2674 20,
583 2590 626 2653 4
672 2611 868 2654 curae
911 2594 1032 2653 sibi
1064 2594 1320 2654 haberet
1365 2597 1690 2655 certiorem
1731 2592 1950 2669 facere
1995 2596 2259 2655 Atticum
2298 2605 2358 2655 et
2396 2592 2574 2655 Caelii

320 2696 476 2758 Cicer.
512 2702 678 2778 epist.
716 2698 847 2760 VIII
887 2696 953 2774 8,
997 2695 1079 2760 10
1135 2718 1234 2760 eos
1292 2702 1405 2760 tibi
1457 2710 1514 2761 et
1569 2719 1725 2775 rem,
1783 2704 1859 2761 de
1913 2719 2034 2776 qua
2093 2705 2340 2783 scripsi,
2403 2705 2574 2763 velim

320 2822 482 2867 carae
521 2809 760 2868 habeas.

466 2912 543 2973 Et
587 2933 723 2974 non
773 2913 999 2975 solum
1038 2925 1114 2976 ut
1159 2916 1315 2994 ipse
1369 2915 1595 2994 quaad
1635 2917 1884 2996 uiuam
1943 2914 2109 2993 quid
2160 2914 2327 2973 fieri
2365 2932 2573 2992 opor-

323 3025 439 3079 teat
481 3029 551 3079 ut
593 3029 658 3080 te
709 3020 1063 3099 moneam]
1123 3023 1193 3083 Ut
1240 3021 1335 3081 bis
1369 3023 1631 3100 positum
1670 3020 1971 3082 Gesnerus
2009 3020 2273 3081 defendit
2315 3019 2572 3081 adhibita

321 3123 602 3202 pleonasmi
656 3129 913 3208 ratione,
961 3147 1077 3206 qna
1133 3147 1306 3208 saepe
1373 3127 1595 3189 abusus
1653 3139 1758 3190 est.
1851 3132 2064 3204 quaad
2119 3136 2356 3207 praeter
2412 3126 2571 3188 hunc

322 3229 483 3292 locum
509 3235 566 3294 in
585 3233 906 3313 archetypo
929 3236 1217 3313 scriptum
1241 3243 1367 3295 erat
1386 3233 1412 3293 Ι
1432 3233 1491 3314 2,
1504 3232 1589 3295 26
1610 3253 1799 3310 usque
1818 3253 1940 3310 qua
1962 3238 2048 3296 ad
2074 3238 2313 3296 terciam
2327 3243 2571 3310 partem

322 3341 627 3417 decoxeris,
684 3341 710 3401 Ι
749 3337 862 3419 49,
905 3339 938 3401 1
996 3344 1207 3415 quaad
1254 3351 1644 3418 perarescat,
1712 3342 1734 3401 1
1775 3339 1860 3402 64
1915 3345 2125 3416 quaad
2184 3345 2573 3417 redegerunt,

320 3443 433 3526 112,
465 3446 529 3508 11
571 3451 782 3525 quaad
817 3447 1238 3524 refriyeratur
1277 3459 1336 3510 et
1373 3452 1583 3523 quand
1610 3451 2082 3524 contenebravit,
2125 3448 2176 3507 11
2210 3447 2268 3530 2,
2301 3445 2383 3510 15
2422 3467 2564 3525 qua-

322 3556 389 3612 ad
425 3561 869 3637 convaluerunt,
917 3554 963 3614 ll
1004 3553 1067 3635 4,
1095 3553 1174 3616 21
1228 3559 1440 3631 quaad
1476 3559 1635 3629 fiant
1673 3560 2021 3630 trimestreS,
2069 3555 2120 3616 11
2163 3554 2222 3636 7,
2255 3554 2337 3617 12
2386 3574 2573 3630 usque

320 3665 494 3731 qaaad
535 3671 712 3723 erunt
747 3667 1062 3736 lactantes,
1110 3661 1188 3721 111
1225 3658 1288 3742 5,
1320 3660 1401 3723 10
1449 3666 1660 3738 quand
1703 3666 2040 3739 capitulum
2087 3664 2418 3722 rutundum
2466 3664 2571 3740 est,

321 3761 383 3823 lll
417 3764 466 3846 7,
493 3765 529 3829 8
573 3772 783 3845 quaad
818 3776 1087 3845 possunt.
1174 3768 1262 3829 bis
1312 3771 1600 3847 scriptum
1648 3779 1776 3829 erat
1821 3772 2050 3843 quoad,
2099 3767 2149 3828 11
2188 3766 2249 3848 4,
2279 3766 2317 3829 8
2366 3771 2572 3843 quoad

317 3878 550 3944 pervenit
600 3879 685 3937 ad
737 3878 969 3937 lanium
1034 3884 1096 3935 et
1150 3874 1202 3935 II
1261 3872 1327 3955 7,
1385 3872 1423 3936 8
1493 3879 1701 3951 quoad
1749 3879 1900 3936 satis
1951 3879 2029 3936 sit
2089 3877 2329 3935 admitti
2337 3892 2358 3947 ,·
2424 3875 2567 3934 item

324 3973 393 4037 bis
432 3992 691 4062 corrupte
739 3986 904 4059 quod
938 3986 1037 4057 ad,
1084 3981 1109 4041 I
1147 3979 1252 4063 37,
1285 3980 1318 4042 1
1369 3985 1534 4057 quod
1568 3985 1856 4043 adveniat
1893 3984 1979 4042 ad
2014 3985 2566 4062 intermenstruum,

326 4093 371 4143 et
408 4085 451 4145 11
483 4087 536 4169 2,
566 4088 641 4152 17
691 4093 857 4166 quod
900 4093 986 4151 ad
1015 4088 1179 4164 facti
1210 4097 1353 4149 sunt
1388 4092 1881 4164 quadrimestres.
1955 4087 2047 4148 his
2085 4087 2360 4148 omnibns
2399 4087 2566 4169 locis,

328 4188 404 4250 ubi
443 4201 628 4268 quoad
669 4199 732 4257 in
772 4196 945 4257 editis
985 4195 1176 4256 adhuc
1215 4194 1652 4275 exemplaribus
1695 4194 1989 4274 vulgatum
2036 4204 2178 4275 erat,
2225 4198 2439 4269 quaed
2475 4214 2562 4255 re-

329 4296 472 4360 stitui.
537 4322 664 4364 nam
712 4303 820 4363 hac
869 4302 988 4362 sola
1029 4302 1215 4362 forma
1254 4301 1435 4362 Varro
1484 4304 1545 4362 in
1593 4302 1684 4362 his
1731 4301 1898 4362 libris
1946 4301 2177 4361 videtur
2216 4320 2362 4361 usus
2411 4319 2565 4381 esse,

332 4400 553 4469 adverbio
606 4430 728 4487 qua
786 4429 923 4471 cum
979 4411 1412 4488 praepositione
1473 4413 1559 4471 ad
1604 4410 1958 4489 composito,
2015 4409 2170 4468 sicut
2226 4410 2286 4467 in
2345 4408 2562 4469 multis,

335 4518 492 4571 contra
527 4517 581 4578 in
610 4516 779 4578 libris
818 4518 889 4578 de
920 4517 1119 4595 lingua
1158 4515 1353 4597 latina,
1393 4517 1444 4576 si
1487 4515 1892 4576 Florentinum
1932 4513 2197 4574 codicem
2236 4516 2560 4598 sequimur,
