3178 5185
846 445 1107 500 RERVM
1143 443 1626 502 RVSTICARVM
1663 446 1797 501 LIB.
1835 447 1861 500 I
1904 445 1981 501 13
2474 438 2562 502 49

297 602 399 659 lius
440 597 703 682 UrsinuS,
749 603 914 675 quod
956 619 1189 678 recens,
1236 619 1512 677 nequam,
1557 604 1723 676 quod
1769 603 2113 676 conflacuit,
2163 604 2373 661 melius
2421 600 2462 660 Ι.
2498 600 2562 660 F.

297 704 605 766 Gronovius
660 707 814 785 apud
865 706 1317 769 Schneiderum.
1407 710 1648 769 restitui
1704 717 1964 769 veterem
2023 707 2368 789 lectionem,
2414 727 2563 787 quae

297 811 357 870 ab
385 812 701 873 editoribus
732 823 1013 894 corrupta
1045 823 1189 876 erat.
1257 815 1359 874 sed
1400 817 1658 894 primum
1698 819 1917 891 villam,
1959 815 2116 894 quod
2155 822 2291 893 post
2329 822 2567 891 oportet

297 936 357 978 ex
398 920 804 999 superioribus
852 924 1173 1001 repetitum
1222 929 1374 1002 erat,
1423 921 1640 983 delevi:
1687 921 1914 982 Colum.
1953 921 1978 980 1
2017 918 2077 1002 6,
2115 919 2198 982 21
2248 925 2565 982 stercilina

296 1043 513 1101 quoque
563 1030 679 1089 duo
702 1031 883 1104 χεἱητ,
940 1047 1125 1089 unum
1181 1032 1347 1104 quod
1398 1047 1555 1090 nova
1605 1036 2016 1106 purqamenta
2073 1031 2337 1105 recipiat
2390 1036 2449 1089 et
2504 1032 2566 1088 in

299 1152 507 1194 annum
552 1143 879 1211 conservet,
926 1140 1187 1197 alterum
1235 1155 1315 1197 ex
1360 1155 1478 1212 quo
1524 1144 1735 1197 vetera
1782 1138 2102 1197 vehantur.
2162 1133 2375 1195 deinde
2424 1153 2563 1196 con-

289 1239 513 1315 sracuit
578 1241 960 1302 scribendum
1036 1259 1168 1301 esse
1241 1241 1388 1301 vidit
1453 1240 1768 1320 Scaligerz.
1808 1241 1965 1301 idem
2031 1241 2104 1300 de
2170 1243 2564 1301 maceratione

296 1346 537 1407 olearum
580 1348 800 1427 legitur
848 1347 874 1407 1
911 1344 1014 1429 55,
1053 1344 1095 1409 5
1141 1355 1211 1408 ut
1266 1350 1354 1408 ibi
1395 1351 1791 1409 mediocriter
1831 1347 2178 1428 fracescet,
2235 1347 2312 1408 ib.
2353 1344 2392 1407 6
2442 1351 2565 1408 cal·

294 1456 428 1515 dore
481 1454 794 1531 fracescit.
885 1458 1050 1531 quod
1103 1459 1284 1532 enim,
1348 1454 1450 1516 ubi
1507 1456 1577 1516 ad
1645 1458 2125 1544 coniunctionem
2179 1458 2344 1531 quod
2395 1454 2566 1515 adfir-

296 1561 475 1621 mandi
521 1580 692 1623 causa
742 1566 902 1623 enim
947 1563 1283 1642 adpositum
1333 1571 1442 1644 est,
1489 1563 1775 1642 exemplis
1822 1563 2084 1644 Apuleii,
2132 1580 2282 1642 quae
2330 1561 2564 1622 Ouden-

296 1666 522 1747 dorpius
566 1671 624 1728 in
664 1669 835 1749 Apul.
875 1678 1109 1731 metam.
1148 1669 1227 1728 IX
1272 1690 1328 1749 p.
1370 1667 1498 1732 615
1568 1673 1931 1752 composuit,
1999 1671 2335 1731 confirmari
2403 1669 2569 1729 solet.

297 1771 556 1835 Varronis
609 1783 921 1855 praeterea
978 1795 1165 1837 unum
1214 1776 1547 1856 exemplum
1609 1784 1727 1853 est,
1783 1772 1950 1857 155,
1993 1775 2027 1837 1
2092 1780 2349 1838 durities
2413 1780 2569 1837 enim

300 1897 489 1940 eorum
535 1886 696 1957 quod
742 1902 863 1944 non
908 1887 1097 1945 solum
1143 1888 1394 1960 strinqit
1438 1887 1673 1959 bacam,
1721 1884 1822 1945 sed
1872 1883 2082 1944 similia
2128 1884 2293 1966 haec,
2340 1883 2392 1943 11
2429 1881 2490 1965 4,
2530 1880 2569 1945 8

296 1996 356 2046 ut
393 1993 730 2052 volutentur
778 1994 840 2051 in
887 1995 1029 2069 lut0,
1077 2010 1236 2068 quae
1283 1995 1440 2052 enim
1488 1995 1728 2052 illorum
1775 1994 2016 2066 requies
2054 1999 2113 2052 et
2151 1991 2176 2050 1
2216 1988 2320 2071 69,
2363 1989 2395 2051 1
2440 1994 2567 2051 alia

295 2097 435 2154 enim
479 2129 559 2139 —
607 2104 677 2157 ut
735 2101 1020 2160 celeriter
1067 2116 1334 2175 promas.
1426 2097 1620 2159 Plauti
1687 2116 1861 2159 usum
1918 2100 2193 2177 exposuit
2248 2097 2563 2177 Langenus

294 2197 456 2262 Beitr.
502 2222 546 2264 z.
591 2203 790 2265 Kritik
847 2224 903 2266 u.
960 2204 1295 2284 Erklarung
1353 2205 1407 2267 d.
1468 2205 1710 2266 Plautus
1774 2224 1831 2284 p.
1870 2203 2020 2267 262.
2112 2191 2278 2284 olim,
2344 2211 2411 2264 ut
2476 2205 2563 2263 in·

296 2307 654 2372 solentiorem
693 2310 1014 2373 verborum
1051 2312 1320 2374 ordinem
1371 2315 1755 2396 corrigerem,
1792 2315 2164 2373 conieceram
2210 2314 2376 2387 quod
2409 2295 2566 2372 enim

295 2415 625 2492 confracuit
668 2437 851 2495 quam
898 2438 1113 2482 recens
1158 2423 1388 2482 melius:
1455 2438 1589 2481 nam
1637 2420 1752 2480 hoc
1799 2419 2006 2481 ordine
2054 2422 2114 2479 in
2154 2420 2567 2498 comparativis

294 2518 459 2583 Varro
505 2527 592 2587 uti
639 2525 808 2587 solet.
1714 2589 1718 2592 Α
2581 2537 2584 2540 ’

451 2631 676 2695 Periti
746 2636 866 2713 qui
921 2634 1236 2714 possint]
1286 2637 1546 2696 Possunt
1599 2635 1903 2696 Iucundus
1958 2643 2142 2696 recte.
2234 2652 2369 2695 nam
2425 2652 2566 2694 con·

296 2735 570 2800 iunctivus
601 2744 854 2818 possint,
886 2759 1064 2820 quem
1094 2740 1392 2803 Victorius
1423 2761 1494 2801 ex
1534 2740 1702 2803 libris
1743 2761 1921 2803 manu
1960 2743 2201 2822 scriptis
2238 2748 2565 2821 receperat,

294 2842 346 2901 in
388 2843 490 2905 hac
536 2850 829 2909 sententia
886 2847 1083 2910 locum
1128 2868 1247 2910 non
1306 2848 1501 2911 habet.
1592 2849 1862 2911 ordinem
1919 2848 2237 2911 verborum
2295 2856 2564 2909 correcta

296 2949 680 3036 distinctione,
729 2974 880 3034 quae
929 2956 1119 3017 adhuc
1167 2964 1323 3036 erat,
1371 2958 1722 3039 significavi,
1761 2961 1976 3036 periti,
2025 2960 2134 3033 qui
2173 2963 2452 3033 possunt,
2500 2962 2568 3015 ut

295 3074 353 3117 eo
396 3078 552 3135 aqua
597 3066 819 3138 influat
862 3081 931 3125 eo
979 3068 1216 3126 nomine
1255 3063 1505 3140 faciunt
1561 3067 1680 3139 (sic
1736 3068 1893 3126 enim
1956 3067 2218 3125 maxime
2263 3065 2565 3123 retinetur

292 3169 498 3243 sucus),
545 3171 607 3229 in
655 3186 845 3245 eoque
890 3173 1137 3245 quidam
1185 3188 1313 3249 sqq.
1403 3172 1582 3249 periti
1633 3172 1872 3246 rustici,
1919 3172 2023 3249 qui
2068 3170 2127 3229 id
2177 3170 2373 3230 facere
2421 3188 2559 3249 pos-

296 3280 447 3357 sunt,
492 3283 703 3336 curant
749 3284 817 3337 ut
863 3294 1013 3356 aqua
1059 3279 1121 3338 in
1170 3276 1542 3338 stercilinum
1589 3277 1826 3358 influat,
1874 3285 1939 3338 ut
1986 3295 2167 3337 sucus
2215 3262 2562 3337 retineatur.

297 3394 355 3437 eo
396 3385 627 3442 nomine
673 3380 746 3441 de
797 3400 1001 3463 causa,
1049 3402 1158 3443 cur
1205 3383 1349 3462 quid
1407 3392 1640 3463 agatur,
1698 3381 1922 3443 dictum
1983 3390 2099 3464 est,
2154 3380 2278 3466 1'2,
2317 3380 2404 3444 20
2449 3385 2565 3444 hoc

295 3490 510 3548 nomine
552 3491 736 3550 etiam
782 3490 1033 3551 Athenis
1079 3494 1142 3551 in
1190 3508 1398 3551 arcem
1445 3509 1566 3552 non
1616 3494 1793 3568 iniqi,
1841 3490 1895 3550 11
1939 3489 1993 3570 1,
2034 3487 2118 3552 14
2165 3493 2281 3552 hoc
2324 3493 2565 3551 nomine

295 3593 432 3651 enim
492 3596 656 3654 asini
705 3595 1009 3655 Arcadici
1069 3599 1132 3655 in
1194 3596 1462 3656 Graecia
1517 3599 1848 3672 nobilitati,
1894 3596 1919 3656 I
1962 3594 2018 3678 1,
2056 3594 2096 3657 6
2153 3615 2270 3673 quo
2326 3600 2564 3658 nomine

296 3700 506 3759 rustica
564 3700 807 3761 Vinalia
861 3703 1163 3783 instituta,
1218 3700 1270 3761 11
1313 3699 1415 3785 11,
1454 3699 1493 3764 8
1549 3721 1669 3778 quo
1726 3706 1965 3765 nomine
2020 3706 2267 3779 quidam
2325 3705 2416 3764 bis
2470 3721 2560 3764 se-

300 3810 426 3863 cant
458 3813 664 3882 prata.

451 3907 491 3972 5
555 3913 703 3984 Quo
771 3920 840 3973 et
901 3915 971 3974 in
1038 3915 1303 3975 tritura
1368 3933 1721 3994 proruere
1787 3916 2001 3977 facile
2065 3919 2302 3995 possis
2368 3924 2437 3977 et
2502 3918 2562 3977 si

299 4015 601 4081 nubilare
651 4022 892 4100 coepit
937 4019 1101 4081 inde
1149 4030 1224 4083 ut
1269 4040 1525 4083 rursus
1572 4023 1921 4085 celeriter
1967 4021 2278 4100 reicere]
2331 4023 2404 4083 In
2452 4026 2561 4083 tri-

299 4127 501 4204 turam,
548 4127 709 4207 quod
757 4147 828 4187 ex
883 4129 1154 4208 principe
1212 4128 1472 4190 editione
1519 4130 1706 4209 vulgo
1742 4139 2050 4210 receptum
2107 4136 2258 4210 erat,
2305 4131 2559 4191 restitui.

302 4245 417 4292 nam
459 4234 527 4294 ad
576 4233 889 4295 terendum
939 4237 1000 4295 in
1048 4254 1245 4296 aream
1294 4236 1659 4297 frumentum
1715 4239 2050 4316 proruitur:
2104 4235 2129 4295 1
2166 4232 2270 4316 52,
2314 4234 2348 4296 1
2396 4253 2559 4296 seor-

301 4351 410 4397 sum
449 4343 511 4401 in
557 4359 771 4402 aream
817 4345 1061 4404 secerni
1101 4350 1336 4421 oportet
1379 4347 1597 4421 spicas,
1652 4375 1727 4387 -—-
1779 4346 2048 4420 coeperit
2091 4341 2407 4403 Iucundus,

454 4443 491 4507 6
550 4448 650 4509 Ad
715 4447 1029 4509 fructum
1105 4447 1485 4528 rationem]
1549 4452 1869 4530 Fructum,
1935 4447 2091 4528 quod
2158 4449 2220 4507 in
2285 4449 2558 4527 principe

305 4548 529 4614 editione
575 4554 905 4615 Politianus
952 4574 1069 4616 non
1117 4559 1402 4640 correxit,
1457 4556 1637 4618 habet
1682 4556 2059 4617 Florentinus
2121 4553 2333 4636 codex,
2374 4553 2550 4630 fruc-

392 4661 531 4705 Vnn.
562 4676 668 4708 luta.
696 4676 833 4706 nvs'r.
887 4666 948 4706 Π.
2100 4661 2135 4710 4
