3178 5185
614 377 746 441 240
1299 385 1680 440 ΟΟΜΜΕΝΤ.
1718 386 1799 439 IN
1835 385 2212 441 VARRONIS

612 549 674 601 et
717 543 780 601 in
827 541 918 601 his
957 548 1254 601 traversae
1292 540 1692 601 adnectuntur
1730 542 2010 620 perticae,
2059 549 2124 600 ut
2162 541 2392 618 species
2431 540 2722 601 efficiatur
2760 558 2887 600 can-

614 646 919 723 cellorum,
968 648 1069 726 qui
1118 654 1257 707 sunt
1304 647 1365 706 in
1414 646 1663 707 theatro,

793 753 1182 832 Antequam
1223 751 1482 813 tollere
1521 752 1681 814 uult
1710 753 1962 813 turdos
1991 751 2266 831 largius
2296 752 2414 813 dat
2442 752 2677 813 cibum
2718 752 2892 832 quod

613 860 775 938 plus
840 879 923 939 po
945 861 1052 920 nit
1118 867 1187 919 et
1248 860 1438 919 farre
1509 859 1896 920 subtiliore
1962 860 2224 938 incipit
2270 859 2497 936 alere]
2569 859 2894 933 Antequam

580 966 822 1028 'tollere
859 969 1005 1026 velis
1043 968 1273 1040 turam,
1311 969 1550 1041 larqius
1588 970 1697 1028 a’at
1733 969 2054 1041 cibumque
2081 971 2221 1043 plus
2248 969 2426 1043 ponit
2452 965 2695 1045 Merula,
2735 973 2895 1026 ante-

612 1091 793 1148 quam
841 1075 976 1147 quis
1022 1077 1232 1135 tollere
1277 1077 1418 1134 velit
1464 1076 1694 1149 turdOS,
1741 1077 1979 1148 larqius
2025 1076 2132 1133 dat
2179 1076 2380 1135 cibum
2425 1081 2484 1134 et
2529 1091 2729 1148 aquae
2762 1077 2897 1149 plus

609 1184 786 1258 ponit
831 1179 1151 1240 Iucundus.
1227 1189 1389 1240 recte
1437 1178 1735 1240 Victorius
1781 1179 2093 1240 lectionem
2143 1179 2449 1259 archetypi
2494 1182 2784 1261 restituit,
2838 1179 2894 1239 in

613 1305 729 1367 qua
778 1286 1081 1346 Gesnerus
1126 1290 1263 1362 quis
1309 1291 1518 1348 tollere
1563 1291 1714 1361 vult,
1773 1286 2175 1347 Schneiderus
2222 1296 2528 1366 praeterea
2584 1288 2897 1361 cibumque

606 1399 747 1473 plus
787 1398 961 1471 ponit
1006 1393 1318 1475 dederunt,
1368 1411 1482 1453 non
1530 1393 1832 1454 intellecto
1873 1394 2152 1453 nimirum
2202 1411 2316 1452 usu
2359 1394 2652 1453 sermonis
2690 1390 2893 1451 Varro-

613 1503 789 1562 niani.
884 1519 1018 1561 nam
1066 1508 1126 1559 et
1172 1501 1346 1559 tertia
1394 1498 1562 1559 verbi
1607 1517 1861 1577 persona
1919 1518 2035 1560 non
2093 1499 2291 1560 addito
2337 1500 2689 1580 pronomine
2737 1507 2893 1558 recte

605 1607 841 1686 dicitur,
881 1615 940 1667 et
978 1608 1143 1682 quod
1178 1607 1518 1666 coniunctio
1557 1607 1618 1665 in
1657 1608 1730 1665 iis
1769 1624 1920 1685 quae
1963 1605 2033 1666 ad
2075 1624 2201 1667 rem
2239 1607 2576 1666 accuratius
2617 1605 2891 1666 definien-

608 1712 741 1772 dam
790 1712 1089 1773 adduntur
1135 1713 1395 1790 ponitur.
1489 1711 1711 1790 largius
1769 1714 1925 1772 enim
1984 1711 2154 1773 cibus
2201 1713 2402 1796 datur,
2458 1732 2592 1774 cum
2651 1721 2711 1773 et
2765 1711 2892 1792 plus

602 1821 850 1899 ponitur
891 1828 950 1879 et
999 1819 1087 1879 sar
1134 1817 1430 1879 subtilius,
1503 1817 1556 1877 ΙΙ
1594 1816 1664 1900 2,
1699 1815 1779 1878 14
1826 1814 2138 1880 deterrent
2181 1822 2259 1880 ab
2305 1822 2579 1881 saliendo
2624 1852 2698 1860 —
2735 1821 2894 1894 quod

605 1930 887 2007 alliyant,
945 1924 1021 1985 ΙΙΙ
1068 1921 1166 2004 15,
1205 1923 1247 1987 2
1302 1943 1462 2000 quae
1508 1927 1692 2000 siquli
1746 1924 1995 2000 faciunt
2047 1930 2230 1987 multo
2287 1929 2469 1988 aliter
2524 1934 2709 2001 atque
2754 1928 2890 2000 alia,

603 2036 769 2108 quod
811 2037 873 2094 in
921 2034 1220 2094 lateribus
1265 2049 1474 2093 eorum
1520 2034 1765 2092 semitas
1803 2031 2066 2107 faciunt.

783 2139 857 2199 In
922 2139 1055 2200 hoc
1123 2147 1315 2218 tecto
1383 2127 1613 2199 cauiis
1670 2157 1872 2222 quaet
1903 2141 2131 2199 cauiis
2200 2137 2520 2199 tabulata
2586 2138 2892 2199 habeant

609 2246 899 2326 aliquod
931 2247 1265 2326 adportat
1295 2244 1874 2326 subplementum
1904 2256 2153 2306 contra
2181 2245 2298 2306 hic
2328 2247 2684 2307 auiarium
2717 2264 2888 2324 quae

602 2361 925 2414 mortuae
972 2352 1074 2413 ibi
1123 2361 1287 2414 sunt
1333 2371 1501 2413 aues
1548 2360 1625 2412 ut
1672 2352 1955 2412 domino
1998 2371 2364 2413 numerum
2404 2351 2664 2412 reddat
2711 2351 2891 2411 solet

605 2458 869 2520 ibidem
901 2459 1213 2537 seruari]
1247 2461 1321 2519 In
1349 2462 1466 2520 hoc
1494 2466 1649 2520 tecto
1679 2478 1865 2520 cavus
1903 2477 2061 2534 quae
2090 2460 2366 2520 tabulata
2394 2460 2620 2519 habeat
2649 2462 2893 2534 aliquod

606 2566 694 2625 ad
717 2568 1000 2642 porticae
1026 2570 1515 2644 supplementum.
1591 2573 1809 2628 eontra
1837 2569 1953 2627 hoe
1982 2569 2284 2627 aviarium
2307 2584 2433 2646 sqq.
2455 2564 2702 2626 Merula.
2769 2583 2888 2626 cor-

607 2680 783 2751 rupta
831 2674 890 2732 in
940 2672 1108 2733 libris
1149 2692 1324 2734 manu
1362 2674 1604 2752 scriptis
1643 2680 1703 2733 et
1741 2672 1915 2733 editis
1953 2672 2131 2733 verba
2169 2672 2472 2735 Iucundus
2513 2674 2594 2733 ita
2634 2674 2891 2733 correxit

606 2787 667 2839 et
712 2779 1025 2862 supplevit,
1072 2784 1135 2841 in
1180 2783 1297 2842 hoe
1345 2788 1499 2841 tecto
1548 2798 1857 2856 eaveaque
1904 2782 2179 2841 tabulata
2224 2782 2494 2842 habeant
2537 2784 2773 2855 aliquot
2815 2781 2895 2840 ad

599 2889 882 2963 perticae
926 2892 1417 2964 supplementum.
1511 2894 1730 2948 eontra
1786 2890 1901 2948 hoe
1956 2890 2260 2948 aviarium
2312 2893 2403 2947 est
2456 2889 2633 2947 aliud
2684 2890 2889 2962 minus,

604 2996 668 3053 in
715 3011 831 3068 quo
879 3012 1039 3069 quae
1084 3001 1362 3070 mortuae
1409 2996 1497 3055 ibi
1529 3001 1672 3054 sunt
1717 3012 1874 3073 aveS,
1921 3001 1989 3054 ut
2025 2996 2261 3054 domino
2299 3010 2618 3054 numerum
2657 2996 2889 3066 reddat,

604 3108 862 3162 curator
908 3119 1160 3162 servare
1204 3105 1367 3162 solet.
1461 3102 1722 3179 priorem
1770 3105 1997 3179 partem
2038 3098 2300 3177 Scaliger
2348 3099 2420 3159 ad
2468 3108 2733 3159 veterem
2781 3099 2889 3159 lec·

603 3208 824 3266 tionem
883 3205 915 3266 a
963 3187 1230 3267 Victorio
1281 3207 1618 3267 adnotatam
1675 3206 1788 3267 hoc
1843 3207 2016 3266 modo
2073 3208 2397 3286 revocavit,
2454 3209 2517 3266 in
2578 3209 2696 3267 hoe
2742 3213 2889 3267 tecto

603 3316 916 3388 eaviisque
962 3317 1091 3374 avis
1140 3316 1415 3374 tabulata
1462 3316 1731 3374 habeant
1766 3316 2010 3388 aliquot.
2087 3315 2173 3373 ad
2199 3318 2421 3389 portae
2455 3313 2890 3374 sublimentum.

605 3426 825 3479 eontra
880 3422 997 3481 hoc
1052 3423 1355 3480 aviarium
1413 3428 1501 3480 est
1556 3421 1732 3480 aliud
1784 3422 2001 3480 minus,
2085 3420 2144 3478 in
2203 3418 2419 3497 quibus
2474 3420 2891 3481 sublimentum

604 3543 712 3604 pro
762 3525 1077 3586 sublimine
1125 3527 1349 3587 dictum
1398 3527 1677 3606 superius
1722 3524 1904 3585 limen
1952 3526 2310 3606 significare,
2371 3527 2651 3586 tabulata
2699 3532 2889 3586 autem

604 3635 663 3691 in
712 3631 914 3692 limine
972 3634 1099 3692 cavi
1146 3632 1343 3714 affixa,
1398 3635 1460 3692 in
1517 3631 1733 3711 quibus
1789 3650 1925 3691 aves
1982 3630 2074 3691 vel
2131 3633 2445 3693 exeuntes
2476 3650 2548 3692 ex
2607 3651 2751 3693 cavo
2806 3631 2889 3692 vel

603 3747 920 3818 antequam
967 3739 1023 3798 id
1072 3741 1267 3819 ipsum
1317 3738 1570 3799 subeant
1617 3738 1878 3799 insidere
1919 3738 2162 3819 soleant,
2210 3738 2328 3799 dici
2365 3739 2567 3800 voluit.
2653 3740 2890 3801 Schnei-

604 3846 811 3926 deruS,
876 3846 1154 3923 quoniam
1221 3843 1539 3904 Columella
1587 3842 1716 3902 Vlll
1763 3841 1831 3925 3,
1869 3842 1910 3905 3
1975 3847 2037 3904 in
2102 3845 2426 3925 gallinariis
2492 3844 2889 3907 tabulatorum

604 3954 967 4012 mentionem
1014 3949 1459 4029 faceret,·apud
1500 3949 1825 4011 Varronem
1864 3951 2008 4011 haec
2046 3970 2119 4011 ex
2167 3952 2565 4031 descriptione
2606 3952 2892 4031 gallinarii

601 4058 722 4118 huc
770 4057 957 4118 delata
1006 4064 1066 4117 et
1102 4057 1185 4118 ibi
1222 4055 1302 4116 ΙΙΙ
1339 4053 1400 4137 9,
1432 4055 1467 4118 7
1517 4066 1653 4137 post
1690 4059 1921 4118 cubilia
1960 4076 2173 4118 earum
2212 4058 2654 4137 transponenda
2693 4059 2888 4137 ibique

604 4167 690 4225 sic
739 4163 1051 4224 scribenda
1101 4165 1383 4244 coniecit,
1439 4168 1501 4225 in
1548 4167 1663 4225 hoc
1712 4170 1866 4225 tecto
1922 4167 2243 4240 caveisque
2302 4166 2580 4226 tabulata
2628 4167 2891 4227 habeant

603 4274 835 4346 aliquot
880 4274 966 4331 ad
1001 4274 1283 4347 perticae
1331 4264 1453 4353 (vel
1492 4263 1906 4354 perticarum)
1951 4276 2442 4348 supplementum.
2518 4274 2887 4350 sententiam,

602 4395 777 4456 quam
844 4379 994 4437 ratio
1053 4377 1471 4457 descriptionis
1530 4377 1832 4457 postulare
1899 4377 2234 4459 videbatur,
2300 4380 2361 4438 in
2425 4378 2585 4438 hunc
2651 4378 2883 4438 modum

603 4486 867 4563 restitui,
915 4487 978 4543 in
1025 4486 1141 4544 hoe
1188 4491 1343 4546 tecto
1390 4502 1634 4559 eaveaS,
1695 4503 1853 4559 quae
1899 4487 2176 4546 tabulata
2222 4485 2489 4545 habeant
2534 4488 2766 4560 aliquot
2809 4485 2889 4544 ad
