3178 5185
764 415 1017 469 RERVM
1054 414 1526 470 RVSTICARVM
1564 415 1701 470 LIB.
1738 415 1764 467 Ι
1803 408 2047 468 59-64
2436 415 2559 478 197

472 583 632 653 Quod
685 602 850 644 nemo
911 584 1143 644 fructus
1198 582 1427 663 condit,
1483 584 1600 643 nisi
1657 589 1723 642 ut
1769 590 2027 662 promat,
2086 582 2158 643 de
2207 601 2277 643 eo
2326 601 2561 663 quoque
2600 582 2756 643 LXII

295 690 381 751 vel
458 698 613 750 sexto
674 690 854 769 gradu
920 689 1435 751 animadvertenda
1499 707 1703 768 931133.
1813 697 2096 768 promunt
2160 689 2396 751 condita
2461 698 2563 750 aut

291 804 619 878 propterea,
672 797 826 877 quod
884 805 1024 858 sunt
1078 797 1323 879 tuenda,
1378 806 1482 857 aut
1535 796 1695 876 quod
1754 796 1996 877 utenda,
2052 803 2154 857 aut
2208 795 2367 875 quod
2425 813 2560 856 ven-

294 902 508 965 dunda.
595 923 656 964 ea
723 906 879 984 quod
944 904 1251 965 dissimilia
1319 912 1457 964 sunt
1522 905 1681 963 inter
1746 922 1838 984 se,
1913 903 2059 964 aliut
2123 903 2235 963 alio
2294 910 2560 981 tempore

242 1011 567 1072 ,⁵tuendum
610 1021 664 1073 et
712 1013 1015 1073 utendum.

349 1153 353 1155 ν
466 1119 678 1180 Tuendi
733 1138 908 1181 causa
965 1119 1357 1198 promendum
1414 1119 1472 1178 id
1530 1117 1922 1198 frumentum,
1979 1118 2133 1197 quod
2184 1116 2560 1177 curculiones
2597 1117 2780 1178 LXIII

290 1241 497 1284 exesse
549 1226 852 1303 incipiunt.
945 1225 1003 1284 id
1061 1227 1216 1284 enim
1274 1243 1412 1285 cum
1466 1231 1810 1303 promptum
1867 1231 1983 1304 est,
2038 1227 2098 1283 in
2158 1224 2279 1284 sole
2335 1241 2557 1301 ponere

291 1338 516 1407 oportet
563 1349 743 1410 aquae
801 1334 1053 1411 catinOS,
1128 1331 1285 1410 quod
1343 1349 1412 1391 eo
1468 1332 1854 1412 conveniunt,
1919 1339 1984 1392 ut
2040 1334 2154 1411 ipsi
2209 1349 2271 1391 se
2326 1337 2558 1410 necent,

290 1437 662 1499 curculiones,
757 1437 869 1499 sub
917 1447 1074 1498 terra
1124 1441 1226 1517 qui
1272 1437 1492 1498 habent
1538 1437 1905 1499 frumentum
1952 1441 2011 1497 in
2052 1441 2124 1498 iis
2164 1456 2313 1516 quos
2350 1446 2560 1498 vocant

224 1550 273 1607 1⁰„
293 1545 464 1625 311113,
498 1546 637 1624 quod
680 1564 816 1605 cum
855 1545 1120 1624 periculo
1159 1546 1443 1605 introitur
1481 1547 1712 1605 recenti
1748 1547 2070 1625 apertione,
2109 1547 2190 1605 ita
2220 1552 2288 1605 ut
2318 1544 2558 1624 quibus-

291 1650 417 1709 dam
458 1653 526 1711 sit
559 1652 878 1712 interclusa
916 1653 1124 1734 anima,
1173 1652 1470 1730 aliquanto
1508 1658 1645 1730 post
1681 1669 1973 1733 promere,
2022 1671 2196 1730 quam
2235 1654 2558 1732 aperueriS‚

293 1766 527 1835 oportet.
611 1760 717 1840 far,
765 1758 921 1838 quod
972 1762 1032 1819 in
1081 1761 1262 1837 spicis
1310 1758 1650 1819 condideris
1695 1777 1803 1838 per
1850 1777 2105 1819 messem
2145 1767 2203 1819 et
2241 1760 2312 1819 ad
2356 1758 2555 1836 [usus]

292 1864 508 1927 cibatus
550 1867 825 1945 expedire
874 1866 1045 1948 velis,
1101 1866 1497 1945 promendum
1543 1865 1757 1943 hieme,
1806 1874 1871 1926 ut
1918 1868 1980 1925 in
2026 1868 2280 1945 pistrino
2329 1868 2557 1945 pisatur

292 1990 353 2032 ac
399 1980 697 2034 torreatur.

226 2083 268 2122 ¹5
455 2080 698 2141 Amurca
753 2100 890 2141 cum
946 2099 1016 2141 ex
1075 2081 1200 2141 olea
1255 2099 1560 2158 expressa,
1620 2082 1725 2159 qui
1770 2088 1861 2140 est
1909 2099 2080 2140 umor
2126 2080 2425 2160 aquatiliS,
2481 2098 2549 2139 ac
2586 2077 2762 2138 LXIV

292 2189 690 2249 recrimentum
750 2186 863 2265 [et]
921 2187 1227 2247 conditum
1282 2189 1343 2247 in
1402 2206 1503 2247 vas
1562 2186 1771 2265 fictile,
1827 2187 1886 2246 id
1945 2186 2181 2264 quidam
2232 2189 2317 2247 sic
2366 2186 2556 2246 solent

293 2297 451 2376 tueri,
495 2294 699 2355 diebus
746 2310 839 2355 xv
888 2298 951 2355 in
998 2312 1067 2354 eo
1109 2295 1264 2373 quod
1305 2302 1395 2354 est
1433 2295 1796 2354 levissimum
1837 2312 1902 2353 ac
1942 2310 2238 2353 summum
2278 2290 2556 2351 defletum

419 2580 447 2628 6
503 2574 866 2644 promendum
924 2573 984 2627 id
1031 2573 1370 2628 frumentum
1417 2575 1563 2627 Non.
1603 2589 1665 2642 p.
1714 2577 1838 2641 546,
1887 2577 1921 2628 7
2070 2578 2134 2626 13
2192 2568 2558 2641 promendum

289 2662 451 2718 hieme
487 2664 629 2720 Non.
661 2656 891 2733 p.'163,
931 2668 999 2717 14

414 2932 440 2979 1
478 2927 545 2982 de
579 2941 644 2979 eo
674 2931 920 3002 quoque]
950 2932 1032 2985 De
1059 2929 1379 3000 promendis
1408 2931 1471 2984 in
1498 2930 1746 3000 maryinc
1772 2929 1996 2983 rubrica
2025 2928 2078 2980 A
2223 2934 2255 2981 2
2293 2928 2559 2996 promunt

289 3015 491 3070 condita
549 3020 651 3073 aut
707 3021 1001 3075 Iucuudus
1053 3019 1305 3074 Primum
1370 3021 1527 3088 (corr.
1582 3019 1955 3074 Promendum
2010 3015 2111 3085 A²)
2178 3016 2403 3070 condita
2457 3016 2556 3068 aut

288 3100 445 3179 PAR
477 3106 727 3162 Primum
765 3112 863 3163 aut
895 3127 943 3165 v.
1013 3110 1115 3164 ‘Iu
1155 3110 1393 3175 cunctiS,
1440 3125 1572 3179 quos
1610 3109 1759 3175 uidi,
1801 3123 1973 3162 manu
2009 3106 2258 3175 scriptiS,
2306 3102 2556 3158 Primum

287 3196 510 3264 condita,
559 3198 687 3267 lcyi’
741 3198 1017 3254 Victorius
1197 3205 1228 3252 3
1276 3197 1578 3251 uendunda
1621 3197 1805 3252 PAB
1850 3195 2147 3250 uendenda
2190 3212 2221 3247 v
2402 3199 2437 3246 4
2488 3211 2555 3248 ea

287 3286 413 3350 quod
460 3287 571 3341 VB
610 3304 679 3341 ea
714 3304 857 3355 quae
893 3286 1012 3341 Am
1157 3286 1423 3342 disimilis,
1458 3286 1514 3339 A
1660 3287 1803 3339 aliut
1843 3285 1898 3338 P
1933 3284 2086 3338 aliud
2124 3284 2248 3338 AB
2259 3301 2289 3338 v

409 3381 471 3428 10
509 3392 665 3430 331113
693 3375 875 3430 PAB
911 3393 1068 3446 syros
1104 3393 1136 3430 v
1281 3377 1430 3446 quod
1468 3393 1596 3430 cum
1634 3374 1814 3429 VAB
1852 3391 1990 3429 corr.
2029 3391 2141 3442 quo
2180 3390 2306 3427 cum
2334 3371 2413 3426 A²

288 3466 338 3515 11
381 3465 663 3534 aperueris
706 3465 886 3519 VAB
923 3481 1061 3519 corr.
1101 3463 1423 3535 aperuerint
1459 3464 1541 3518 Α2
1577 3463 1942 3534 apparuerint
1978 3480 2029 3517 m
2110 3534 2115 3538 ι
2180 3468 2242 3515 12
2291 3462 2554 3533 messem]

284 3569 507 3608 mensem
538 3555 661 3608 Am
807 3559 872 3607 13
915 3553 1014 3607 ‘Vt
1047 3553 1107 3607 in
1135 3553 1373 3623 pistrino
1404 3552 1634 3622 pisatur,
1679 3569 1745 3607 ac
1773 3553 2065 3607 torreatur.
2132 3551 2355 3606 Vetusta
2383 3552 2553 3606 lectio,

284 3641 433 3712 Apud
479 3643 759 3709 Nouium,
808 3644 907 3711 qui
958 3643 1104 3696 huuc
1161 3643 1337 3696 locum
1382 3642 1638 3709 adducit,
1695 3642 1917 3711 leyitur,
1974 3641 2216 3696 Pisctur’
2279 3640 2556 3693 Victorius

401 3733 460 3786 in
497 3731 738 3802 pistrino
777 3733 897 3787 AB
932 3730 994 3786 in
1029 3729 1240 3802 pistino
1280 3732 1337 3786 P
1364 3730 1423 3785 in
1459 3731 1697 3801 pristino
1735 3750 1766 3785 v
1909 3731 2126 3801 pisatur
2157 3730 2273 3784 PB
2308 3729 2557 3798 pascitur

282 3826 331 3875 ut
360 3823 589 3888 videtur,
627 3837 767 3876 corr.
806 3823 1027 3891 pisatur
1064 3822 1116 3875 A
1154 3821 1408 3890 pinsetur
1442 3838 1496 3874 m
1532 3819 1745 3890 pisetur
1779 3838 1811 3875 v
1849 3821 2073 3876 Nouius
2100 3837 2161 3889 p.
2200 3822 2330 3885 163,
2367 3823 2439 3872 16

405 3917 469 3967 15
519 3927 756 3980 expresa
790 3911 845 3964 A
988 3926 1150 3965 umor
1184 3909 1241 3964 A
1277 3910 1475 3964 humor
1523 3910 1635 3963 VB
1784 3915 1849 3964 16
1897 3908 2292 3965 recrimentum
2330 3910 2388 3961 et
2425 3924 2553 3961 con-

279 3999 438 4054 ditum
467 4000 652 4055 PAB
679 3998 1066 4054 retrimentum
1097 3999 1384 4053 conditum
1411 4016 1458 4052 v.
1524 3999 1900 4054 ‘Peruetustus
1928 4000 2081 4067 liber,
2108 3996 2548 4051 Recrimentum’

284 4087 542 4144 Victorius
705 4096 767 4144 17
818 4088 1014 4143 diebus
1050 4086 1154 4142 XV
1200 4104 1267 4141 ex
1315 4105 1379 4143 eo
1428 4088 1579 4156 quod
1628 4091 1714 4143 est
1768 4086 2118 4142 leuissimum
2164 4103 2230 4140 33
2277 4102 2552 4140 summum

278 4177 521 4247 depletur
567 4178 613 4230 I
610 4177 882 4231 ucundus.
959 4176 1178 4230 ‘Omnes
1222 4193 1393 4230 ‘mauu
1438 4176 1635 4244 scripti
1678 4175 1955 4228 Deflatum
1966 4216 1984 4242 ,
2030 4176 2229 4229 habeut
2255 4195 2271 4227 .·
2298 4175 2551 4244 quemad-

277 4269 475 4322 modum
529 4267 697 4321 etiam
743 4265 945 4333 primis
998 4265 1327 4334 temporibus
1382 4265 1569 4318 excusi
1625 4265 1781 4330 libri,
1836 4280 1903 4317 cx
1947 4280 2052 4334 quo
2096 4263 2425 4333 iutelliqitur
2469 4263 2554 4316 ita

276 4357 333 4410 ab
384 4357 548 4411 nouis
605 4355 995 4410 correctoribus
1049 4355 1224 4409 locum
1279 4354 1606 4424 castiyatum
1660 4354 1846 4421 fuisse.
1930 4355 2010 4407 Iu
2063 4353 2265 4421 optimo
2310 4353 2553 4407 omnium

276 4445 437 4500 codice
482 4446 569 4499 ita
614 4448 763 4498 totus
808 4444 954 4498 locus
1003 4444 1228 4513 leyitur,
1273 4442 1484 4496 Diebus
1525 4443 1587 4495 X
1599 4442 1651 4495 V
1692 4457 1750 4495 eo
1787 4442 1930 4509 quod
1966 4446 2043 4496 est
2080 4441 2438 4509 leuissimum,
2487 4456 2553 4495 ac

274 4549 526 4590 summum
571 4533 858 4602 deflatum’
915 4532 1188 4590 Victorius
1330 4529 1389 4584 in
1427 4536 1553 4605 autc
1592 4547 1656 4586 eo
1694 4546 1793 4584 om.
1842 4529 2020 4585 VAB
