3178 5185
608 364 691 428 68
1291 372 1671 429 COMMENT.
1708 373 1790 428 IN
1827 373 2205 427 VARRONIS

603 527 745 589 dum
793 528 888 588 sit.
955 527 1315 604 faciendum
1360 531 1479 591 sic:
1533 532 1592 589 si
1638 536 1828 605 prata
1883 535 2025 588 sunt
2078 528 2333 588 coniecit
2389 525 2776 586 Roessnerus
2835 523 2906 583 de

611 636 1114 714 praepositionum
1163 634 1235 696 ab
1283 636 1355 696 de
1404 655 1476 696 ex
1524 654 1637 696 usu
1677 633 2039 695 Varroniano
2086 653 2141 712 p.
2183 632 2287 695 37.

781 748 937 802 XXII
980 741 1013 804 1
1081 741 1268 812 Quae
1319 762 1399 803 ex
1447 741 1845 803 uiminibus
1892 750 1960 801 et
2008 743 2307 802 materia
2355 742 2638 802 rustica
2682 737 2902 815 fiunt]

602 848 874 909 Materia
931 852 1223 909 ruscaria
1281 848 1683 909 Schneiderus
1739 849 2019 928 coniecit,
2085 856 2154 908 ut
2208 856 2438 908 certum
2496 863 2694 927 genus
2763 845 2908 925 ligni

600 956 1054 1037 significaretur,
1094 974 1447 1034 quamquam
1487 973 1750 1035 ruscum,
1799 954 1953 1033 quod
2004 963 2096 1015 est
2142 972 2330 1033 genus
2374 955 2785 1036 dumetorum,
2834 952 2903 1012 ad

601 1079 669 1121 ea
716 1063 1112 1124 instrumenta
1172 1080 1320 1141 quae
1381 1062 1594 1123 deinde
1645 1061 2014 1140 appellantur
2074 1063 2313 1122 minime
2361 1071 2564 1141 aptum
2612 1080 2758 1126 esse
2808 1078 2905 1139 ap·

598 1175 783 1247 paret.
867 1171 1087 1229 rustica
1135 1170 1379 1229 materia
1428 1168 1647 1229 dicitur
1694 1186 1845 1247 quae
1893 1170 2022 1228 ruri
2069 1171 2352 1229 nascitur.

779 1275 1112 1336 Fiscinae
1170 1274 1443 1336 tribula
1503 1274 1695 1335 malli
1752 1273 2077 1352 rastelli]
2134 1276 2329 1336 Malei
2378 1274 2631 1358 Merula,
2700 1277 2909 1335 mallei

596 1382 899 1445 Iucundus
930 1390 1007 1443 -et
1053 1381 1266 1443 deinde
1315 1380 1531 1459 reliqui
1577 1380 1855 1443 editores,
1932 1400 2041 1460 pro
2088 1381 2200 1441 hoc
2247 1384 2396 1442 valli
2447 1383 2687 1462 scripsi,
2742 1382 2899 1460 quod

598 1507 787 1569 genus
835 1491 1219 1550 instrumenti
1274 1490 1335 1549 in
1382 1490 1455 1548 iis
1513 1506 1663 1567 quae
1722 1508 1753 1548 e
1805 1487 2122 1549 viminibus
2180 1489 2331 1548 fiunt
2390 1496 2901 1549 commemoratur

598 1595 623 1655 1
662 1593 766 1678 23,
795 1591 854 1656 5.
921 1613 1067 1656 usus
1108 1594 1392 1655 vallorum
1433 1594 1796 1656 describitur
1833 1594 1859 1654 I
1895 1591 2001 1677 52,
2030 1593 2089 1656 2.
2156 1614 2226 1655 ex
2266 1595 2378 1655 alio
2416 1595 2707 1656 Varronis
2749 1594 2900 1655 libro

598 1703 874 1763 videntur
930 1704 1113 1782 petita
1171 1720 1303 1763 esse
1370 1720 1521 1781 quae
1588 1711 1872 1782 corrupta
1929 1701 2211 1780 leguntur
2275 1702 2429 1780 apud
2490 1701 2775 1762 Servium
2841 1704 2898 1761 in

598 1808 768 1888 Verg.
808 1827 1007 1889 georg.
1047 1809 1071 1868 Ι
1114 1806 1239 1870 166
1296 1816 1357 1870 et
1417 1787 1676 1887 mystica
1742 1822 1977 1870 vannus
2033 1811 2278 1890 Iacchi,
2344 1812 2411 1869 id
2471 1817 2560 1871 est
2617 1812 2898 1870 cribrum

598 1921 846 1991 areale,
899 1920 1150 1991 leaimus
1197 1923 1396 1977 tamen
1445 1923 1505 1977 et
1547 1920 1741 1977 vallus
1786 1919 2141 1977 secundum⁴
2171 1917 2505 1977 Varronem
2542 1919 2713 1978 lianc
2747 1919 2897 1990 fisti-

600 2027 742 2084 cula
782 2026 971 2100 pollio
1017 2029 1213 2100 mysta
1259 2026 1470 2096 vallus,
1518 2026 1684 2097 quod
1729 2026 1885 2083 idem
1931 2026 2122 2084 nihilo
2168 2026 2366 2084 minus
2410 2026 2747 2098 sianisicat,
2797 2021 2895 2083 ubi

590 2133 852 2204 fiscinae
899 2132 1130 2191 tribula
1174 2133 1334 2210 valli,
1376 2131 1567 2190 Pollio
1616 2132 1875 2205 mystica
1920 2133 2114 2191 vallus
2161 2131 2450 2208 scriptum
2490 2130 2679 2191 fuisse
2721 2129 2894 2190 Thilo

596 2238 877 2316 coniecit3
947 2238 1086 2296 item
1146 2234 1301 2314 apud
1361 2234 1603 2296 Festum
1662 2255 1717 2315 p.
1758 2231 1916 2315 375,
1955 2233 2041 2296 10
2111 2236 2341 2298 Valvoli
2388 2236 2578 2311 sabae
2629 2237 2899 2314 folliculi

596 2347 890 2421 appellati
930 2350 1096 2417 sunt,
1155 2345 1334 2417 quasi
1377 2345 1667 2417 vallivoli,
1723 2345 1869 2417 quia
1915 2346 2072 2403 vallo
2120 2346 2273 2403 iacti
2325 2346 2747 2405 excutiantur.
2822 2342 2892 2401 de

596 2450 803 2510 eodem
854 2452 1091 2510 nomine
1131 2450 1352 2528 scripta
1400 2458 1539 2509 sunt
1577 2448 1741 2527 haec,
1778 2448 1852 2508 de
1892 2447 2091 2509 dubiis
2129 2448 2469 2510 nominibus
2506 2469 2758 2527 gramm.
2796 2449 2889 2509 lat.

596 2575 646 2616 v.
694 2556 741 2615 V
788 2575 842 2636 p.
893 2552 1051 2637 592,
1091 2553 1178 2617 24
1238 2557 1467 2632 Vallus,
1526 2559 1588 2617 in
1654 2574 1777 2632 qua
1828 2556 2202 2632 frumentum
2250 2560 2580 2636 excutitur,
2642 2560 2891 2634 yeneris

590 2662 891 2739 feminini,
939 2671 1008 2723 ut
1058 2664 1346 2739 Viryilius
1392 2682 1556 2724 nunc
1604 2668 1862 2741 mystica
1907 2668 2101 2725 vallus
2133 2656 2209 2724 ‘et
2254 2666 2316 2724 in
2369 2667 2668 2743 excerptis
2718 2664 2888 2743 Capri

594 2789 646 2831 v.
686 2768 785 2828 Vll
831 2789 887 2849 p.
932 2767 1084 2852 112,
1121 2767 1163 2831 2
1233 2770 1437 2832 Vallus
1492 2772 1674 2850 haec,
1730 2789 1853 2846 qua
1887 2771 2279 2846 frumentum
2336 2775 2683 2852 excutitur,
2749 2775 2886 2833 item

596 2876 751 2956 apud
790 2876 1046 2937 Plinium
1084 2876 1267 2936 XVIII
1304 2874 1434 2938 296
1482 2876 1554 2937 de
1604 2895 1717 2938 usu
1757 2876 2040 2938 vallorum
2091 2880 2153 2938 in
2209 2897 2402 2939 messe
2440 2878 2713 2939 facienda
2750 2881 2893 2939 valli

587 2987 1017 3061 praeyrandes
1063 3017 1138 3026 —
1171 3003 1290 3062 per
1326 2991 1585 3061 segetem
1628 2988 2001 3061 inpelluntur
2030 2992 2091 3044 et
2120 2988 2206 3046 ita
2245 2988 2535 3063 dereptae
2564 2989 2628 3046 in
2668 2991 2886 3048 vallum

593 3094 826 3168 cadunt
868 3094 1095 3167 spicae.
2712 3088 2730 3099 “

782 3199 1020 3259 Canabi
1061 3197 1198 3259 libri
1237 3217 1414 3259 manu
1455 3201 1686 3281 scripti,
1722 3201 1990 3260 cannabi
2027 3200 2087 3258 in
2127 3200 2396 3278 principe
2435 3199 2699 3261 editione
2738 3199 2883 3260 Poli-

599 3307 793 3365 tianus
841 3323 958 3365 non
1000 3308 1275 3366 correxit.
1351 3308 1412 3366 in
1451 3305 1771 3385 archetypo
1818 3306 2052 3366 videtur
2090 3308 2319 3368 canabi
2353 3308 2645 3386 scriptum
2684 3308 2883 3386 fuisse,

592 3420 794 3492 postea
844 3422 1182 3473 correctum
1229 3415 1513 3474 cannabi.

772 3517 814 3580 2
881 3518 953 3579 Si
1019 3529 1291 3600 emptae
1358 3529 1573 3580 erunt
1635 3521 1878 3599 potius
1938 3518 2018 3578 ad
2079 3512 2470 3582 utilitatem
2528 3538 2734 3598 quam
2801 3518 2879 3580 oh

595 3624 945 3705 speciem]
1002 3625 1188 3686 Immo
1236 3630 1323 3688 ad
1363 3630 1640 3704 speciem.
1716 3628 1789 3687 ob
1836 3635 2073 3703 praeter
2120 3624 2281 3685 hunc
2336 3625 2532 3686 locum
2592 3626 2779 3687 semel
2822 3628 2877 3685 in

594 3733 690 3793 his
736 3731 906 3793 libris
943 3731 1178 3815 legitur,
1222 3733 1325 3793 sed
1365 3735 1573 3794 vitiose
1614 3734 1924 3814 scriptum,
1971 3731 2051 3791 111
2090 3728 2149 3814 9,
2183 3729 2371 3808 11,ἱά
2404 3751 2534 3794 esse
2570 3735 2647 3794 ob
2687 3738 2879 3812 inane,

494 3830 495 3833 '
594 3858 769 3919 saepe
836 3846 1109 3917 propter.
1208 3843 1293 3901 ad
1357 3843 1617 3916 speciem
1680 3838 1924 3919 legitur,
2000 3841 2266 3917 quamvis
2331 3839 2564 3900 diversa
2630 3842 2877 3902 nominis

594 3947 1049 4029 significatione,
1105 3945 1186 4007 ΙΙΙ
1225 3943 1285 4029 5,
1312 3944 1356 4007 4
1411 3950 1498 4007 ad
1538 3943 1800 4023 speciem
1847 3950 2261 4007 cancellorum
2307 3953 2367 4007 et
2413 3945 2491 4007 ib.
2535 3945 2619 4009 10
2666 3952 2756 4010 ad
2797 3957 2877 4009 ta-

594 4057 774 4116 bulae
818 4056 1164 4116 litterariae
1206 4057 1482 4132 speciem.

771 4158 812 4221 3
877 4160 1053 4221 Vasa
1099 4159 1369 4220 olearia
1425 4162 1586 4238 iuga
1647 4157 2003 4238 quinque]
2076 4160 2237 4221 Vasa
2291 4163 2529 4221 olearia
2579 4162 2874 4224 instructa

595 4271 743 4343 iuqa
781 4270 1055 4343 quinque
1091 4266 1395 4327 Iucundus
1442 4284 1512 4326 ex
1562 4265 1783 4326 Catone
1836 4264 1938 4348 10,
1967 4264 2026 4327 2.

770 4373 861 4434 De
901 4374 1364 4434 ferramentis
1394 4391 1570 4451 quae
1603 4375 1751 4433 sint
1779 4381 1846 4433 et
1876 4373 2062 4451 quod
2094 4391 2274 4452 opus
2302 4372 2872 4451 multitudinem]

595 4482 988 4542 Multitudine
1032 4499 1109 4542 m.
1156 4499 1317 4555 quae
1360 4484 1483 4541 sint
1518 4488 1576 4540 et
1613 4487 1757 4555 quot
1801 4499 1950 4557 opus
1987 4483 2075 4541 ad
2108 4484 2549 4542 multitudinem
2593 4485 2873 4564 impressa
