3178 5185
812 419 1073 474 RERVM
1118 420 1595 475 RVSTICARVM
1633 420 1770 474 LIB.
1809 420 1889 474 III
1931 418 2097 474 1—2
2459 410 2586 474 223

306 590 542 647 quoque
587 582 648 633 et
697 572 908 633 deinde
957 592 1072 649 quo
1119 578 1399 636 ornatior
1445 592 1519 635 ea
1566 593 1695 636 esse
1731 582 1937 651 posset
1981 582 2102 634 tam
2143 573 2359 649 fructu
2406 592 2587 649 quam

299 678 478 754 factu
518 678 901 741 scribendum
940 679 1238 742 Gesnerus
1279 683 1548 742 coniecit.
1598 681 1813 757 fructu
1851 699 2031 757 quam
2067 688 2305 742 structu
2345 681 2588 742 Schnei-

306 786 503 869 deruS,
534 787 755 864 fructu
802 807 981 864 quam
1022 789 1192 865 fastu
1238 789 1563 868 Madvigius
1611 788 1835 848 advers,
1875 808 1925 848 v.
1963 786 2017 847 II
2055 808 2109 867 p.
2144 783 2270 848 180
2317 789 2589 847 coniecit.

306 894 579 955 ordinem
619 895 955 976 verborum,
996 914 1143 974 quae
1183 896 1255 956 ab
1303 896 1630 957 editoribus
1677 915 1853 976 prava
1893 888 2269 955 distinctione
2308 895 2586 956 distracta

304 1009 490 1082 erant,
540 1001 740 1062 Ursini
787 1005 1126 1064 coniectura
1167 1021 1510 1080 parumque
1555 1003 1993 1076 demonstravit.
2067 1021 2175 1082 pro
2222 1002 2333 1061 hoc
2380 1009 2437 1062 et
2475 1020 2588 1078 pa-

308 1127 439 1168 rum
491 1111 723 1188 scripsi.
797 1110 1008 1171 deinde
1057 1115 1175 1171 tuis
1221 1114 1455 1186 litteriS,
1495 1112 1545 1171 si
1582 1129 1789 1171 verum
1830 1120 1937 1191 est,
1976 1109 2044 1169 ad
2085 1108 2267 1169 libros
2304 1128 2335 1168 a
2374 1098 2586 1169 Pinnio

304 1218 564 1296 scriptos
611 1219 888 1299 pertinet,
927 1235 1280 1296 quamquam
1319 1217 1390 1278 de
1438 1217 1530 1277 his
1578 1219 1897 1278 memoriae
1946 1214 2090 1276 nihil
2136 1215 2434 1295 proditum
2479 1224 2586 1277 est.

225 1326 226 1329 ’
305 1323 565 1402 denique
614 1324 769 1402 quod
819 1325 877 1384 in
926 1324 1244 1403 archetypo
1284 1327 1570 1403 scriptum
1612 1333 1740 1385 erat
1775 1327 1940 1400 quod
1975 1324 2152 1400 factu
2192 1324 2409 1384 frustra
2450 1342 2585 1383 con-

304 1432 556 1491 iecturis
612 1431 927 1492 emendare
984 1432 1343 1492 studuerunt
1397 1432 1673 1492 editores.
1767 1441 2009 1511 apparet
2063 1432 2218 1490 enim
2285 1448 2400 1489 non
2458 1448 2586 1490 cor-

305 1538 571 1620 rigenda,
610 1538 712 1599 sed
751 1538 996 1599 delenda
1035 1557 1165 1599 esse
1205 1538 1400 1621 verba,
1440 1558 1588 1619 quae
1628 1558 1804 1619 prava
1844 1539 2195 1618 repetitione
2234 1545 2360 1597 orta
2402 1547 2588 1618 erant,

305 1663 441 1706 eum
484 1649 643 1706 enim
689 1649 890 1706 villam
937 1649 1196 1707 haberes
1229 1679 1304 1689 —
1337 1649 1732 1723 spectandam
1770 1652 1830 1706 et
1867 1662 2091 1722 parum
2130 1651 2409 1721 putasses
2447 1663 2601 1718 esse,

305 1756 371 1813 ni
414 1756 537 1813 tuis
583 1771 820 1828 quoque
866 1756 1081 1814 litteris
1127 1756 1416 1814 exornati
1451 1756 1725 1829 parietes
1771 1760 1982 1827 essent,
2021 1768 2131 1828 eqo
2178 1768 2427 1825 quoque,
2475 1768 2593 1825 quo

312 1862 598 1921 ornatior
628 1878 701 1920 ea
731 1878 859 1921 esse
880 1868 1085 1936 posset
1107 1859 1339 1936 fructu,
1359 1862 1523 1934 quod
1541 1859 1762 1935 faeere
1777 1877 2033 1935 possem,
2061 1860 2216 1919 haee
2249 1860 2336 1917 ad
2359 1864 2417 1917 te
2445 1860 2596 1917 misi.

482 1972 537 2025 H
580 1963 614 2026 1
683 1965 1010 2027 comitiis
1076 1966 1439 2027 aediliciis
1500 1984 1658 2026 cum
1724 1962 1872 2024 sole
1939 1963 2140 2025 caldo
2207 1983 2333 2043 ego
2403 1971 2473 2023 et
2538 1969 2591 2042 q.

304 2073 513 2132 axius
562 2081 852 2133 senator
902 2072 1197 2134 tribulis
1256 2072 1683 2151 suffragium
1733 2069 2185 2149 tulissemus]
2234 2072 2364 2148 Eyo
2411 2079 2593 2146 atque

305 2183 505 2240 Axius
553 2179 706 2240 edita
755 2190 889 2241 ante
927 2179 1253 2241 Victorium
1294 2179 1664 2259 exemplaria,
1702 2177 1857 2257 quod
1907 2179 1966 2237 in
2015 2180 2284 2257 principe
2333 2178 2589 2238 editione

303 2285 635 2346 Politianus
682 2305 802 2347 non
850 2289 1127 2369 correxit,
1175 2305 1286 2363 eqo
1333 2294 1392 2348 et
1436 2304 1595 2361 quae
1644 2278 1761 2365 (vel
1809 2279 1950 2366 que)
2001 2288 2184 2346 axius
2240 2268 2591 2366 apographa,

304 2411 416 2469 eqo
454 2401 515 2455 et
551 2395 614 2466 Q.
649 2395 846 2454 Axius
873 2392 1188 2474 Victorius,
1229 2392 1383 2472 quod
1424 2392 1649 2470 legerat
1676 2389 1900 2450 Plinius
1931 2388 2059 2449 VIII
2093 2388 2234 2452 167.
2302 2393 2363 2464 Q.
2396 2392 2592 2453 Axius

305 2501 528 2592 dicitur
575 2500 729 2561 idem
780 2499 931 2580 apud
981 2499 1232 2560 Gellium
1281 2496 1449 2573 v13‚
1495 2495 1574 2559 10
1632 2506 1693 2559 et
1749 2496 1903 2577 apud
1953 2497 2299 2559 Ciceronem
2334 2499 2425 2558 ‘ad
2475 2499 2590 2561 Att.

304 2608 358 2667 X
403 2607 501 2684 11,
541 2606 601 2689 2,
652 2608 750 2670 ubi
799 2628 916 2685 que
962 2612 1204 2683 anxius,
1252 2616 1312 2668 et
1358 2607 1437 2669 ib.
1486 2604 1586 2682 13,
1626 2604 1685 2687 2,
1732 2605 1832 2666 ubi
1881 2624 1921 2666 α
1970 2607 2173 2692 Buxio
2220 2608 2280 2667 in
2331 2607 2589 2668 Mediceo

309 2716 513 2777 codice
564 2718 851 2796 scriptum
901 2725 1006 2776 est.
1101 2715 1347 2795 reliquis
1403 2713 1549 2775 locis
1599 2724 1658 2774 et
1713 2732 1743 2772 a
1791 2711 2053 2773 Varrone
2110 2722 2169 2773 et
2223 2732 2254 2773 a
2305 2713 2590 2775 Cicerone

310 2825 437 2884 sine
504 2825 888 2902 praenomine
954 2824 1136 2883 Axius
1202 2822 1548 2902 appellatur.
1641 2829 1907 2881 ceterum
1973 2838 2147 2899 prava
2213 2819 2591 2881 distinctione

308 2931 713 2991 Schneiderus
760 2933 1014 2991 comitiis
1061 2932 1555 3010 aediliciis,.cum
1600 2932 1725 2990 sole
1761 2945 1887 3005 sqq.
1935 2925 2207 2987 dederat:
2256 2945 2389 2986 nam
2428 2937 2589 2988 recte

306 3040 563 3109 comitiis
612 3040 911 3099 aediliciis
959 3055 1095 3098 cum
1141 3041 1264 3098 sole
1310 3055 1436 3115 sqq.
1484 3036 1870 3114 antiquiores,

484 3144 652 3205 Dum
710 3143 1127 3205 diribentur
1181 3143 1431 3222 inquid
1500 3139 1877 3219 suffragia]
1936 3141 2327 3201 Dirimantur
2379 3139 2590 3202 Iucun—

308 3251 434 3334 duS,
483 3254 829 3313 diribentur
876 3270 945 3311 ex
993 3269 1172 3311 manu
1221 3251 1460 3329 scriptis
1520 3248 1687 3309 libris
1734 3246 2013 3328 Angelius
2071 3249 2346 3307 restituit.
2440 3251 2590 3308 diri-

309 3366 547 3420 mentur
621 3367 679 3419 et
743 3357 824 3417 ΙΙΙ
870 3355 932 3439 5,
971 3355 1052 3420 18
1128 3360 1487 3419 dirimerent
1557 3374 1666 3436 pro
1742 3357 2083 3416 diriberent
2156 3352 2458 3416 Gesnerus
2532 3363 2592 3416 et

287 3465 710 3528 Schneiderus
759 3465 1068 3527 dederunt.

480 3550 889 3652 Vis‘potius
939 3572 1157 3633 uillae
1207 3571 1542 3650 publicae
1592 3578 1873 3630 utamur
1920 3567 2162 3629 umbra
2203 3587 2406 3647 quam
2445 3571 2589 3648 pri-

310 3681 456 3740 uati
529 3680 892 3740 candidati
978 3678 1238 3740 tabella
1324 3679 1794 3738 aedificemus
1876 3674 2119 3753 nobis]
2205 3677 2396 3748 Quam
2461 3680 2591 3753 pri-

307 3791 433 3847 vati
507 3789 830 3848 candidati
901 3788 1149 3861 tabella,
1207 3789 1347 3846 dum
1413 3788 1499 3846 ita
1572 3787 1961 3858 aedificemus
2034 3784 2203 3843 nobis
2270 3781 2591 3864 IucunduS,

307 3911 485 3969 quam
552 3897 804 3971 privata
868 3896 1190 3955 candidati
1203 3927 1208 3930 -
1232 3895 1454 3954 tabella
1520 3885 1680 3974 (sive
1747 3893 1943 3970 potius
2007 3882 2300 3969 umbella)
2368 3892 2592 3950 umbri-

264 4005 554 4086 'ficemus
601 4003 773 4062 nobis
818 3999 1069 4061 Ursinus
1115 4000 1224 4060 hac
1272 3976 1465 4061 addita
1511 4000 2030 4078 interpretatione,
2082 3991 2385 4056 ‘tabellam
2433 3999 2588 4056 enim

309 4110 427 4168 sive
478 4107 794 4170 umbellam
835 4108 1128 4169 candidati
1175 4105 1621 4168 tabernaculum
1669 4107 1792 4165 sive
1842 4101 2251 4164 umbraculum
2299 4101 2590 4184 intelligit,
2668 4084 2670 4086 ‚

308 4215 459 4295 quod
510 4217 573 4275 in
622 4233 827 4295 campo
875 4214 1083 4274 Martio
1130 4213 1470 4294 tendebant,
1518 4212 1618 4273 ubi
1667 4212 2051 4272 convenirent
2089 4216 2148 4270 et
2187 4228 2249 4268 se
2298 4228 2327 4267 a
2369 4209 2491 4268 sole
2532 4218 2591 4270 et

307 4323 497 4402 pluvia
566 4318 1004 4384 defenderent’.
1098 4321 1402 4401 archetypi
1467 4321 1783 4381 lectionem
1849 4337 1921 4378 ex
1994 4319 2260 4396 principe
2334 4315 2589 4376 editione

310 4429 938 4493 Gesnerusrestituit.
1030 4429 1132 4490 sed
1192 4448 1341 4509 quae
1402 4430 1478 4488 sit
1533 4426 1826 4488 candidati
1883 4424 2090 4485 tabella
2147 4410 2443 4483 dimidiata
2503 4422 2590 4482 vel

308 4556 422 4616 quo
482 4537 656 4598 verba
706 4536 1012 4619 Varronis,
1069 4538 1121 4596 si
1174 4555 1311 4596 vera
1369 4543 1462 4595 est
1515 4533 1800 4594 librorum
1859 4534 2182 4613 scriptura,
2237 4532 2592 4610 pertineant,
