3178 5185
627 381 752 445 128
1307 388 1687 445 COMMENT.
1731 387 1805 442 IN
1842 388 2216 443 VARRONIS

620 543 938 604 verborum
988 542 1384 625 distinctione,
1426 562 1575 623 quae
1623 542 1760 603 inde
1800 562 1829 603 a
1876 546 2147 624 principe
2196 544 2454 605 editione
2496 542 2723 623 vulgata
2772 552 2906 624 erat,

623 652 839 729 scripsi
901 669 1095 726 neque
1153 654 1334 712 etiam
1382 669 1515 712 cum
1568 654 1871 728 processit
1917 655 2029 727 ita,
2077 659 2144 719 ut
2187 656 2267 713 sit
2312 655 2516 712 vinum
2557 650 2816 726 factum,
2858 652 2917 710 si⁴

622 766 787 819 vetus
835 760 1041 819 bibere
1087 762 1247 835 velis,
1286 762 1449 834 quod
1492 777 1612 820 non
1653 762 1746 833 fit,
1785 766 2111 834 antequam
2159 762 2490 819 accesserit
2536 776 2760 819 annus:
2806 776 2903 817 an-

620 868 888 925 niculum
929 867 1154 941 prodit.
1248 874 1507 925 mustum
1557 883 1749 944 neque
1799 864 1938 925 dum
1989 865 2177 925 fervet
2234 883 2426 944 neque
2475 883 2610 925 cum
2661 883 2730 924 eo
2780 882 2901 943 pro·

621 973 826 1052 cessit,
884 979 949 1032 ut
1004 974 1117 1031 iam
1181 973 1378 1031 vinum
1438 972 1655 1031 factum
1715 973 1816 1053 sit,
1873 971 2265 1051 promendum
2325 979 2441 1052 est,
2500 974 2689 1051 siquis
2748 980 2908 1031 vetus

624 1082 822 1139 vinum
879 1078 1084 1138 bibere
1141 1077 1299 1140 velit.
1391 1087 1559 1139 vetus
1617 1086 1812 1139 autem
1872 1080 2072 1139 vinum
2137 1085 2267 1138 tum
2341 1078 2577 1139 demum
2637 1079 2726 1157 fit,
2783 1096 2908 1138 cum

621 1204 812 1246 annus
857 1188 1184 1265 praeteriit.
1259 1184 1600 1246 anniculum
1638 1186 1853 1265 prodit,
1893 1187 1934 1245 i.
1975 1204 2024 1246 e.
2063 1203 2217 1246 anno
2256 1192 2571 1265 postquam
2612 1186 2909 1246 conditum

622 1303 749 1355 erat
795 1294 1052 1373 primum
1103 1312 1134 1352 e
1183 1292 1327 1353 cella
1372 1294 1655 1373 pomitur.

796 1399 895 1460 Ex
961 1419 1039 1461 eo
1107 1418 1367 1479 genere
1435 1418 1607 1460 uvae
1664 1400 1846 1479 quod
1908 1409 2182 1461 mature
2240 1399 2660 1478 cocescant]
2733 1403 2907 1474 Quae,

621 1511 762 1569 dum
827 1511 1205 1584 maturescit,
1272 1515 1597 1569 coacescat
1658 1506 1986 1591 Iucundus,
2063 1511 2226 1584 quod
2290 1517 2529 1569 mature
2594 1513 2911 1568 coacescat

620 1614 937 1676 Victorius,
1029 1613 1318 1693 pluralem
1385 1633 1701 1675 numerum
1769 1622 2135 1677 coacescant
2203 1635 2336 1676 cum
2406 1614 2693 1694 singulari
2759 1616 2913 1690 quod

621 1725 1003 1782 coniunctum
1054 1721 1338 1802 exemplis
1387 1724 1693 1783 nominum
1743 1721 1987 1802 pluralis
2036 1726 2300 1804 numeri,
2346 1722 2561 1803 quibus
2617 1725 2685 1783 id
2724 1740 2909 1798 qenus

618 1829 708 1890 vel
756 1832 920 1905 quod
958 1848 1153 1905 ,oenus
1200 1829 1464 1890 additum
1503 1838 1604 1890 'est
1652 1824 1703 1911 (1
1741 1826 1845 1910 29,
1885 1826 1974 1912 2),
2013 1848 2222 1908 parum
2271 1839 2405 1908 apte
2445 1829 2718 1889 defendit
2752 1828 2906 1887 Zabl-

619 1937 857 1997 feldtius
904 1936 939 1996 l.
978 1955 1027 1997 c.
1077 1943 1358 1999 cocescat
1412 1938 1654 2019 scripsi,
1700 1939 1869 1997 sicut
1916 1936 1940 1995 I
1979 1934 2084 2019 41,
2123 1934 2163 1997 2
2212 1941 2503 2018 calescat,
2563 1935 2643 1996 ΙΙΙ
2689 1934 2789 2018 16,
2826 1932 2904 1996 28

618 2051 823 2105 coctas
869 2062 977 2122 pro
1025 2051 1290 2127 coactaS,
1339 2046 1509 2105 cuius
1556 2045 1795 2122 generis
1843 2044 2108 2124 exempla
2156 2043 2572 2105 Lachmannus
2625 2046 2687 2104 in
2738 2043 2906 2103 Lucr.

615 2170 671 2230 p.
716 2147 844 2213 134
891 2152 1240 2230 composuit.

793 2266 968 2320 LXVI
1027 2258 1236 2320 Oleas
1283 2258 1480 2320 albas
1529 2278 1702 2339 quas
1751 2257 2091 2319 conderis
2140 2277 2361 2319 nouas
2419 2261 2522 2319 sic
2570 2257 2908 2319 celeriter

617 2383 891 2447 promas
960 2368 1100 2427 nisi
1167 2366 1581 2427 condideris
1642 2374 1942 2446 propter
2007 2366 2564 2427 amaritudinem
2630 2365 2907 2444 respuit

616 2473 966 2553 palatum]
1020 2475 1195 2535 Oleas
1234 2477 1424 2555 albas,
1462 2492 1616 2550 quas
1654 2477 1909 2535 condire
1945 2477 2034 2534 vis
2070 2492 2273 2549 novas,
2312 2477 2402 2535 sic
2441 2475 2732 2535 celeriter
2774 2489 2902 2532 con-

619 2584 760 2656 dito,
790 2588 858 2642 ut
886 2591 1153 2659 promas,
1194 2584 1316 2643 nisi
1350 2584 1678 2664 condieris,
1702 2589 1958 2659 propter
1996 2584 2468 2644 amaritudinem
2508 2584 2644 2643 illas
2682 2581 2907 2657 respuit

612 2693 889 2766 palatum
934 2688 1266 2765 IucunduS,
1314 2694 1478 2751 oleas
1526 2692 1716 2766 albaS,
1763 2708 1916 2765 quas
1964 2693 2314 2752 condideris
2361 2692 2422 2750 in
2468 2707 2602 2769 vaS,
2648 2695 2718 2748 ut
2764 2691 2904 2748 cele-

618 2800 774 2857 riter
815 2815 1083 2875 promas,
1122 2801 1243 2859 nisi
1288 2800 1614 2878 condieris,
1640 2804 1901 2875 propter
1948 2800 2417 2859 amaritudinem
2463 2799 2698 2874 respuit
2738 2798 2903 2872 pala-

618 2912 740 2965 tum
797 2904 1048 2966 Ursinus
1059 2954 1076 2987 ,
1143 2910 1324 2990 oleas
1363 2907 1562 2980 albas,
1633 2923 1784 2980 quas
1841 2908 2190 2967 condideris
2246 2923 2455 2982 novas,
2520 2907 2578 2965 si
2629 2906 2904 2965 celeriter

610 3030 876 3088 promas,
923 3015 1044 3073 nisi
1088 3014 1468 3087 condideris,
1522 3019 1779 3089 propter
1826 3015 2299 3073 amaritudinem
2346 3015 2481 3073 illas
2527 3014 2764 3087 respuit
2800 3027 2900 3086 pa-

615 3123 802 3180 latum
861 3118 1175 3180 Victorius,
1270 3121 1327 3179 in
1397 3119 1596 3179 verbis
1660 3123 1784 3180 nisi
1846 3121 2193 3181 condideris
2259 3117 2628 3197 corrigendis
2692 3117 2899 3177 frustra

617 3224 1036 3286 laboraverunt
1083 3226 1360 3288 editores.
1444 3226 1537 3286 his
1585 3227 1833 3287 remotis
1881 3227 2093 3305 scripsi
2141 3229 2305 3287 oleas
2351 3227 2525 3285 albas
2572 3242 2724 3299 quas
2773 3241 2900 3284 con-

618 3335 867 3407 dideris,
905 3351 1093 3393 novas
1137 3337 1195 3393 si
1239 3336 1523 3395 celeriter
1563 3351 1832 3414 promas,
1863 3339 2119 3409 propter
2160 3334 2633 3393 amaritudinem
2679 3332 2901 3408 respuit

609 3444 904 3517 palatum.
972 3459 1041 3500 ex
1083 3438 1316 3500 duobus
1354 3439 1675 3519 generibus
1713 3439 1995 3520 olearum,
2035 3458 2183 3520 quae
2225 3440 2494 3501 conditae
2532 3447 2691 3519 sunt,
2730 3437 2899 3517 albae,

616 3550 756 3609 dum
807 3566 988 3608 novae
1038 3558 1204 3629 sunt,
1251 3549 1493 3608 omnino
1551 3567 1671 3608 non
1729 3548 2115 3628 promendae,
2165 3549 2395 3630 nigrae,
2444 3548 2495 3608 si
2540 3565 2727 3607 novae
2775 3563 2897 3624 pro·

619 3663 882 3735 muntur,
928 3655 1095 3734 prius
1144 3654 1261 3714 sale
1315 3655 1696 3716 macerandae
1746 3663 1902 3737 sunt,
1951 3662 2016 3715 ut
2062 3654 2316 3715 libenter
2362 3655 2631 3715 edantur.

791 3767 965 3821 LXIX
1003 3759 1044 3822 2
1110 3761 1366 3822 Narrat
1438 3761 1519 3822 ab
1597 3765 1842 3823 nescio
1918 3779 2051 3841 quo
2116 3779 2538 3841 percussum
2607 3759 2895 3821 cultello

615 3869 1027 3930 concidisse
1077 3887 1281 3948 quem
1331 3871 1451 3948 qui
1499 3879 1694 3930 esset
1748 3869 2331 3929 animaduertere
2385 3871 2455 3929 in
2504 3867 2716 3929 turba
2772 3883 2894 3926 non

615 3975 975 4057 potuisse]
1041 3975 1104 4036 Si
1151 3979 1378 4057 integra
1424 3976 1572 4038 haec
1621 3985 1791 4060 sunt,
1839 3978 1993 4038 sicut
2048 3979 2108 4036 in
2168 3977 2486 4056 archetypo
2541 3975 2896 4055 legebantur,

615 4086 727 4146 hoc
776 4086 920 4146 dicit
966 4082 1244 4165 libertuS,
1292 4103 1356 4145 se
1403 4086 1465 4145 in
1512 4084 1688 4146 turba
1736 4084 2205 4146 animadvertere
2266 4104 2380 4145 non
2430 4086 2726 4166 potuisse,
2776 4082 2895 4162 quis

615 4210 938 4273 percussus
996 4200 1181 4273 esset,
1237 4201 1441 4272 postea
1499 4201 1813 4272 patronum
1878 4193 2260 4254 interfectum
2328 4210 2459 4253 esse
2525 4190 2893 4253 intellexisse.

616 4303 810 4379 aptius
866 4307 1061 4359 tamen
1117 4299 1403 4379 procedet
1460 4302 1674 4381 oratio,
1735 4303 1783 4361 si
1841 4298 2123 4360 scribitur
2178 4308 2404 4361 narrat
2452 4307 2782 4377 patronum
2827 4297 2893 4357 ab

615 4410 818 4468 nescio
865 4425 981 4482 quo
1022 4424 1380 4483 percussum
1427 4410 1667 4468 cultello
1714 4410 2071 4482 concidisse,
2117 4425 2292 4482 quem
2339 4409 2447 4481 qui
2490 4413 2643 4466 esset
2688 4423 2813 4484 sqq.

793 4512 834 4574 3
880 4512 1019 4574 Nec
1068 4516 1128 4574 si
1174 4532 1326 4574 eum
1375 4531 1671 4574 seruare
1719 4532 1853 4574 non
1892 4516 2265 4594 potuisset
2302 4515 2471 4592 quin
2510 4531 2644 4573 non
2685 4512 2891 4572 multo
