3178 5185
818 404 1077 458 RERVM
1115 403 1587 461 RVSTICARVM
1625 405 1759 459 LIB.
1798 405 1875 459 111
1917 402 1951 456 2
2411 404 2537 467 271

271 572 573 647 separatim
627 589 690 631 ac
747 572 1060 651 dispersim
1117 574 1179 632 in
1237 571 1405 633 libris
1460 572 1875 652 reliquerunt,
1912 590 2058 651 quas
2105 572 2279 633 Seius
2327 560 2540 650 legisse

271 675 488 736 videtur
546 686 605 737 et
656 677 788 738 ideo
847 696 916 738 ex
965 680 1036 738 iis
1093 679 1465 758 pastionibus
1522 698 1594 740 ex
1653 696 1766 740 una
1825 678 1957 738 villa
2014 680 2252 738 maioris
2311 679 2541 740 fructus

269 801 492 863 capere,
534 802 718 863 quam
774 784 874 844 alii
929 785 1153 845 faciunt
1208 803 1277 844 ex
1337 794 1460 846 toto
1509 787 1708 846 fundo.
1803 785 2001 865 Certe,
2050 787 2244 864 inquit
2291 785 2532 846 Merula.
2567 791 2646 846 14

271 907 387 950 nam
442 890 530 950 ibi
582 891 695 951 vidi
753 909 965 971 greges
1022 911 1263 970 magnos
1319 911 1625 973 anserum,
1682 893 2056 973 gallinarum,
2114 892 2540 974 columbarum,

225 1015 495 1078 5gruum,
560 1018 874 1080 pavonum,
942 1018 1051 1061 nec
1109 1019 1223 1060 non
1281 1000 1545 1081 glirium,
1602 1002 1883 1079 piscium,
1941 1019 2247 1080 aprorum,
2308 1010 2539 1061 ceterae

270 1106 593 1167 venationis.
684 1127 754 1167 ex
814 1108 1033 1187 quibus
1091 1109 1272 1170 rebus
1320 1108 1515 1169 scriba
1563 1107 1870 1188 librariuS,
1927 1093 2177 1169 libertus
2225 1110 2380 1189 eiuS,
2439 1110 2541 1188 qui

268 1215 529 1291 apparuit
580 1214 824 1275 Varroni
882 1224 942 1275 et
998 1235 1092 1276 me
1151 1216 1395 1276 absente
1452 1224 1702 1295 patrono
1759 1215 2015 1294 bospitio
2072 1216 2424 1295 accipiebat,
2479 1217 2540 1275 in

271 1336 440 1380 annos
497 1322 750 1401 singulos
809 1321 944 1400 plus
1012 1325 1425 1402 quinquagena
1493 1323 1651 1383 milia
1720 1342 1752 1383 e
1811 1322 1940 1382 villa
2009 1342 2221 1402 capere
2283 1322 2533 1404 dicebat.

270 1425 401 1485 Axio
447 1428 767 1509 admiranti,
816 1429 989 1490 Certe
1037 1432 1212 1510 nosti,
1260 1432 1519 1511 inquam,
1567 1439 1919 1490 materterae
1960 1448 2124 1489 meae
2164 1429 2429 1509 fundum,
2477 1432 2537 1489 in

207 1550 248 1587 ιο
272 1530 489 1594 Sabinis
556 1538 655 1615 qui
721 1544 814 1596 est
879 1537 948 1595 ad
1019 1546 1295 1615 quartum
1362 1539 1708 1598 vicesimum
1772 1536 2025 1616 lapidem
2094 1539 2185 1597 via
2251 1536 2457 1596 salaria
2508 1555 2539 1595 a

268 1637 449 1700 Roma.
518 1640 778 1713 Quidni?
825 1644 1034 1722 inquit,
1083 1642 1187 1703 ubi
1234 1651 1453 1704 aestate
1501 1644 1657 1704 diem
1706 1644 1951 1703 meridie
1993 1643 2254 1704 dividere
2295 1643 2530 1725 soleam,
2558 1645 2634 1702 15

270 1766 390 1807 cum
435 1768 498 1809 eo
533 1750 713 1811 Reate
764 1770 835 1812 ex
883 1751 1032 1811 urbe
1080 1760 1198 1833 aut,
1245 1771 1381 1813 cum
1429 1752 1567 1813 inde
1618 1753 1787 1812 venio
1836 1752 2048 1831 hieme,
2095 1760 2277 1838 noctu
2316 1770 2539 1829 ponere

272 1865 462 1917 castra.
544 1859 735 1937 Atque
773 1860 835 1918 in
883 1858 993 1919 bac
1040 1858 1173 1918 villa
1224 1861 1322 1938 qui
1372 1868 1464 1920 est
1511 1859 1820 1940 ornithon,
1868 1877 1936 1917 ex
1988 1876 2056 1918 eo
2107 1877 2224 1918 uno
2274 1861 2538 1937 quinque

274 1960 413 2022 milia
457 1966 570 2025 scio
616 1968 850 2026 venisse
898 1966 1211 2027 turdorum
1261 1950 1520 2027 denariis
1570 1969 1776 2047 terniS,
1825 1975 1892 2026 ut
1931 1968 2232 2043 sexaginta
2274 1966 2432 2025 milia
2471 1985 2539 2025 ea

213 2083 252 2122 15
273 2085 394 2145 pars
453 2071 768 2133 reddiderit
832 2092 901 2133 eo
959 2092 1112 2133 anno
1179 2073 1374 2154 villae,
1442 2073 1532 2133 bis
1605 2066 1832 2133 tantuin
1893 2091 2067 2152 quam
2130 2080 2270 2133 tuus
2319 2071 2537 2133 fundus

277 2174 565 2238 ducentum
611 2182 886 2259 iugerum
938 2180 1118 2240 Reate
1166 2179 1378 2240 reddit.
1472 2178 1673 2251 Quid‘?
1729 2181 2047 2259 sexaginta,
2094 2181 2290 2259 inquit
2335 2181 2538 2259 AxiuS,

278 2287 567 2366 sexaginta,
614 2284 960 2365 sexaginta?
1016 2287 1269 2348 derides,
1365 2286 1699 2366 Sexaginta,
1746 2290 2003 2366 inquam.
2096 2286 2198 2347 sed
2248 2287 2317 2347 ad
2367 2287 2525 2347 hunc
2553 2287 2631 2360 15

278 2387 448 2450 bolum
507 2401 574 2453 ut
624 2397 967 2474 perveniaS,
1034 2413 1184 2474 opus
1242 2396 1357 2455 erit
1415 2394 1523 2454 tibi
1583 2403 1686 2454 aut
1742 2394 1983 2473 epulum
2040 2402 2141 2454 aut
2197 2394 2537 2472 triumphus

279 2495 521 2580 alicuius,
584 2509 649 2561 ut
706 2512 850 2562 tunc
908 2503 1019 2562 suit
1078 2500 1375 2582 Scipionis
1431 2501 1678 2582 Metelli,
1737 2509 1839 2562 aut
1894 2475 2287 2580 collegiorum
2336 2489 2542 2580 cenae,

218 2618 258 2656 2⁰
281 2624 405 2684 quae
457 2628 606 2670 nunc
663 2610 1128 2670 innumerabiles
1185 2609 1676 2670 excandefaciunt
1721 2627 2012 2668 annonam
2062 2609 2307 2670 macelli.
2400 2608 2533 2669 reli-

279 2716 390 2790 quis
423 2719 581 2777 aunis
619 2718 897 2779 omnibus
936 2726 997 2778 et
1032 2717 1185 2777 hanc
1225 2712 1564 2797 expectabis
1604 2694 1911 2795 summam,
1949 2724 2010 2776 et
2046 2734 2240 2797 spero,
2279 2734 2394 2776 non
2427 2715 2535 2775 tibi

277 2818 532 2902 decoquet
576 2844 694 2885 non
745 2824 1053 2906 ornithon3
1103 2843 1295 2903 neque
1343 2823 1455 2884 hoc
1502 2822 1719 2884 accidit
1764 2823 1860 2883 his
1907 2823 2172 2883 moribus
2222 2824 2336 2882 nisi
2381 2840 2534 2901 raro,

397 3037 455 3086 13
488 3032 727 3103 quinque
763 3031 922 3088 milia.
957 3029 1073 3087 scio
1111 3031 1328 3087 venisse
1362 3030 1896 3091 turdorumG'olum.
1944 3031 2113 3084 VIII
2145 3036 2233 3097 10,
2272 3037 2308 3084 6

367 3234 391 3281 1
426 3247 553 3298 quas
590 3229 740 3284 seius
780 3218 960 3284 VAB
999 3246 1138 3297 quos
1177 3228 1335 3282 Seius
1367 3230 1662 3283 Iucundus
1770 3235 1802 3281 2
1843 3245 1910 3282 ex
1946 3226 2016 3282 iis
2049 3228 2232 3283 PAB
2269 3244 2336 3281 ex
2374 3226 2462 3280 his
2500 3245 2533 3282 v

364 3318 570 3373 maioris
603 3320 789 3373 PAB
815 3317 1055 3373 maiores
1084 3335 1115 3372 v
1208 3325 1239 3371 3
1268 3317 1562 3386 inquith
1591 3316 1790 3385 inquid
1812 3317 1930 3371 PA
2018 3322 2051 3370 5
2081 3319 2338 3372 caeterae
2365 3310 2531 3372 uenass

270 3403 427 3461 tiones
464 3408 512 3461 V
543 3411 834 3464 ceteraeue
871 3406 1126 3463 nationes
1155 3409 1210 3462 B
1239 3409 1423 3462 eet-ere
1449 3408 1779 3462 uenationes
1807 3424 1861 3475 q,
1888 3407 1982 3461 sed
2009 3406 2180 3461 deleta
2206 3425 2245 3476 q
2271 3407 2454 3462 littera
2479 3408 2533 3460 A

273 3496 322 3547 el:
345 3498 540 3552 ceterae
567 3497 886 3553 uenationis
918 3499 1212 3552 Iucundus
1314 3503 1343 3551 7
1380 3497 1440 3550 in
1467 3514 1615 3551 anno
1644 3496 1892 3566 singulos
1920 3495 1976 3549 A
2066 3501 2099 3549 8
2138 3496 2535 3567 quinquagena

273 3583 408 3641 milia
439 3587 545 3643 PB
592 3587 1019 3658 quinquanenas
1058 3586 1215 3641 milia
1252 3589 1305 3640 A
1345 3585 1771 3656 quinquagenas
1808 3583 1969 3639 milia.
2003 3601 2055 3639 m
2084 3586 2127 3638 L
2163 3585 2326 3641 milia
2357 3604 2389 3640 v

271 3688 296 3724 e
320 3672 439 3730 villa
462 3678 649 3733 delevit
678 3677 917 3732 Ursinus
1015 3685 1046 3731 9
1074 3677 1134 3731 in
1162 3674 1373 3731 sabinis
1402 3676 1497 3743 qui
1527 3679 1616 3731 est
1646 3676 1756 3730 VB
1782 3676 1842 3731 in
1862 3674 2117 3729 sabinum
2137 3692 2248 3744 que
2267 3679 2353 3731 est
2370 3676 2427 3729 A

274 3766 329 3814 10
353 3768 589 3832 quartum
622 3765 952 3821 uicesimum
973 3766 1029 3820 P
1048 3772 1098 3820 et
1126 3773 1188 3820 ut
1215 3767 1429 3820 videtur
1446 3766 1501 3819 B
1531 3768 1794 3834 quartum
1817 3762 2173 3819 uicessimum
2196 3765 2251 3819 A
2271 3764 2479 3819 XXIIII
2500 3783 2531 3817 v

391 3860 449 3907 11
485 3855 666 3925 inquil:
711 3854 822 3908 VB
859 3854 1055 3923 inquid
1094 3856 1150 3906 A
1292 3852 1544 3908 diuidere
1583 3852 1796 3908 soleam
1847 3853 1898 3905 V
1930 3852 2206 3907 diuideres
2253 3853 2437 3909 oleam
2474 3854 2530 3907 B

275 3939 490 3998 diuidere
526 3945 709 4000 oleam
737 3944 793 3998 A
906 3950 968 3997 12
1006 3943 1207 4013 hyeme
1244 3941 1296 3997 V
1400 3948 1465 3995 13
1495 3942 1554 3995 in
1582 3943 1711 4013 hac]
1742 3942 1799 3997 in
1830 3958 1895 3997 ae
1922 3942 1978 3997 A
2088 3948 2155 3996 14
2193 3941 2338 4013 seio]
2365 3941 2448 3998 sio
2475 3945 2530 3995 A

273 4046 384 4086 corr.
411 4032 516 4088 sico
537 4034 618 4087 A²
723 4039 789 4087 15
820 4032 1129 4087 reddideris
1150 4033 1205 4086 A
1302 4033 1544 4086 tamtum
1573 4032 1629 4085 A
1730 4037 1795 4085 16
1826 4031 2010 4101 inquit
2040 4028 2151 4085 VB
2173 4030 2363 4099 inquid
2385 4031 2441 4084 A

271 4127 633 4231 αιῑῗῖἒῗῖῗῑεε
663 4177 718 4230 B
836 4181 896 4229 ιτ
928 4175 1023 4229 sea
1053 4175 1125 4228 aa
1154 4175 1303 4229 hunc
1333 4174 1536 4242 (adhuc
1573 4174 1652 4242 A)
1681 4174 1870 4228 bolum
1901 4174 2197 4243 peruenias
2225 4172 2400 4228 VAB
2431 4175 2527 4229 sea

269 4264 317 4316 ut
354 4266 421 4321 ad
456 4267 602 4322 hunc
636 4265 835 4321 bolum
872 4262 1166 4333 peruenias
1206 4264 1495 4319 Iucundus
1643 4270 1706 4317 19
1756 4262 1989 4334 sipiomis
2026 4261 2080 4315 A
2225 4279 2430 4317 coenae
2481 4264 2534 4316 V

413 4363 478 4411 20
523 4355 696 4425 nuno]
737 4357 872 4408 tune
917 4352 1027 4407 VB
1063 4355 1195 4407 tunt
1228 4352 1284 4407 A
1464 4351 1924 4406 excandefatiunt
1959 4353 2012 4405 A
2195 4358 2261 4406 21
2307 4355 2364 4406 et
2401 4359 2529 4407 ante

269 4460 398 4511 spero
424 4462 518 4501 om.
572 4444 752 4497 VAB
855 4448 921 4495 22
961 4441 1241 4510 decoquet
1287 4441 1399 4494 VB
1436 4442 1758 4509 dequoquei',
1793 4439 1847 4493 A
1945 4458 2058 4494 non
2087 4448 2214 4510 post
2252 4442 2530 4511 decoquet

267 4531 457 4588 inclusit
497 4534 774 4589 Gesnerus
918 4530 1127 4585 accidit
1171 4530 1445 4585 Victorius
1482 4530 1702 4585 accedit
1750 4529 1929 4583 VAB

348 4632 466 4674 Ono
494 4646 555 4674 nn
585 4643 708 4675 mm
738 4642 778 4671 c.
2037 4625 2100 4674 18
