3178 5185
583 397 714 461 252
1567 394 1943 450 VARRONIS

581 582 707 624 rem
755 573 855 624 aut
902 582 1163 645 cervum,
1211 564 1368 642 quod
1418 581 1555 624 eum
1601 564 1801 642 potius
1850 580 2023 640 quam
2072 580 2211 622 oves
2254 568 2600 640 sequentur.
2695 579 2891 640 quare

580 690 611 730 a
669 669 1005 751 pastoribus
1062 681 1257 750 empta
1314 669 1552 748 melior,
1609 687 1759 747 quae
1808 686 1947 728 oves
1994 671 2165 747 sequi
2205 670 2541 748 consuevit,
2600 678 2704 728 aut
2751 670 2894 728 sine

579 777 696 838 ulla
745 777 1177 838 consuetudine
1226 796 1376 856 quae
1418 777 1613 836 suerit.
1707 778 1870 835 canis
1910 778 2070 835 enim
2109 776 2340 836 facilius
2378 775 2519 854 quid
2557 775 2892 853 adsuescit,

580 904 766 965 eaque
823 885 1193 945 consuetudo
1251 885 1504 961 firmior,
1561 900 1712 960 quae
1771 884 1848 941 sit
1904 882 1974 942 ad
2023 892 2323 963 pastoreS,
2381 899 2556 961 quam
2607 900 2760 960 quae
2813 882 2890 940 ad

529 992 864 1071 6pecudeS.
965 990 1213 1054 Publius
1276 990 1546 1050 Aufidius
1611 990 1937 1049 Pontianus
1990 990 2398 1050 Amiterninus
2463 1008 2597 1050 cum
2665 1006 2890 1067 greges
2945 1013 2969 1051 5

577 1101 775 1159 ovium
833 1101 1076 1158 emisset
1130 1100 1191 1157 in
1242 1096 1477 1156 Vmbria
1536 1096 1767 1176 ultima,
1828 1096 2044 1174 quibus
2099 1096 2380 1176 gregibus
2439 1099 2566 1156 sine
2623 1097 2886 1175 pastori·

578 1205 690 1266 bus
746 1224 923 1266 canes
978 1205 1400 1284 accessissent,
1456 1212 1725 1282 pastores
1784 1211 1848 1263 ut
1904 1202 2272 1264 deducerent
2328 1205 2389 1263 in
2437 1202 2887 1282 Metapontinos

577 1312 763 1373 saltus
819 1320 876 1373 et
924 1311 1242 1372 Heracleae
1300 1313 1661 1391 emporium,
1728 1310 1865 1370 inde
1928 1328 2064 1370 cum
2121 1310 2360 1371 domum
2417 1311 2718 1371 redissent
2778 1312 2885 1389 qui

576 1420 645 1479 ad
696 1419 892 1479 locum
940 1419 1324 1499 deduxerant,
1370 1437 1402 1477 e
1452 1418 1750 1478 desiderio
1798 1417 2103 1477 hominum
2154 1418 2365 1478 diebus
2411 1419 2618 1497 paucis
2667 1426 2885 1496 postea

577 1545 755 1587 canes
811 1546 915 1587 sua
965 1535 1204 1614 sponte,
1260 1543 1397 1586 cum
1444 1525 1675 1584 dierum
1727 1524 2049 1585 multorum
2099 1527 2185 1584 via
2233 1527 2577 1606 interesset,
2639 1525 2760 1585 sibi
2810 1545 2882 1585 ex
2914 1542 2965 1580 ιο

579 1636 740 1713 agris
780 1634 998 1694 cibaria
1038 1632 1443 1711 praebuerunt
1481 1640 1657 1709 atque
1697 1632 1757 1690 in
1791 1629 2086 1691 Vmbriam
2129 1632 2197 1691 ad
2238 1642 2513 1714 pastores
2547 1633 2886 1694 redierunt.

578 1757 771 1818 neque
842 1758 1047 1800 eorum
1116 1742 1428 1819 quisquam
1495 1739 1746 1819 fecerat,
1813 1738 1969 1817 quod
2027 1741 2088 1798 in
2145 1741 2269 1817 agri
2328 1738 2560 1800 cultura
2620 1739 2884 1801 Saserna

584 1848 904 1926 praecepit,
950 1848 1054 1925 qui
1100 1846 1275 1906 vellet
1323 1865 1387 1905 se
1435 1865 1464 1905 a
1515 1863 1660 1905 cane
1710 1848 1945 1926 sectari,
1993 1848 2080 1907 uti
2129 1864 2329 1906 ranam
2369 1847 2588 1909 obiciat
2626 1859 2883 1908 coctam.

576 1954 773 2031 magni
818 1955 1069 2013 interest
1106 1973 1178 2013 ex
1219 1956 1443 2013 semine
1483 1971 1616 2012 esse
1655 1970 1833 2012 canes
1872 1953 2098 2032 eodem,
2147 1954 2302 2031 quod
2345 1957 2580 2031 cognati
2621 1958 2880 2016 maxime

525 2066 558 2123 7
582 2062 739 2120 inter
781 2078 842 2120 se
883 2069 1022 2120 sunt
1051 2060 1366 2139 praesidio.
1441 2061 1714 2138 sequitur
1743 2069 2018 2138 quartum
2050 2060 2122 2120 de
2152 2062 2478 2139 emptione:
2514 2062 2580 2122 fit
2609 2061 2881 2142 alteriuS,
2911 2075 2959 2114 15

573 2186 707 2227 cum
770 2185 800 2225 a
848 2169 1047 2246 priore
1096 2168 1336 2227 domino
1384 2167 1646 2226 secundo
1695 2167 1948 2228 traditus
1998 2175 2104 2229 est.
2198 2168 2270 2227 de
2320 2169 2568 2228 sanitate
2616 2175 2678 2228 et
2726 2188 2881 2228 noxa

574 2274 985 2353 stipulationes
1033 2274 1183 2333 fiunt
1230 2273 1490 2353 eaedem,
1541 2291 1691 2351 quae
1738 2276 1798 2333 in
1846 2292 2081 2354 pecore,
2130 2275 2245 2333 nisi
2294 2275 2450 2352 quod
2499 2275 2596 2335 hic
2645 2275 2883 2336 utiliter

579 2391 890 2460 exceptum
941 2389 1049 2440 est.
1140 2380 1239 2440 alii
1287 2382 1544 2458 pretium
1595 2381 1819 2441 faciunt
1866 2383 1926 2440 in
1975 2380 2204 2459 singula
2252 2383 2442 2460 capita
2491 2400 2727 2463 canum,
2780 2381 2878 2441 alii

571 2496 638 2549 ut
676 2487 856 2549 catuli
893 2494 1221 2566 sequantur
1250 2495 1518 2567 matrem,
1560 2488 1658 2547 alii
1688 2495 1754 2547 ut
1784 2487 1909 2547 bini
1942 2487 2122 2548 catuli
2153 2490 2330 2548 unius
2359 2490 2523 2548 canis
2554 2506 2874 2549 numerum

571 2597 893 2677 obtineant,
933 2604 1001 2656 ut
1039 2595 1232 2656 solent
1269 2595 1395 2656 bini
1433 2597 1568 2674 agni
1608 2598 1759 2676 oviS,
1799 2596 2067 2680 plerique
2106 2605 2172 2657 ut
2210 2597 2494 2658 accedant
2532 2615 2729 2677 caneS,
2771 2598 2876 2676 qui
2903 2608 2952 2648 20

570 2711 938 2766 consuerunt
984 2722 1115 2763 esse
1162 2722 1297 2764 una.

749 2846 776 2893 1
837 2840 1085 2910 cervum]
1137 2855 1323 2893 cerum
1369 2839 1424 2892 A
1604 2856 1776 2910 quare
1822 2841 1921 2894 aut
1964 2840 2282 2908 pastoribus
2322 2840 2439 2894 PA
2484 2857 2656 2909 quare
2702 2844 2807 2896 aut
2841 2856 2877 2894 a

567 2931 887 3001 pastoribus
927 2932 1024 2985 Bv
1170 2936 1202 2983 3
1249 2929 1521 2985 assuescit
1567 2946 1743 2998 eaque
1792 2930 1905 2985 VB
1943 2929 2223 2984 adsuescit
2259 2947 2369 2998 quo
2408 2947 2583 2998 eaque
2622 2930 2678 2983 A
2717 2947 2872 2986 assu-

567 3020 709 3074 escit
763 3036 874 3088 quo
931 3036 999 3073 ea
1043 3036 1096 3073 m
1274 3023 1309 3071 4
1367 3036 1510 3087 quae
1567 3018 1664 3087 sit]
1714 3018 1956 3087 quiescit
1989 3021 2044 3073 A
2234 3025 2265 3074 ὅ
2323 3018 2588 3089 autfidius
2634 3022 2690 3073 A

568 3115 601 3164 6
657 3109 846 3163 ouium
892 3125 993 3163 om.
1031 3110 1086 3162 B
1268 3114 1297 3163 7
1345 3110 1603 3177 pastores
1651 3108 1952 3177 (pastorib3
2000 3124 2135 3163 corr.
2184 3111 2437 3178 pastores
2474 3108 2552 3177 A)
2596 3111 2662 3163 ut
2699 3108 2869 3163 dedu-

565 3201 694 3252 rent
728 3199 1090 3266 (deducerent
1118 3198 1195 3266 B)
1234 3196 1293 3251 in
1331 3195 1708 3266 metampinos
1747 3198 1925 3251 saltus
1962 3200 2020 3252 et
2055 3198 2367 3267 traclepore
2397 3198 2575 3251 PAB
2613 3200 2869 3268 pastores

568 3289 632 3341 ut
702 3288 1052 3342 deduxerunt
1122 3287 1182 3339 in
1249 3286 1665 3356 metapontinos
1733 3287 1910 3341 saltus
1976 3288 2035 3341 et
2093 3287 2390 3342 heracleae
2457 3287 2774 3356 emporium
2835 3305 2869 3343 v

576 3375 854 3430 ‘Pastor-es
890 3380 954 3431 ut
982 3377 1320 3431 deducerent
1348 3375 1408 3427 in
1437 3375 1852 3444 metapontinos
1884 3375 2078 3443 saltus,
2120 3377 2178 3430 et
2203 3376 2511 3431 Heracleae
2538 3379 2880 3448 emporium..

574 3464 747 3520 Hunc
794 3466 967 3520 locum
1014 3467 1077 3521 in
1122 3468 1335 3521 cunctis
1378 3483 1549 3520 manu
1584 3467 1809 3535 scriptis
1845 3483 2127 3532 mancum,
2175 3467 2616 3538 decurtatumque
2651 3470 2872 3535 inueni,

565 3571 664 3610 nec
691 3561 873 3610 tamen
900 3572 1230 3611 communem
1263 3557 1541 3611 lectionem
1567 3557 1817 3612 uariaui.
1905 3556 2179 3611 Vetustam
2205 3557 2295 3612 hic
2313 3573 2640 3627 proponam,
2670 3590 2736 3597 —
2767 3559 2867 3612 Pa·

567 3644 742 3699 stores
779 3647 843 3699 ut
881 3645 1153 3700 dedurent
1190 3645 1248 3699 in
1285 3645 1661 3715 metampinos
1703 3645 1901 3713 saltus,
1941 3650 2000 3699 et
2035 3646 2352 3715 traclepore
2385 3687 2396 3699 .
2427 3647 2558 3701 inde
2591 3664 2716 3701 cum
2758 3650 2861 3702 etc.

567 3735 610 3786 I
607 3752 648 3789 n
674 3735 876 3804 optimo
903 3736 1083 3791 codice
1108 3736 1293 3790 mendi
1317 3739 1452 3789 nota
1479 3735 1738 3803 adposita
1766 3734 1863 3789 est'
1901 3734 2176 3790 Victorius
2267 3740 2299 3788 8
2330 3734 2427 3804 qui
2446 3736 2518 3790 ad
2537 3735 2726 3791 locum
2758 3736 2867 3790 Vm

565 3822 701 3891 quid
730 3823 950 3879 alocum
970 3823 1025 3876 A
1053 3822 1188 3893 quid
1218 3824 1290 3877 ad
1317 3823 1503 3879 locum
1529 3823 1586 3877 B
1695 3830 1726 3878 9
1746 3823 1818 3876 he
1848 3823 2127 3878 desiderio
2155 3823 2209 3877 A
2321 3830 2389 3879 10
2416 3824 2513 3878 uia
2538 3826 2602 3878 in
2620 3826 2868 3895 maryine

564 3914 831 3983 scriptum
865 3913 922 3967 B
1038 3912 1338 3967 interesset
1372 3930 1404 3967 v
1442 3913 1712 3967 interesse
1751 3912 1931 3967 PAB
2063 3919 2128 3967 15
2167 3912 2422 3982 sequitur
2458 3916 2723 3982 quartum
2762 3915 2863 3968 Iu-

565 4004 780 4057 cwndus
837 4003 937 4057 sed
975 4001 1125 4070 quod
1175 4003 1273 4071 (s7
1321 4002 1472 4069 quod
1523 4002 1603 4072 A)
1640 4019 1877 4070 quarum
1923 4000 2117 4056 VAB.
2195 4001 2455 4072 ‘Antiqui
2500 4004 2707 4058 codices
2754 4020 2865 4057 ma·

564 4092 738 4147 culosi
773 4113 791 4146 .·
827 4093 969 4147 nihil
1023 4092 1257 4146 uariaui
1284 4133 1297 4145 .
1328 4098 1557 4146 ueterem
1612 4097 1794 4146 tamen
1848 4091 1937 4144 hic
1990 4092 2326 4160 scripturam
2382 4093 2659 4161 adponam
2697 4112 2716 4145 .·
2755 4092 2864 4147 Sed

565 4181 716 4248 quod
761 4199 1022 4250 quarum,
1070 4181 1140 4235 de
1178 4180 1461 4249 emptione
1502 4180 1564 4232 fit
1601 4178 1859 4247 alterius,
1909 4196 2036 4233 cum
2073 4197 2108 4233 a.
2143 4178 2329 4250 priore
2367 4180 2497 4234 etc.’
2583 4180 2860 4237 Victorius

655 4275 721 4323 16
751 4269 1021 4324 traditum
1041 4270 1130 4324 est
1159 4269 1260 4322 VA
1281 4268 1523 4323 reditum
1544 4271 1632 4322 est
1647 4267 1703 4321 B
1799 4273 1862 4322 17
1886 4268 2115 4323 eaedem
2147 4268 2258 4323 VB
2278 4269 2473 4324 eadem
2493 4275 2556 4325 ut
2573 4271 2793 4327 videtur
2810 4272 2859 4326 A

563 4374 701 4413 corr.
742 4359 936 4413 eedem
963 4359 1046 4412 A2
1083 4359 1281 4413 eodem
1319 4376 1373 4413 m
1514 4374 1715 4426 pecore
1744 4357 1841 4412 Bv
1875 4374 2080 4427 pecure
2108 4359 2224 4413 PA
2367 4358 2535 4414 aliter
2563 4363 2857 4430 exceptum

564 4449 651 4501 est
697 4446 932 4502 Ursinus
1054 4453 1119 4502 18
1157 4446 1409 4517 precium
1453 4446 1563 4500 VA
1680 4444 1889 4500 fatiunt
1926 4448 1978 4500 A
2101 4447 2289 4518 capita
2323 4450 2751 4518 superscriptum
2787 4456 2862 4504 est

564 4538 628 4592 in
646 4536 702 4592 A
779 4543 843 4591 19
866 4535 1040 4591 catuli
1055 4538 1351 4605 posteriore
1369 4538 1482 4591 loco
1501 4536 1930 4605 superscriptum
1942 4541 2021 4591 est
2038 4537 2103 4591 in
2120 4537 2175 4590 A
2249 4544 2319 4593 20
2339 4536 2461 4591 ouis
2479 4554 2511 4591 v
2532 4538 2861 4593 ouesPAB
