3178 5185
649 406 735 470 80
1333 413 1715 471 COMMENT.
1753 413 1834 466 IN
1870 412 2248 467 VARRONIS

649 577 708 629 et
757 568 1158 629 Schneiderus
1206 577 1264 628 et
1312 574 1446 648 'post
1501 588 1636 629 eum
1684 567 1949 648 plurimi,
2010 569 2112 646 qui
2169 568 2240 627 de
2297 566 2407 626 hac
2449 549 2601 626 bnni
2656 565 2921 626 divisione

649 678 887 754 copiose
935 675 1413 756 disputaverunt,
1460 678 1520 736 in
1583 694 1849 736 errorem
1906 675 2138 735 inducti
2195 682 2334 734 sunt
2389 680 2728 755 propterea,
2781 672 2921 751 quod

648 783 720 842 de
769 782 883 842 fide
933 801 1337 863 numerorum,
1378 784 1477 860 qui
1526 784 1587 842 in
1636 782 1812 841 editis
1852 780 2306 862 exemplaribuS,
2345 782 2503 840 sicut
2541 798 2717 858 supra
2755 782 2921 858 scrip-

647 897 774 950 tum
823 898 931 970 est,
979 889 1287 971 leguntur,
1334 906 1545 967 parum
1607 886 1931 949 constabat.
2024 906 2307 948 numeros
2364 895 2563 948 autem
2622 886 2922 966 archetypi,

652 1015 803 1077 quos
851 997 1105 1075 restitui,
1144 997 1196 1055 si
1245 997 1553 1073 sequimur
1592 1013 1709 1055 una
1758 1013 1896 1055 cum
1937 1001 2100 1054 certa
2148 992 2562 1054 emendatione
2612 1013 2780 1072 quam
2816 994 2922 1053 dixi

643 1104 830 1163 XLV
875 1121 984 1181 pro
1042 1103 1182 1175 XL,
1233 1100 1414 1162 Varro
1481 1104 1540 1162 in
1609 1109 1743 1162 octo
1810 1100 2082 1179 partibus
2140 1102 2278 1160 anni
2335 1100 2764 1161 constituendis
2826 1101 2919 1160 hos

647 1214 934 1271 terminos
1000 1209 1296 1289 probavit,
1356 1228 1504 1288 quos
1571 1209 1787 1270 additis
1853 1211 2119 1269 numeris
2184 1208 2444 1290 dierum,
2502 1206 2718 1288 quibus
2779 1226 2919 1267 nunc

648 1321 890 1399 utimur,
937 1316 1244 1395 adscripsi.

824 1424 1093 1484 favonius
1139 1441 1188 1482 a.
1229 1422 1283 1482 d.
1322 1421 1424 1481 VII
1470 1422 1548 1482 id.
1599 1421 1772 1482 Febr.
1822 1415 1948 1505 (die
1995 1421 2096 1481 vll
2144 1440 2220 1482 m.
2268 1418 2609 1500 Februarii)

823 1532 1264 1610 aequinoctium
1305 1547 1552 1589 vernum
1594 1549 1642 1590 a.
1683 1528 1736 1590 d.
1766 1527 1847 1588 IX
1891 1528 2002 1588 kal.
2033 1529 2214 1607 April.
2245 1521 2371 1611 (die
2401 1528 2584 1587 XXIV
2615 1547 2687 1589 m.
2717 1521 2919 1609 Martii)

825 1637 1200 1716 vergiliarum
1249 1642 1494 1696 exortus
1542 1637 1724 1696 nonis*
1761 1635 1931 1695 Maiis
1980 1627 2105 1717 (die
2154 1634 2256 1693 VII
2302 1653 2377 1695 m.
2426 1629 2590 1715 Maii)

830 1744 1150 1804 solstitium
1197 1760 1245 1802 a.
1285 1742 1339 1802 d.
1382 1741 1508 1801 VIII
1552 1741 1665 1802 kal.
1713 1740 1822 1802 Iul.
1870 1739 1992 1822 (die
2041 1731 2226 1799 XXIV
2275 1759 2348 1801 m.
2397 1737 2582 1824 lunii)

794 1849 1125 1910 caniculae
1174 1852 1407 1928 signum
1455 1868 1505 1908 a.
1550 1848 1604 1908 d.
1643 1846 1751 1907 XII
1791 1848 1901 1908 kal.
1952 1847 2157 1908 Sextil.
2205 1844 2328 1925 (die
2375 1846 2510 1906 XXI
2557 1855 2632 1909 m.
2679 1842 2832 1932 Iulii)

829 1960 1270 2072 aequinoctium
1318 1955 1657 2017 autumnale
1707 1974 1757 2017 a.
1796 1955 1851 2017 d.
1888 1953 1961 2013 Vl
2010 1954 2122 2015 kal.
2168 1954 2409 2076 Octobr.
2467 1949 2594 2036 (die
2641 1954 2903 2014 XXVIm

1562 2095 1565 2098 ·
2549 2054 2919 2141 Septembris)

826 2171 1201 2251 vergiliarum
1262 2187 1510 2230 occasus
1566 2187 1615 2229 a.
1665 2169 1718 2228 d.
1769 2168 1813 2226 V
1867 2166 1981 2230 kal.
2028 2167 2342 2228 Novembr.
2403 2162 2528 2250 (die
2585 2167 2814 2227 XXVIII
2854 2185 2919 2226 m.

2637 2266 2917 2354 Octobris)

826 2385 1034 2447 bruma
1084 2404 1133 2445 a.
1173 2384 1227 2444 d.
1267 2383 1345 2442 IX
1392 2383 1782 2445 kal.1anuar.
1831 2377 1954 2465 (die
2001 2382 2192 2442 XXIV
2232 2401 2307 2442 m.
2354 2377 2745 2465 Decembris)

650 2493 752 2553 sed
804 2495 863 2552 in
912 2491 1326 2552 constituenda
1375 2489 1585 2551 bruma
1635 2490 1720 2571 vel
1782 2492 2156 2569 aequinoctio
2205 2489 2532 2549 autumnali
2588 2492 2714 2569 ipse
2767 2487 2915 2547 aliam

650 2603 939 2661 rationem
989 2608 1245 2671 secutus
1280 2606 1371 2658 est
1417 2600 1477 2657 in
1525 2599 1600 2657 iis
1648 2604 1799 2676 quae
1848 2597 1921 2656 de
1969 2604 2139 2657 sexto
2189 2596 2497 2656 intervallo
2538 2600 2755 2675 scripta
2796 2603 2917 2655 sunt

645 2704 748 2789 34,
785 2705 816 2767 1
865 2714 1036 2768 sexto
1077 2686 1394 2767 intervallo
1434 2707 1512 2764 ab
1551 2706 1935 2778 aequinoctio
1978 2707 2321 2764 autumnali
2356 2707 2631 2780 incipere
2664 2705 2919 2765 scribunt

644 2822 925 2891 oportere
949 2832 1161 2874 serere
1189 2830 1380 2887 usque
1418 2815 1504 2872 ad
1536 2814 1695 2872 diem
1732 2815 2185 2886 nonaqesimum
2223 2829 2410 2872 unum
2421 2832 2445 2881 ;
2473 2818 2614 2887 post
2650 2815 2915 2887 brumam,

642 2918 766 2981 nisi
801 2939 958 2995 quae
995 2923 1349 2981 necessaria
1389 2936 1581 2979 eausa
1620 2921 1907 2996 eoeyerit,
1942 2936 2063 2979 non
2100 2937 2326 2979 serere.
2375 2936 2509 2977 nam
2549 2925 2616 2978 ut
2653 2933 2913 2979 numerus

644 3027 1048 3106 compleretur
1086 3026 1318 3087 dierum
1369 3029 1547 3086 unius
1596 3032 1656 3085 et
1704 3026 2020 3103 nonaginta
2070 3025 2141 3085 ab
2190 3026 2567 3105 aequinoctio
2615 3023 2913 3087 autumnali

643 3153 832 3213 usque
867 3133 960 3194 -ad
1018 3132 1318 3214 brumam,
1368 3135 1682 3211 utriusque
1743 3132 1979 3210 quidem
2021 3134 2325 3219 ⁴temporis
2382 3131 2504 3213 die,
2553 3140 2620 3193 ut
2676 3151 2777 3212 par
2820 3139 2911 3204 est,

646 3241 1103 3321 comprehenso,
1159 3247 1260 3300 aut
1317 3241 1757 3318 aequinoctium
1814 3258 1863 3298 a.
1912 3238 1965 3300 d.
2012 3238 2114 3298 v11
2158 3238 2270 3299 kal.
2317 3238 2557 3299 Octobr.
2614 3234 2734 3321 (die
2777 3234 2939 3310 XXV·

646 3367 720 3408 m.
771 3341 1170 3429 Septembris)
1221 3345 1706 3407 constituendum
1756 3355 1907 3418 erat',
1943 3353 2060 3421 ‚aut
2105 3348 2306 3424 potius
2351 3345 2563 3406 bruma
2611 3365 2659 3407 a.
2706 3347 2757 3406 d.
2801 3341 2910 3403 Vlll

643 3453 753 3514 kal.
820 3452 1048 3514 Ianuar.
1118 3449 1241 3535 (die
1300 3451 1456 3510 XXV
1515 3472 1588 3512 m.
1636 3445 2032 3534 Decembris).
2124 3451 2283 3513 nulla
2349 3460 2548 3512 autem
2614 3454 2909 3515 auctoritas

642 3561 956 3622 tribuenda
1006 3568 1096 3621 est
1143 3559 1401 3620 rubricis
1448 3568 1583 3620 ante
1634 3559 1791 3619 hunc
1838 3559 2055 3620 librum
2105 3562 2359 3639 scriptis,
2454 3579 2600 3639 quas
2647 3562 2746 3640 qui
2788 3576 2908 3619 con-

643 3671 781 3730 fecit
829 3675 888 3728 et
934 3667 1062 3728 dies
1110 3675 1469 3748 menstruoS‚
1519 3686 1669 3745 quos
1709 3665 1892 3727 Varro
1942 3685 2060 3726 non
2107 3666 2490 3747 indicaverat,
2538 3670 2665 3747 ipse
2711 3665 2908 3728 addidit

639 3785 699 3837 et
745 3774 1048 3836 intervalla
1095 3776 1250 3834 inter
1287 3774 1396 3834 hos
1444 3774 1570 3835 dies
1610 3793 1641 3833 a
1683 3772 1961 3833 Varronis
2009 3775 2275 3834 numeris
2313 3773 2485 3853 plane
2524 3775 2751 3835 diversa
2787 3789 2905 3833 con-

640 3884 852 3943 stituit.
947 3890 1216 3942 ceterum
1263 3883 1314 3941 si
1361 3883 1495 3959 quis
1542 3882 1830 3941 terminos
1879 3899 1909 3939 a
1959 3879 2220 3940 Varrone
2269 3883 2512 3962 positoS‚
2562 3900 2709 3961 quos
2750 3894 2905 3958 supra

640 3989 915 4071 indicavi,
962 3988 1034 4048 ad
1083 4007 1182 4048 eas
1228 4006 1486 4069 normae,
1533 4007 1681 4067 quas
1728 3986 2047 4047 Columella
2095 3986 2367 4067 Eudoxo,
2416 3995 2482 4048 ut
2530 3991 2635 4069 ait,
2690 3993 2904 4049 auctore

641 4103 884 4156 secutus
940 4102 1058 4175 est,
1114 4103 1314 4174 aptare
1376 4095 1540 4177 velit,
1599 4096 1833 4155 numeri
1891 4096 1994 4172 qui
2050 4101 2221 4154 erant
2275 4096 2337 4153 iu
2394 4093 2599 4156 codice
2659 4092 2903 4175 pluribus

639 4203 785 4263 locis
834 4201 1100 4262 mutandi
1146 4211 1339 4262 erunt.
1432 4201 1593 4262 velut
1641 4203 1691 4262 si
1740 4200 2040 4262 caniculae
2089 4203 2351 4283 signum,
2398 4209 2466 4262 ut
2512 4203 2640 4262 fieri
2687 4197 2902 4275 solebat,

638 4311 699 4369 in
748 4327 796 4368 a.
845 4307 898 4368 d.
937 4306 1072 4366 XIII
1109 4307 1221 4368 kal.
1272 4308 1524 4369 Sextiles
1571 4316 1881 4390 posuerat,
1931 4317 2144 4387 quarto
2191 4308 2502 4369 intervallo
2550 4308 2673 4369 dies
2719 4303 2902 4384 viginti

640 4435 770 4495 sex,
825 4416 1032 4493 quinto
1099 4415 1225 4475 dies
1291 4417 1593 4493 sexaginta
1660 4424 1795 4475 octo
1853 4414 2155 4474 tribuendi
2212 4424 2399 4476 erant.
2490 4415 2592 4476 sed
2650 4414 2898 4493 quoniam

635 4523 956 4600 ‘nescimuS‚
988 4539 1134 4599 quas
1172 4522 1432 4582 rationes
1461 4521 1646 4582 Varro
1684 4524 1746 4581 in
1785 4522 1879 4581 his
1917 4524 2190 4583 terminis
2218 4520 2649 4583 constituendis
2680 4527 2899 4580 secutus
