3178 5185
584 411 715 477 286
1272 419 1652 475 COMMENT.
1689 420 1770 473 IN
1806 418 2181 474 VARRONIS

584 576 775 634 inter
822 592 894 634 se
943 576 1142 653 signa
1187 576 1386 653 pacis
1434 592 1512 634 ac
1558 573 1737 633 belli
1774 560 2124 651 habeant]
2165 575 2364 649 Hique
2403 576 2590 636 duces
2628 574 2870 656 Merula,

581 684 819 756 haeque
865 683 1041 741 ducis
1078 680 1382 742 Gesnerns
1420 682 1693 761 coniecit,
1732 680 1785 740 h.
1826 699 1875 742 e.
1917 675 2080 760 ‘apes
2126 680 2362 760 1‘1egotia
2397 681 2695 760 'quaedam
2734 701 2871 742 con-

584 789 794 849 ficiunt
840 787 912 848 ad
958 806 1162 848 vocem
1210 788 1379 848 ducis
1428 783 1572 868 sui’,
1622 791 1962 862 harumque
2002 790 2190 848 duces
2229 787 2649 849 Schneiderus.
2727 792 2872 849 scri-

584 894 845 955 bendum
902 896 1101 974 potius
1168 898 1369 970 ibique
1426 898 1613 956 duces
1676 897 2027 968 conficiunt.
2117 913 2253 956 nam
2320 895 2504 957 duces
2569 903 2713 956 sunt
2776 899 2873 975 qui

585 1021 725 1083 apes
772 1003 942 1080 quasi
987 1004 1049 1061 in
1098 1001 1358 1062 colonias
1407 1002 1634 1063 ducunt
1689 1010 1749 1062 et
1795 1003 1854 1061 in
1904 1001 2019 1061 illis
2077 1001 2360 1080 quasdam
2408 1021 2506 1063 res
2553 1003 2627 1063 ad
2672 1021 2873 1063 vocem

584 1126 753 1170 suam
801 1108 1197 1169 conficiendas
1243 1110 1415 1187 quasi
1461 1107 1662 1169 tubam
1715 1109 2016 1168 imitantes
2072 1116 2298 1169 curant.
2393 1109 2605 1170 deinde
2654 1111 2879 1170 habent

583 1217 799 1294 scripsi
858 1234 926 1275 ex
986 1216 1395 1275 emendatione
1457 1214 1824 1275 Schneideri.
1919 1233 2055 1275 nam
2111 1222 2264 1292 tum,
2326 1234 2463 1276 cum
2518 1218 2681 1276 inter
2737 1234 2874 1296 apes

584 1324 752 1401 signa
797 1324 959 1401 pacis
1006 1339 1073 1381 ac
1122 1320 1260 1381 belli
1308 1323 1631 1382 constituta
1678 1329 1838 1400 sunt,
1885 1320 2144 1381 colonias
2191 1324 2453 1383 mittunt.

764 1428 897 1489 Sed
956 1446 989 1488 o
1047 1426 1320 1488 merula
1376 1430 1485 1488 axi
1545 1437 1805 1489 noster
1860 1446 1943 1488 ne
2000 1428 2165 1489 dum
2220 1429 2392 1489 haec
2449 1428 2650 1489 audit
2707 1428 2873 1508 phy·

583 1538 801 1597 sicam
850 1533 1212 1609 achiscat]
1269 1534 1465 1594 Axius
1521 1541 1726 1595 noster
1782 1553 1883 1610 ne,
1941 1537 2082 1595 dum
2136 1538 2252 1596 hoc
2308 1538 2507 1610 audit,
2554 1538 2875 1613 physicam

583 1645 870 1703 addiscat
913 1639 1167 1721 Merula,
1222 1643 1379 1702 haec
1424 1639 1729 1701 Iucundus
1785 1643 2065 1704 restituit.
2157 1661 2257 1718 ne,
2315 1644 2454 1702 dum
2503 1644 2661 1703 haec
2709 1645 2881 1702 audit

577 1752 867 1827 physica,
914 1750 1212 1808 maciscat
1250 1746 1538 1828 Scaliger,
1595 1767 1689 1829 ne,
1737 1750 1878 1808 dum
1902 1751 2080 1809 'haec
2127 1751 2304 1809 audit
2349 1751 2639 1826 physica,
2689 1753 2879 1824 mayis

586 1858 787 1916 hiscat
830 1855 1070 1935 Popma,
1112 1873 1206 1932 ne,
1253 1856 1394 1913 dum
1441 1856 1597 1915 haec
1644 1857 1821 1915 audit
1846 1857 2126 1932 physica,
2163 1855 2422 1931 fatiscat
2459 1854 2877 1916 Schneiderus.

594 1980 789 2023 veram
860 1962 1215 2022 sententiam
1284 1962 1580 2038 expressit
1642 1960 1921 2039 Scaliger.
2013 1979 2149 2021 nam
2212 1961 2455 2041 physica
2522 1969 2664 2023 sunt
2731 1980 2876 2041 quae

584 2071 813 2149 Appius
857 2070 1288 2149 disputaverat3
1336 2067 1405 2126 ad
1454 2067 1717 2127 fructum
1765 2070 2067 2147 pertinent
2114 2087 2181 2128 ea
2230 2087 2380 2147 quae
2426 2066 2652 2129 Merula
2704 2067 2876 2128 addit.

586 2177 656 2237 ad
686 2176 840 2237 hanc
868 2178 1053 2255 igitur
1085 2174 1503 2253 disputationis
1531 2182 1781 2255 partem,
1801 2193 1975 2253 quam
1997 2175 2181 2236 Axius
2203 2175 2377 2255 longo
2398 2175 2572 2255 Appii
2603 2192 2875 2235 sermone

586 2283 893 2343 confectus
942 2281 1259 2357 desiderat,
1309 2284 1596 2343 transitus
1644 2289 1903 2361 paratur.
1997 2282 2098 2343 sed
2160 2289 2531 2357 marcescat,
2586 2300 2708 2343 non
2756 2299 2874 2342 ma-

588 2397 809 2465 cescat,
851 2389 1233 2450 scribendum
1273 2407 1402 2449 esse
1443 2388 1562 2449 dixi
1601 2388 1626 2448 1
1665 2384 1770 2470 55,
1809 2388 1863 2470 l,
1901 2392 2026 2471 sed,
2065 2407 2098 2450 o
2139 2390 2401 2464 Merula,
2441 2389 2639 2449 Axius
2676 2396 2876 2449 noster

583 2515 680 2572 ne,
727 2495 868 2558 dum
915 2498 1070 2556 haec
1109 2497 1287 2555 audit
1316 2496 1598 2573 physica,
1636 2502 1996 2556 marcescat.
2073 2495 2145 2555 de
2186 2513 2252 2554 re
2289 2496 2416 2574 ipsa
2455 2495 2661 2555 eadem
2701 2493 2876 2555 tradit

588 2603 907 2665 Columella
946 2602 1026 2662 IX
1064 2600 1121 2683 2,
1152 2599 1211 2684 5,
1258 2610 1571 2682 postquam
1622 2601 1693 2661 de
1741 2604 1970 2681 origine
2018 2620 2195 2682 apum
2242 2602 2466 2662 dictum
2517 2608 2672 2682 erat,
2726 2605 2875 2664 haec

584 2715 741 2772 enim
789 2717 847 2770 et
902 2712 998 2771 his
1047 2711 1269 2770 similia
1315 2712 1511 2783 maqis
1567 2711 1976 2769 scrutantium
2032 2727 2243 2783 rerum
2289 2715 2554 2769 naturae
2610 2709 2874 2769 latebras

583 2836 764 2894 quam
811 2820 1182 2878 rusticorum
1221 2822 1311 2876 est
1349 2819 1679 2891 inquirere.
1754 2818 2039 2876 studiosis
2077 2834 2312 2891 quoque
2349 2817 2697 2875 litterarum
2730 2833 2871 2890 yra-

586 2928 749 2985 tiora
794 2932 935 2985 sunt
982 2927 1098 2984 ista
1147 2927 1209 2984 in
1256 2927 1376 2983 otio
1422 2924 1758 2997 legentibus
1805 2941 1985 2998 quam
2032 2925 2356 2999 neyotiosis
2406 2925 2716 2997 ayricolis.

764 3027 846 3091 10
912 3030 1295 3091 Auctorem
1342 3027 1566 3088 habeo
1628 3046 1763 3087 non
1822 3027 2050 3088 solum
2107 3030 2227 3106 qui
2284 3027 2558 3088 aluaria
2606 3047 2731 3089 sua
2776 3027 2871 3088 lo-

580 3146 736 3198 cata
794 3136 1044 3214 habet]
1106 3139 1239 3196 Non
1294 3138 1485 3196 solum
1541 3136 1749 3195 Seium.
1806 3136 2035 3213 scripsi.
2128 3152 2262 3194 nam
2323 3152 2542 3195 nomen
2598 3137 2870 3216 auctoriS,

584 3247 687 3323 qui
734 3243 1064 3323 appellatus
1111 3251 1259 3324 erat,
1305 3241 1597 3302 excidisse
1637 3249 1899 3321 apparet.
1976 3240 2100 3302 Seii
2145 3249 2346 3301 autem
2384 3240 2599 3301 alvaria
2638 3241 2867 3302 laudan-

584 3359 683 3411 tur
728 3350 807 3410 111
847 3348 906 3432 2,
947 3347 1048 3411 11.

761 3455 1059 3527 Quidam
1117 3455 1477 3517 mellinem
1527 3453 1935 3536 appellant]
2004 3454 2308 3516 Mellinem
2363 3454 2522 3514 haud
2571 3453 2749 3515 dubie
2810 3455 2867 3513 in

586 3563 905 3642 archetypo
955 3564 1244 3641 scriptum
1292 3571 1437 3644 erat,
1492 3581 1613 3623 non
1661 3565 1968 3637 mellinen,
2025 3562 2181 3640 quod
2240 3563 2432 3622 errori
2477 3560 2727 3621 Victorii
2772 3561 2867 3621 tri·

581 3668 884 3730 huendum
925 3675 1032 3729 est.
1107 3662 1380 3748 μέλινον
1422 3667 1726 3729 Iucundus
1767 3677 1826 3728 et
1866 3668 2078 3728 deinde
2117 3667 2335 3747 reliqui
2374 3668 2653 3749 editoreS,
2691 3671 2869 3729 melli-

584 3795 726 3838 nam
785 3774 1074 3855 Scaliger,
1139 3779 1412 3836 melinem
1478 3775 1699 3836 scholia
1757 3775 2032 3835 Vaticana
2092 3777 2153 3834 in
2211 3773 2382 3853 Verg.
2430 3793 2629 3853 georg.
2678 3774 2752 3834 IV
2790 3771 2870 3835 63

581 3886 962 3960 melisphylla
1007 3884 1201 3943 herba
1248 3890 1351 3963 est,
1398 3900 1606 3961 quam,
1663 3889 1732 3942 ut
1777 3885 1867 3942 ait
1926 3883 2140 3956 Varro,
2189 3885 2301 3942 alii
2344 3885 2713 3959 apiastrum,
2769 3884 2876 3941 alii

581 3994 857 4051 melinem
905 3994 1237 4066 appellant,
1296 3988 1400 4049 ubi
1444 3993 1747 4050 mellinam
1794 3987 1965 4047 Thilo
2023 4007 2095 4049 ex
2142 3986 2404 4048 Varrone
2463 3990 2709 4066 recepit.
2800 3987 2867 4048 de

581 4097 819 4159 mellina
875 4095 1059 4157 herba
1108 4095 1250 4156 nihil
1313 4097 1631 4155 memoriae
1687 4095 1988 4174 proditum
2045 4104 2162 4176 est,
2220 4100 2280 4154 et
2339 4112 2619 4172 graecum
2675 4096 2868 4174 potius

582 4222 799 4264 nomen
865 4222 1040 4282 quam
1101 4202 1352 4263 latinum
1417 4221 1449 4262 a
1505 4201 1768 4262 Varrone
1824 4204 2082 4280 positum
2141 4202 2325 4261 fuisse
2381 4200 2703 4261 verisimile
2765 4209 2868 4261 est.

579 4313 780 4390 itaque
828 4314 1235 4372 melittaenam
1291 4311 1532 4391 scripsi,
1591 4309 1746 4387 quod
1806 4327 2022 4368 nomen
2078 4326 2216 4369 cum
2276 4307 2718 4387 melissophyllo
2774 4326 2870 4387 ap-

582 4416 802 4496 pellant
847 4416 1075 4478 Plinius
1114 4415 1248 4476 XXl
1291 4413 1415 4477 149
1481 4418 1922 4491 melissophyllo
1967 4418 2093 4475 sive
2139 4418 2486 4475 melittaena
2531 4419 2590 4474 si
2638 4433 2869 4491 perun-

578 4531 854 4597 yuantur
902 4527 1039 4598 alvi,
1086 4522 1383 4583 Nicander
1424 4522 1573 4584 ther.
1612 4517 1743 4583 554
1778 4513 1902 4601 τὴν
1940 4511 2089 4600 ἤτοι
2135 4520 2547 4601 μελίφυλλον
2595 4516 2869 4582 ἐπικλεί-
