3178 5185
572 418 700 482 196
1556 411 1932 467 VARRONIS

569 585 771 665 fundo,
822 601 1009 664 eaque
1057 584 1110 642 si
1155 582 1443 642 coieceris
1490 582 1550 639 in
1602 587 1823 640 terram
1871 585 1930 638 et
1976 577 2194 638 obleris
2243 580 2471 638 circum
2521 593 2787 656 ramum,
2840 576 2897 635 si

568 694 941 753 extrinsecus
990 691 1237 768 spiritus
1285 687 1478 767 adsset,
1526 705 1595 746 ea
1643 704 1762 747 non
1810 685 1983 746 modo
2032 688 2262 764 integra
2310 686 2508 758 eximi,
2548 683 2654 743 sed
2694 684 2894 743 etiam

569 802 819 879 maiora,
868 817 1042 877 quam
1089 799 1151 856 in
1199 795 1412 855 arbore
1459 812 1742 873 umquam
1789 792 2198 872 pependerint.

445 905 546 965 LX
744 906 826 965 De
883 905 1142 965 olivitate
1198 902 1356 962 oleas
1403 902 1534 961 esui
1582 902 1803 979 optime
1852 899 2028 960 condi
2087 898 2295 959 scribit
2343 898 2485 958 Cato
2543 900 2776 958 orcites
2829 903 2895 956 et

567 1032 783 1094 puseas
822 1012 1014 1073 aridas
1052 1010 1145 1070 vel
1184 1009 1401 1069 virides
1439 1010 1501 1068 in
1539 1009 1730 1067 muria
1770 1006 1860 1067 vel
1899 1011 1960 1066 in
2000 1005 2250 1066 lentisco
2288 1014 2586 1067 contusas,
2655 1007 2893 1065 orcites
2950 1018 2974 1058 5

568 1124 794 1200 nigras,
844 1119 963 1180 sale
1012 1119 1064 1177 si
1111 1119 1231 1177 sint
1278 1115 1636 1176 confricatae
1684 1113 1812 1174 dies
1860 1114 2123 1192 quinque
2171 1123 2230 1173 et
2276 1120 2402 1173 tum
2452 1112 2571 1173 sale
2620 1130 2892 1173 excusso

570 1228 816 1288 biduum
867 1229 919 1286 si
964 1224 1198 1288 in.sole
1246 1225 1472 1302 positae
1521 1221 1762 1301 fuerint,
1809 1238 2049 1280 manere
2088 1219 2329 1280 idoneas
2368 1220 2587 1280 solere:
2636 1219 2891 1279 easdem

407 1332 536 1392 LXI
578 1337 705 1395 sine
755 1333 874 1394 sale
923 1335 983 1392 in
1033 1331 1335 1392 defrutum
1384 1328 1559 1389 condi
1598 1335 1781 1390 recte.
1871 1345 2169 1388 amurcam
2209 1329 2389 1406 periti
2425 1325 2720 1405 agricolae
2764 1333 2893 1387 tam

572 1444 632 1502 in
693 1440 880 1501 doleis
936 1438 1202 1499 condunt
1259 1455 1432 1517 quam
1491 1436 1687 1495 oleum
1745 1441 1846 1494 aut
1902 1437 2120 1494 vinum.
2214 1435 2344 1495 eius
2390 1433 2682 1514 conditio,
2740 1452 2889 1494 cum

573 1565 850 1626 expressa
898 1545 1153 1626 effluxit,
1211 1545 1367 1624 quod
1417 1545 1618 1604 statim
1664 1542 1735 1601 de
1785 1560 1850 1601 ea
1901 1542 2317 1621 decoquuntur
2365 1542 2514 1602 duae
2561 1547 2773 1620 partes
2825 1548 2888 1601 et
2919 1557 2970 1595 ιο

576 1654 991 1732 refrigeratum
1040 1652 1316 1712 conditur
1363 1653 1424 1710 in
1472 1668 1627 1710 vasa.
1720 1655 1860 1710 sunt
1896 1651 2036 1708 item
2077 1648 2222 1708 aliae
2262 1648 2653 1728 conditioneS,
2703 1658 2774 1708 ut
2815 1666 2888 1708 ea

575 1764 635 1821 in
687 1779 799 1839 qua
847 1759 1101 1820 adicitur
1150 1758 1249 1836 [L]
1299 1765 1580 1817 mustum.

718 1974 749 2022 2
787 1984 901 2022 non
936 1966 1102 2021 modo
1139 1965 1362 2034 integra
1400 1963 1569 2018 eximi
1607 1964 1755 2017 Non.
1791 1980 1847 2031 p.
1887 1967 2017 2033 148,
2055 1969 2090 2018 3

722 2169 750 2216 1
800 2180 978 2230 eaque
1024 2161 1072 2216 si
1114 2159 1377 2216 coieceris
1415 2161 1532 2215 PA
1569 2135 2086 2228 eaque⁸¹⁰coieceris,
2124 2162 2216 2218 sed
2252 2161 2332 2215 sic
2370 2176 2504 2215 corr.
2547 2160 2595 2214 si
2632 2160 2690 2214 Β
2729 2177 2884 2214 eam-

577 2270 686 2323 que
727 2252 775 2306 si
813 2251 1115 2307 conieceris
1152 2267 1184 2304 v
1330 2249 1535 2305 obieris
1576 2249 1854 2316 Zahlfeldt
1890 2254 2089 2320 quaest.
2130 2251 2249 2304 crit.
2287 2250 2350 2303 in
2393 2250 2557 2307 Varr.
2594 2267 2699 2304 rer.
2740 2256 2883 2305 rust.

577 2343 699 2396 libr.
731 2358 792 2410 p.
831 2345 904 2395 30
951 2339 1159 2395 obteris
1209 2339 1323 2392 VB
1370 2336 1636 2404 chateris,
1684 2340 1775 2392 sed
1813 2357 1838 2392 s
1870 2339 2058 2407 priore
2095 2340 2208 2393 loco
2245 2340 2476 2393 deletum
2505 2339 2558 2391 A
2598 2337 2883 2393 obleueris

578 2431 939 2485 Schneiderus
1081 2428 1141 2483 ni
1183 2428 1523 2482 extrinsecus
1572 2428 1809 2482 Ursinus
1952 2433 1983 2480 2
2031 2426 2202 2481 adflet
2239 2427 2354 2481 PA
2393 2426 2550 2481 afflet
2582 2428 2639 2481 Β
2676 2428 2812 2481 aflet
2851 2445 2884 2481 v

723 2518 893 2572 eximi
929 2518 1090 2572 Amv
1128 2515 1324 2571 exsimi
1362 2516 1474 2570 PB
1620 2524 1651 2570 3
1691 2534 1955 2585 umquam
1992 2516 2047 2569 A
2084 2533 2331 2586 unquam
2375 2517 2487 2571 VB

724 2632 758 2679 4
806 2626 888 2679 De
929 2625 1185 2679 olivitate
1224 2641 1321 2679 om.
1361 2641 1418 2692 v,
1459 2625 1584 2680 add.
1627 2625 1806 2678 PAB
1835 2666 1847 2679 .
1881 2623 2070 2679 ‘Oleas
2108 2625 2229 2679 esui
2265 2624 2493 2694 optime.
2566 2625 2714 2680 Ante
2748 2627 2885 2680 haec

579 2717 751 2771 uerba
798 2716 861 2768 in
910 2716 1290 2783 antiquissimo
1326 2715 1652 2781 exemplari,
1701 2714 1782 2767 De
1822 2713 2107 2781 oliuitate,
2153 2715 2420 2783 scriptum
2456 2720 2532 2769 est
2563 2736 2576 2767 ι
2605 2715 2751 2785 quod
2788 2716 2879 2769 in-

580 2804 959 2872 scriptionem,
1015 2804 1340 2871 titulumque
1396 2803 1567 2870 fuisse
1605 2807 1747 2870 puto
1778 2842 1790 2855 .
1819 2802 2061 2857 Possunt
2108 2808 2287 2857 tamen
2331 2810 2470 2858 recte
2514 2805 2578 2858 in
2624 2809 2883 2858 contextu

580 2894 843 2948 sermonis
881 2893 1251 2947 huiuscemodi
1288 2892 1582 2946 locutiones
1621 2892 1910 2946 collocatae
1947 2908 2068 2947 esse.
2101 2923 2166 2930 —
2202 2892 2360 2962 Quod
2396 2893 2559 2946 etiam
2589 2895 2882 2960 confirmat

580 2983 804 3038 Nonius
824 3024 842 3050 ,
881 2983 980 3051 qui
1018 2999 1139 3036 cum
1175 2981 1309 3049 quid
1351 2980 1592 3036 Oliuitas
1627 2981 1726 3045 sit,
1764 2981 2084 3049 declararet,
2120 2986 2171 3035 et
2208 2983 2383 3036 locum
2418 2982 2565 3035 hunc
2608 2982 2882 3037 Varronis

582 3074 891 3138 adduceret,
928 3072 1011 3126 ita
1039 3087 1158 3124 eum
1188 3070 1333 3140 leyit,
1370 3075 1432 3123 ut
1459 3070 1522 3123 in
1541 3074 1857 3138 peruetusto
1886 3071 2063 3125 codice
2089 3070 2355 3137 scriptum
2382 3072 2540 3125 illum
2568 3072 2778 3125 inueni.
2809 3104 2878 3114 -—

582 3178 752 3230 quare
788 3161 967 3214 maior
1002 3160 1130 3212 hinc
1166 3160 1329 3212 etiam
1366 3160 1519 3227 apud
1555 3174 1657 3213 nos
1690 3160 1991 3213 auctoritas
2019 3159 2391 3228 antiquissimi
2419 3162 2745 3229 eoeemplaris
2772 3177 2880 3216 esse

582 3251 732 3304 debet
748 3291 762 3317 ‚
810 3250 874 3302 in
910 3264 1015 3317 quo
1051 3263 1220 3301 sermo
1270 3247 1564 3316 Varronis,
1614 3248 1733 3302 siue
1769 3264 1952 3302 eorum
1989 3265 2122 3317 quos
2157 3249 2222 3302 de
2257 3249 2418 3302 rebus
2453 3251 2679 3305 rusticis
2715 3252 2879 3306 disse·

582 3343 758 3393 rentes
830 3337 1072 3403 inducit,
1147 3353 1431 3405 nunquam
1508 3337 1782 3405 capitibus
1854 3339 2147 3393 distinctus
2212 3343 2311 3392 aut
2365 3340 2711 3408 interruptus
2776 3340 2873 3395 est’

592 3427 872 3481 Victorius
1015 3424 1143 3479 exui
1189 3441 1324 3479 corr.
1373 3424 1493 3479 esui
1529 3426 1586 3481 Β
1731 3426 1932 3481 orcites
1985 3428 2044 3481 et
2079 3444 2282 3496 puseas
2324 3428 2508 3481 PAB
2544 3428 2786 3484 orchites
2823 3431 2881 3483 et

581 3531 823 3585 pauseas
851 3531 883 3569 v
1029 3521 1059 3568 5
1098 3514 1282 3569 aridas
1312 3545 1379 3554 —
1412 3514 1615 3569 orcites
1644 3531 1742 3569 om.
1773 3532 1823 3581 v,
1862 3516 1989 3570 add.
2024 3515 2205 3570 PAB
2349 3517 2553 3588 muria]
2584 3518 2798 3573 murica
2823 3519 2879 3572 Β

726 3604 820 3659 uel
857 3604 916 3657 in
943 3603 1179 3659 lentisco
1210 3605 1504 3659 Iucundus
1533 3605 1626 3658 uel
1653 3603 1890 3659 lentisco
1925 3604 2108 3658 PAB
2253 3612 2283 3660 6
2325 3606 2664 3661 confricatae
2698 3608 2879 3663 PAB

585 3692 947 3750 confricatav
985 3693 1289 3747 confriatae
1319 3693 1683 3748 Schneiderus
1793 3698 1825 3747 8
1855 3692 2019 3748 condi
2059 3693 2291 3749 Ursinus
2318 3695 2542 3749 condire
2570 3696 2747 3750 VAB
2846 3706 2877 3753 9

583 3784 643 3837 in
681 3782 888 3853 doleis]
929 3782 990 3835 in
1027 3782 1163 3836 oleis
1200 3782 1380 3836 PAR
1417 3782 1476 3836 in
1514 3782 1642 3837 ollis
1682 3799 1711 3836 v
1742 3826 1754 3838 .
1781 3782 2011 3850 ‘Antea,
2064 3784 2128 3836 in
2164 3785 2288 3838 ollis
2318 3807 2330 3838 z
2372 3784 2582 3839 Veteres
2618 3786 2777 3854 libri,
2816 3788 2877 3840 In

586 3871 746 3926 oleis:
789 3873 1079 3941 castiyaui,
1120 3872 1200 3925 In
1236 3872 1436 3926 doliis.
1472 3877 1832 3927 ueruntamen
1869 3873 2002 3941 quia
2022 3890 2214 3942 parua
2244 3873 2465 3928 licentia
2493 3889 2627 3929 usus
2656 3892 2794 3944 sum,
2830 3877 2881 3930 si

583 3962 725 4028 forte
770 3962 1019 4029 deceptus
1064 3976 1252 4028 essem,
1300 3962 1458 4015 uolui
1503 3966 1671 4016 totam
1713 3977 1824 4015 rem
1874 3963 2138 4018 indicare.
2212 3962 2609 4017 Animaduerti
2645 3965 2784 4018 alibi
2819 3965 2882 4019 in

586 4051 787 4118 optimo
834 4050 1012 4104 codiee
1051 4049 1269 4116 Doleis,
1308 4067 1416 4119 pro
1454 4051 1640 4105 Doliis
1675 4052 1940 4120 scriptum
1977 4068 2109 4118 esse,
2155 4056 2218 4105 ut
2254 4053 2318 4106 in
2356 4052 2483 4104 III
2512 4052 2637 4123 [15,
2673 4054 2749 4124 2]
2786 4055 2882 4109 ubi

587 4141 652 4194 de
687 4140 924 4210 yliribus
963 4140 1222 4208 loquitur,
1265 4140 1398 4196 Cum
1430 4142 1673 4209 positum
1710 4145 1787 4195 est
1816 4141 1876 4194 in
1903 4141 2070 4195 doleis
2097 4141 2241 4207 fiunt
2260 4141 2520 4210 pinques’
2605 4141 2881 4197 Victorius

695 4228 905 4299 oleum]
946 4228 1070 4282 oleo
1109 4229 1225 4283 Am
1336 4235 1402 4283 10
1449 4245 1680 4298 expressa
1717 4229 1909 4284 efluxit
1945 4231 1998 4283 A
2112 4236 2176 4285 12
2216 4231 2273 4284 in
2310 4246 2423 4299 qua
2459 4229 2723 4286 adiicitur
2752 4274 2764 4286 .
2797 4232 2878 4288 L.

586 4355 833 4407 mustum
877 4353 932 4406 P
965 4353 1022 4406 in
1057 4371 1171 4421 qua
1207 4354 1449 4408 adicitur
1479 4396 1490 4407 .
1521 4355 1543 4407 l
1573 4395 1586 4408 .
1618 4356 1862 4409 mustum
1890 4357 1947 4410 Β
1983 4334 2184 4425 in⁸qua
2217 4355 2422 4410 dicitur
2445 4398 2456 4410 .
2476 4357 2498 4409 l
2519 4397 2532 4410 .
2553 4359 2800 4411 mustum
2826 4358 2881 4412 A

587 4442 646 4496 in
694 4457 844 4510 aqua
887 4441 1129 4496 adicitur
1157 4482 1169 4494 .
1200 4443 1221 4495 l
1253 4485 1264 4496 .
1304 4444 1548 4496 mustum
1597 4460 1650 4497 m
1695 4444 1753 4497 in
1802 4460 1912 4511 qua
1957 4444 2231 4498 adiiciunt·
2266 4448 2513 4499 mustum
2548 4464 2583 4501 v
2612 4489 2625 4501 .
2662 4447 2880 4503 ‘Vetus—

587 4532 830 4586 tissimus
867 4532 1026 4599 liber,
1066 4531 1128 4583 In
1167 4548 1279 4598 qua
1316 4530 1556 4585 adicitur
1594 4532 1637 4586 L
1671 4577 1683 4589 .
1713 4535 1979 4589 mustum’
2029 4535 2305 4589 Victorius
