3178 5185
609 416 738 482 130
1292 423 1671 479 COMMENT.
1709 423 1791 477 IN
1828 421 2204 477 VARRONIS

603 581 784 660 opilio
834 579 904 640 ab
952 588 1184 641 aratore
1233 579 1505 639 diversus
1553 588 1671 658 est,
1718 580 1799 638 ita
1846 579 2265 657 armentariuS,
2314 594 2509 654 neque
2554 584 2878 654 propterea,

614 686 770 765 quod
820 695 1082 748 armenta
1131 688 1192 747 in
1241 705 1379 765 agro
1438 688 1604 766 pasci
1651 694 1928 767 possunt,
1976 704 2095 745 non
2152 683 2302 745 alius
2350 692 2441 743 est
2487 684 2880 760 armentariuS,

608 797 709 873 qui
765 794 941 854 boves
998 795 1317 856 indomitos
1374 796 1589 874 pascit,
1647 792 1797 854 alius
1855 791 2177 875 bubulcuS,
2241 793 2344 871 qui
2401 808 2502 851 eos
2562 793 2621 851 in
2678 789 2879 849 arando

605 903 739 980 agit.
832 904 1005 962 aliud
1049 908 1260 961 neutro
1334 918 1551 979 genere
1600 899 1825 960 dictum
1873 897 1898 957 I
1937 895 1995 979 2,
2037 894 2119 959 15
2169 900 2342 959 aliud
2377 901 2580 975 pastio
2626 905 2685 958 et
2728 899 2884 957 aliud

606 1011 752 1083 aqri
806 1013 1077 1085 cultura,
1125 1007 1150 1067 1
1189 1004 1257 1088 3,
1306 1012 1551 1068 cultura
1609 1025 1727 1068 non
1782 1009 1956 1068 aliud
2000 1012 2113 1083 est,
2160 1007 2302 1065 item
2349 1003 2430 1064 ΙΙΙ
2468 1002 2528 1084 2,
2574 1002 2652 1065 10
2698 1009 2882 1065 villam

613 1148 685 1158 -—-
738 1134 897 1190 quae
944 1122 1097 1176 esset
1140 1121 1478 1190 utrumque,
1527 1121 1586 1176 et
1633 1132 1707 1176 ea
1755 1121 1814 1175 et
1858 1115 2122 1176 urbana.
2669 1087 2684 1100 ’

686 1260 694 1277 1
787 1222 1007 1283 Causa
1057 1220 1170 1299 fit]
1221 1224 1322 1282 Fit
1366 1221 1551 1282 deleri
1602 1221 1789 1282 voluit
1836 1220 2105 1282 Ursinus,

783 1326 824 1391 5
890 1328 1136 1390 Coloni
1184 1329 1904 1408 aeque.agricultura
1968 1328 2230 1389 factum
2290 1336 2363 1388 ut
2419 1335 2889 1387 nascerentur

608 1455 639 1497 e
689 1445 883 1497 terra
941 1445 1189 1497 contra
1244 1439 1563 1516 pastoris
1622 1455 1696 1497 ea
1754 1454 1932 1516 quae
1990 1444 2148 1496 nata
2218 1454 2297 1494 ex
2352 1432 2640 1514 pecore]
2701 1435 2894 1494 Coloni

609 1562 682 1605 ea
747 1562 905 1619 quae
969 1547 1032 1603 in
1089 1547 1479 1619 ayricultura
1537 1541 1778 1601 Merula.
1873 1544 2093 1615 coloni,
2150 1548 2219 1601 ut
2278 1560 2352 1601 ea
2409 1560 2567 1616 quae
2625 1545 2687 1601 in
2736 1543 2887 1616 ayri-

610 1654 855 1711 cultura
901 1658 1246 1711 nascantur
1293 1670 1325 1711 e
1372 1657 1545 1711 terra
1585 1649 1864 1726 fructum
1916 1648 2187 1725 faciant,
2237 1655 2453 1710 contra
2490 1652 2789 1726 pastoris,
2833 1654 2892 1706 ut

611 1776 684 1818 ea
723 1776 880 1833 quae
916 1765 1064 1819 nata
1103 1777 1182 1819 ex
1211 1776 1440 1834 pecore
1476 1756 1799 1817 IucunduS.
1876 1754 2192 1842 lectionem
2233 1756 2535 1836 archetypi
2573 1775 2604 1815 a
2641 1754 2891 1815 Victorio

609 1864 943 1932 indicatam
1000 1869 1201 1926 coloni
1272 1883 1463 1941 aeque
1529 1867 1923 1940 agricultura
1981 1863 2220 1940 factum
2288 1881 2415 1943 sqq.
2484 1881 2661 1942 pravo
2727 1860 2894 1920 modo

610 1972 869 2032 defendit
936 1971 1196 2052 Scaliger
1262 1974 1370 2053 ita,
1436 1980 1503 2033 ut
1570 1990 1795 2051 aequus
1864 1990 1992 2031 esse
2060 1969 2225 2031 labor
2290 1971 2497 2031 colono
2557 1979 2617 2030 et
2676 1969 2896 2048 pastori

610 2080 927 2160 diceretur,
976 2099 1111 2141 cum
1160 2079 1307 2140 alter
1356 2099 1428 2140 ex
1475 2088 1634 2140 terra
1682 2079 1914 2139 fructus
1963 2080 2317 2160 perciperet,
2356 2076 2508 2138 alter
2551 2096 2619 2137 ex
2666 2093 2893 2155 pecore.

610 2205 684 2247 ea
731 2205 889 2261 quae
933 2206 1041 2267 pro
1092 2206 1284 2262 aeque
1331 2185 1711 2247 scribendum
1761 2204 1891 2246 esse
1940 2185 2167 2246 viderat
2213 2184 2453 2265 Merula,
2503 2185 2606 2244 sed
2653 2186 2710 2243 in
2763 2181 2887 2242 reli·

612 2296 745 2373 quis
791 2312 911 2354 non
959 2303 1086 2354 erat
1144 2313 1250 2355 cur
1309 2293 1529 2355 codicis
1588 2295 1890 2373 scriptura
1948 2300 2297 2353 mutaretur.
2392 2290 2586 2352 coloni
2642 2300 2781 2350 sunt
2833 2307 2892 2348 ea

614 2419 764 2479 quae
811 2411 878 2461 ut
925 2420 955 2461 e
1005 2410 1164 2462 terra
1217 2409 1607 2462 nascerentur
1657 2403 1779 2480 agri
1829 2400 2059 2461 cultura
2110 2401 2328 2461 sactum
2379 2408 2487 2478 est,
2537 2399 2786 2478 pastoris
2831 2414 2890 2455 ea

614 2526 764 2586 quae
814 2525 883 2565 ex
932 2525 1148 2585 pecore
1198 2517 1331 2569 nata
1372 2515 1531 2569 sunt.
1608 2527 1741 2567 nam
1783 2525 1891 2586 pro
1932 2509 2177 2568 scientia
2217 2525 2422 2567 eorum
2464 2523 2614 2585 quae
2654 2521 2889 2565 nascun-

614 2623 715 2675 tur
759 2617 921 2693 ipsae
971 2633 1095 2696 reS,
1143 2616 1212 2674 ad
1264 2635 1407 2694 quas
1456 2634 1523 2675 ea
1573 2617 1821 2675 scientia
1880 2618 2166 2696 pertinet,
2215 2613 2600 2694 appellantur.
2693 2612 2889 2673 deinde

613 2721 924 2782 relativum
985 2739 1309 2800 pronomen
1371 2740 1666 2798 quarum,
1734 2722 1891 2801 quod
1940 2724 2237 2802 sequitur,
2306 2722 2375 2783 ad
2424 2740 2491 2781 ea
2541 2740 2688 2802 quae
2735 2729 2887 2780 antea

614 2832 833 2908 scripta
908 2836 1102 2907 erant,
1180 2831 1307 2888 alia
1383 2833 1545 2890 ratio
1624 2848 1701 2890 αθ
1774 2832 2033 2890 scientia
2118 2833 2340 2906 coloni,
2415 2833 2544 2890 alia
2620 2830 2889 2905 pastoris,

614 2935 890 2995 refertur.

793 3042 894 3101 Ex
940 3059 1014 3101 θα
1062 3044 1217 3101 enim
1264 3058 1501 3116 quoque
1531 3040 1781 3116 fructus
1831 3045 1959 3103 tolli
1996 3048 2251 3118 possunt
2296 3059 2414 3101 non
2455 3044 2784 3102 mediocres
2818 3057 2889 3099 ex

616 3151 1051 3212 ornithonibuS.
1145 3151 1223 3209 ita
1283 3149 1428 3209 haec
1495 3151 1652 3209 inter
1720 3168 1783 3209 se
1842 3147 2252 3228 coniungenda
2309 3167 2502 3229 neque
2559 3147 2888 3226 interposita

618 3257 1017 3339 distinctione,
1056 3275 1206 3336 quae
1255 3258 1316 3316 in
1356 3255 1814 3317 Commeliniana
1857 3255 2113 3316 editione
2162 3255 2355 3316 addita
2401 3263 2545 3335 erat,
2585 3250 2886 3334 separanda

619 3374 778 3426 sunt.
866 3384 998 3425 nam
1046 3363 1137 3423 his
1184 3365 1378 3444 posita
1423 3366 1863 3443 praepositione
1913 3382 1991 3424 ex
2046 3373 2104 3423 et
2166 3382 2299 3423 cum
2356 3381 2475 3424 uno
2535 3361 2710 3422 verbo
2766 3377 2886 3420 con·

617 3474 819 3531 iuncta
878 3473 1213 3532 accuratius
1271 3490 1367 3531 res
1425 3470 1705 3531 definitur
1762 3479 2046 3530 consueto
2093 3469 2372 3530 Varronis
2427 3488 2570 3530 usu:
2626 3466 2746 3549 12,
2782 3464 2816 3527 9
2859 3483 2888 3523 θ

619 3581 938 3640 radicibus
986 3596 1143 3653 quae
1190 3585 1596 3638 nascerentur
1644 3596 1676 3637 θ
1732 3581 1880 3651 solo,
1933 3574 2031 3657 16,
2070 3574 2113 3636 4
2158 3596 2234 3637 ne
2290 3579 2364 3638 de
2417 3576 2614 3653 fundo
2666 3574 2887 3658 familia

620 3688 697 3747 ab
764 3704 946 3763 opere
1011 3688 1313 3766 discedat,
1378 3681 1483 3765 54,
1521 3682 1562 3745 2
1631 3688 1691 3744 in
1751 3687 2053 3760 piscinam
2115 3687 2177 3744 in
2232 3686 2587 3760 amphoram
2636 3686 2885 3760 picatam

625 3796 956 3854 descendat
989 3825 1085 3873 —,
1128 3796 1188 3853 in
1229 3810 1440 3853 aream
1489 3795 1550 3851 in
1591 3794 1949 3852 carnarium
1998 3794 2299 3867 escendat,
2345 3787 2450 3871 59,
2488 3789 2528 3852 3
2579 3794 2642 3851 in
2688 3790 2887 3850 tabulis

624 3904 686 3960 in
734 3917 916 3976 opere
969 3906 1366 3973 marmorata,
1423 3897 1474 3957 ΙΙ
1520 3894 1573 3979 1,
1614 3894 1699 3958 26
1748 3900 1811 3957 in
1868 3899 2138 3958 hibernis
2192 3899 2418 3959 habent
2459 3901 2522 3958 in
2571 3900 2725 3959 villis
2776 3911 2881 3954 mu-

622 4011 819 4080 liereS,
865 4003 925 4086 4,
961 4004 1037 4067 11
1089 4009 1153 4066 in
1201 4006 1502 4081 Hispania
1549 4007 1845 4064 ulteriore
1893 4007 1954 4064 in
1993 4005 2330 4079 Lusitania,
2378 4002 2457 4063 111
2493 4001 2554 4086 2,
2589 4000 2670 4064 13
2716 4021 2790 4063 ex
2822 4003 2885 4059 iis

617 4116 996 4191 pastionibus
1026 4131 1105 4174 ex
1131 4131 1257 4173 una
1299 4116 1439 4174 villa
1477 4114 1741 4172 maiores
1769 4109 2018 4186 fructus
2057 4130 2296 4188 capere,
2343 4110 2421 4171 ib.
2453 4108 2537 4172 14
2575 4130 2654 4171 ex
2689 4110 2884 4186 quibus

625 4222 806 4281 rebus
837 4253 917 4263 -—
942 4223 1081 4296 plus
1128 4223 1559 4294 quinquaqena
1606 4221 1774 4278 milia
1822 4237 1855 4278 e
1911 4222 2057 4279 villa
2105 4237 2328 4294 capere
2376 4220 2642 4299 dicebat,
2690 4214 2744 4297 7,
2779 4213 2815 4275 6
2855 4231 2884 4273 θ

625 4346 741 4402 quo
790 4325 969 4402 foras
1025 4345 1104 4387 ex
1154 4330 1534 4403 peristerone
1591 4329 1832 4386 evolare
1878 4328 2117 4401 possint
2169 4317 2419 4402 matres,
2480 4321 2580 4406 12,
2618 4322 2657 4385 6
2712 4325 2782 4383 ab
2823 4337 2882 4381 eo

627 4437 853 4494 dictum
907 4436 1167 4508 leporem
1229 4451 1267 4492 a
1323 4434 1748 4506 celeritudine,
1812 4428 1910 4511 13,
1953 4429 1986 4492 1
2050 4451 2130 4493 ex
2185 4436 2502 4509 superiore
2547 4436 2675 4493 loco
2719 4448 2749 4490 θ
2783 4444 2879 4504 pa·

625 4544 870 4599 laestra.
947 4539 1156 4598 similia
1205 4546 1345 4598 sunt
1394 4540 1556 4620 haec,
1598 4557 1746 4617 quae
1789 4541 1915 4619 ipsa
1955 4558 2192 4618 quoque
2233 4539 2560 4600 editoribus
2599 4533 2880 4597 offensioni
