3178 5185
564 426 650 489 26
1250 432 1634 488 COMMENT.
1672 433 1751 486 IN
1789 431 2166 487 VARRONIS

565 589 815 650 debebat
869 589 1016 649 haec
1073 586 1460 667 inaequalitas
1517 586 1783 668 dicendi,
1848 586 2006 666 quod
2074 603 2222 664 quae
2280 586 2638 664 generaliter
2698 587 2864 648 dicta

564 703 759 779 erant,
799 695 1129 772 formosius
1175 698 1342 770 quod
1384 702 1488 768 est,
1534 713 1672 754 mox
1729 694 1799 754 ad
1850 693 2098 754 fundum
2148 694 2623 776 transferuntur,
2669 699 2728 756 si
2773 703 2872 756 est

557 804 915 880 fructuosus
961 805 1174 879 turpis.

741 907 781 971 3
852 909 1111 970 Contra
1169 909 1357 988 quod
1413 911 1485 969 in
1541 908 1924 989 pestilenti
1978 907 2350 969 calamitas
2407 911 2737 987 quamuis
2798 911 2869 970 in

564 1019 785 1079 feraci
842 1035 1008 1096 agro
1066 1016 1389 1076 colonum
1449 1015 1528 1075 ad
1578 1016 1864 1076 fructus
1924 1017 2313 1094 peruenire
2362 1035 2499 1076 non
2546 1016 2864 1095 patitur]

571 1127 913 1200 Contraque
962 1127 1023 1184 in
1063 1126 1373 1201 pestilenti
1415 1122 1736 1183 IucunduS.
1813 1130 2033 1184 eontra
2080 1125 2246 1197 quod
2280 1140 2348 1182 ex
2395 1124 2721 1204 archetypo
2772 1143 2864 1184 re-

562 1235 755 1292 stituit
811 1230 1137 1312 Victorius,
1199 1230 1301 1291 ubi
1356 1233 1522 1305 quod
1574 1228 1892 1290 delendum
1959 1247 2089 1289 esse
2155 1229 2299 1289 vidit
2357 1229 2629 1291 Ursinus,
2728 1249 2864 1291 nam

562 1358 713 1418 quae
760 1346 1069 1418 praeterea
1125 1340 1372 1398 mutavit
1420 1340 1647 1398 omitto.
1742 1336 1846 1397 sed
1903 1344 2122 1397 contra
2178 1336 2444 1396 adverbii
2501 1337 2632 1397 loco
2683 1356 2865 1417 saepe

564 1449 625 1506 in
664 1447 757 1506 his
795 1443 963 1504 libris
994 1447 1313 1526 invenitur,
1340 1463 1457 1505 non
1491 1451 1711 1505 contra
1740 1447 1904 1520 quod
1938 1443 2029 1503 vel
2067 1447 2233 1518 quod
2266 1451 2504 1505 contra.
2581 1446 2861 1506 ordinem

564 1552 879 1612 verborum
927 1559 1150 1613 temere
1203 1554 1448 1612 mutavit
1495 1551 1926 1631 SchneideruS,
1989 1555 2050 1611 in
2101 1554 2411 1627 pestilenti
2472 1542 2750 1627 quamvis
2799 1557 2862 1614 in

555 1659 768 1734 feraci
810 1677 965 1733 aqro
1013 1663 1332 1720 calamitas
1369 1662 1647 1720 colonum
1685 1661 1772 1718 ad
1799 1657 2048 1732 fruetus
2077 1660 2406 1734 pervenire
2442 1677 2564 1720 non
2596 1665 2862 1736 patitur.

737 1764 780 1826 4
844 1766 929 1828 Ut
977 1775 1213 1827 tamen
1261 1766 1558 1827 multum
1608 1768 1702 1826 sit
1749 1767 1818 1826 in
1865 1763 2073 1824 nohis
2122 1783 2259 1843 quo
2298 1767 2635 1844 grauiora
2677 1786 2860 1845 quae

562 1883 729 1934 sunt
776 1892 851 1934 ea
889 1873 1270 1953 diligentia
1307 1874 1585 1933 leuiora
1621 1872 1866 1932 facere
1895 1870 2296 1950 possimus]
2347 1874 2524 1945 Quod
2552 1877 2862 1948 yraviora

561 1981 785 2042 Merula
840 1990 899 2042 et
955 1980 1167 2041 deinde
1226 1979 1441 2058 reliqui
1499 1978 1777 2040 editores,
1854 1980 2091 2038 restitui
2149 1977 2452 2058 archetypi
2519 1979 2859 2061 lectionem,

561 2091 621 2148 in
680 2107 793 2167 qua
850 2107 985 2149 cum
1045 2087 1226 2148 verbo
1276 2087 1496 2163 facere
1549 2086 1669 2146 duo
1726 2085 1961 2145 ablativi
2031 2102 2148 2160 quo
2213 2094 2273 2145 et
2338 2088 2656 2161 diligentia
2714 2106 2858 2147 con-

560 2191 750 2256 iuncti
797 2203 953 2256 sunt.

739 2300 814 2360 Si
858 2310 1157 2381 propter
1213 2310 1483 2362 terram
1538 2310 1659 2362 aut
1706 2319 1952 2379 aquam
2010 2301 2304 2361 odorem
2360 2318 2564 2380 quem
2611 2301 2857 2379 aliquo

512 2409 515 2412 ’
560 2411 716 2470 loco
755 2415 1039 2469 eructat
1084 2408 1558 2487 pestilentior
1604 2415 1713 2468 est
1761 2407 2054 2485 fundus]
2104 2408 2435 2470 Odoremve
2472 2426 2544 2467 ex
2579 2410 2857 2487 principe

560 2516 819 2577 editione
868 2514 1058 2576 adhuc
1105 2524 1414 2596 receptum
1462 2524 1609 2575 erat.
1683 2533 1791 2594 pro
1839 2514 1950 2574 hoc
1998 2518 2187 2576 odore
2234 2516 2463 2595 scripsi.
2540 2533 2676 2574 nam
2715 2533 2856 2575 cum

562 2623 840 2703 quattuor
899 2642 1103 2683 rerum
1159 2622 1467 2684 elementis
1526 2623 1746 2684 fundus
1805 2622 2177 2702 pestilentior
2232 2624 2363 2683 fieri
2423 2625 2636 2703 possit,
2693 2631 2857 2683 terra

560 2742 619 2792 et
667 2750 817 2810 aqua
864 2731 1074 2812 odore,
1131 2750 1308 2810 quem
1365 2732 1561 2810 aliquo
1625 2730 1756 2791 loco
1806 2730 2023 2790 fundus
2071 2739 2329 2811 eructat,
2386 2742 2522 2791 eum
2569 2730 2854 2809 pestilen-

559 2841 774 2899 tiorem
820 2838 1095 2921 reddunt,
1144 2838 1290 2899 caeli
1337 2841 1501 2917 regio
1548 2840 1732 2898 nimio
1773 2837 1967 2897 calore
2017 2844 2220 2917 nocet,
2267 2855 2396 2918 aer,
2452 2856 2589 2897 cum
2637 2845 2854 2898 ventus

564 2964 679 3005 non
730 2944 919 3005 bonus
967 2946 1086 3027 ssat,
1134 2948 1560 3026 corrumpitur.

738 3051 881 3112 Ube
931 3055 1082 3113 sint
1127 3055 1410 3132 positae
1460 3050 1708 3128 uillae]
1768 3053 1892 3113 Ube
1925 3050 2039 3110 hoc
2087 3069 2205 3110 uno
2253 3050 2383 3110 loco
2430 3053 2490 3110 in
2530 3051 2855 3131 archetypo

561 3163 850 3239 scriptum
891 3160 1019 3240 fuit,
1058 3163 1179 3221 tibe
1215 3160 1294 3219 ΙΙΙ
1327 3159 1383 3234 7,
1417 3158 1493 3221 11
1538 3169 1598 3220 et
1635 3158 1717 3217 111
1750 3155 1851 3237 16,
1880 3155 1949 3238 93
1987 3176 2104 3218 non
2143 3160 2318 3232 mille,
2359 3158 2459 3217 sed
2500 3162 2586 3218 mi
2610 3157 2643 3247 Ι.
2668 3157 2770 3239 12,
2793 3157 2855 3221 2.

558 3266 611 3326 Π
649 3265 708 3346 2,
737 3262 796 3327 5.
844 3263 905 3347 4,
937 3264 1039 3327 12.
1087 3262 1156 3349 5,
1196 3264 1262 3347 1,
1312 3266 1495 3326 semel
1553 3284 1646 3327 me
1691 3265 1771 3324 ΙΙΙ
1816 3263 1922 3346 16,
1960 3263 2021 3326 2.
2094 3265 2240 3324 haec
2297 3266 2452 3324 sicut
2508 3264 2645 3345 alia,
2701 3284 2855 3344 quae

562 3392 633 3433 ex
689 3376 933 3452 antiquo
990 3382 1051 3433 et
1106 3373 1332 3453 vulgari
1393 3391 1666 3434 sermone
1726 3372 1908 3432 Varro
1964 3381 2301 3452 receperat,
2367 3381 2520 3452 tum,
2586 3390 2724 3432 cum
2787 3374 2855 3433 in

559 3480 878 3560 archetypo
926 3482 1149 3560 scripta
1196 3489 1384 3561 erant,
1431 3482 1671 3540 retinui.

738 3584 781 3649 5
848 3588 1179 3649 Inmissis
1237 3588 1591 3648 fenestris
1650 3589 1857 3648 nouis
1914 3586 2251 3665 aquilone
2317 3597 2384 3647 et
2439 3584 2854 3648 obstructis

557 3694 1119 3775 pestilentibus]
1171 3697 1440 3755 Immisso
1487 3693 1716 3754 Merula
1764 3703 1823 3754 et
1870 3693 2082 3754 deinde
2133 3692 2347 3772 reliqui
2394 3693 2673 3753 editores.
2754 3698 2851 3755 in-

559 3806 754 3864 missis
811 3802 1102 3878 fenestris
1156 3806 1326 3862 novis
1380 3805 1467 3862 ad
1528 3804 1869 3876 aquilonem
1930 3800 2068 3859 olim
2127 3802 2528 3861 conieceram:
2594 3797 2772 3882 159,
2814 3798 2847 3861 1

560 3912 959 3987 oporothecas
1005 3912 1113 3984 qui
1149 3908 1412 3985 faciunt,
1461 3911 1547 3968 ad
1592 3911 1932 3982 aquilonem
1987 3914 2054 3967 ut
2092 3907 2401 3983 fenestras
2447 3909 2717 3969 habeant
2762 3915 2850 3969 at-

560 4035 677 4092 que
732 4024 801 4077 ut
853 4035 964 4077 eae
1013 4019 1355 4093 perflentur
1410 4022 1654 4077 curant.
1748 4013 1853 4075 sed
1920 4009 2245 4074 ‘fenestras
2301 4010 2639 4075 inmittere'
2707 4034 2850 4075 num

560 4124 784 4185 dictum
822 4126 899 4183 sit
937 4123 1160 4184 dubito.
1234 4125 1433 4203 itaque
1474 4121 1734 4181 Merulae
1772 4120 2244 4181 emendationem
2284 4124 2525 4182 inmisso
2557 4120 2852 4197 fenestris

558 4234 726 4292 novis
763 4234 1047 4305 aquilone
1084 4233 1304 4309 recepi.
1378 4238 1648 4290 ceterum
1689 4228 2011 4288 Varronem
2051 4229 2301 4306 piratico
2338 4227 2493 4287 bello
2531 4227 2646 4288 sub
2683 4227 2853 4288 Pom-

559 4340 693 4416 peio
725 4337 1010 4398 classibus
1038 4338 1367 4416 praefuisse
1400 4339 1640 4396 scimus,
1705 4335 2123 4415 Hippocratem
2167 4337 2502 4395 venientem
2533 4334 2606 4395 ab
2636 4335 2851 4415 Illyriis

559 4444 956 4522 pestilentiam
1003 4445 1368 4523 praedixisse
1417 4451 1620 4503 narrat
1667 4442 1894 4503 Plinius
1941 4441 2041 4500 VII
2083 4438 2225 4502 123.

739 4556 788 4609 V
826 4548 868 4611 2
942 4549 1181 4630 Neque
1240 4568 1317 4609 eo
1375 4549 1539 4609 dico
1589 4557 1760 4628 quot
1813 4546 2147 4624 habeant]
2223 4549 2353 4620 Quo
2409 4565 2530 4608 non
2586 4550 2852 4608 habeant
