3178 5185
619 416 747 480 206
1302 425 1684 483 COMMENT.
1721 426 1801 479 IN
1837 425 2212 485 VARRONIS

620 598 796 642 causa
859 582 1061 659 pecori
1128 580 1372 661 dantur,
1427 578 1595 661 131,
1633 577 1678 641 4
1741 598 1913 642 omne
1969 583 2286 662 pabulum,
2334 584 2600 658 primum
2666 583 2900 641 ocinum

613 687 1002 763 sarraqinem
1048 690 1285 762 viciam,
1332 691 1648 748 novissime
1686 686 1939 764 faenum
1984 691 2205 749 secari.

802 791 883 856 15
947 794 1040 854 Ne
1107 793 1585 855 uulnerentur
1643 812 1674 853 a
1729 793 1987 855 bestiis
2051 797 2516 874 imponuntur
2582 793 2691 854 bis
2757 794 2896 854 col-

621 902 800 962 loria
866 920 1041 981 quae
1108 909 1458 961 uocantur
1524 898 1811 961 melium
1877 901 1942 960 id
2010 910 2120 962 est
2194 902 2559 980 cingulum
2633 904 2897 962 circum

622 1008 880 1070 collum
930 1027 1008 1069 ex
1057 1009 1256 1068 corio
1303 1007 1516 1067 firmo
1565 1026 1720 1067 cum
1759 1007 2071 1068 clauulis
2118 1011 2456 1087 capitatis
2494 1027 2670 1089 quae
2717 1009 2900 1068 intra

621 1119 852 1196 capita
900 1117 1222 1177 insuitur
1267 1115 1487 1193 pellis
1535 1114 1800 1193 mollis]
1851 1116 2252 1192 Imponuntur
2297 1118 2391 1177 his
2437 1120 2714 1191 collaria,
2752 1134 2903 1192 quae

621 1230 919 1284 vocantur
982 1227 1221 1284 melium
1283 1221 1524 1283 Merula.
1616 1225 1877 1283 mellium
1935 1241 2018 1305 m,
2083 1226 2319 1283 melium
2384 1222 2598 1305 reliqui
2655 1223 2910 1298 codiceS,

620 1335 856 1392 mellum
902 1329 1230 1411 IucunduS,
1287 1333 1568 1391 maelium
1616 1329 1929 1391 Victorius,
2024 1329 2218 1390 millus
2276 1329 2481 1391 eadem
2537 1348 2634 1390 res
2691 1329 2907 1391 dicitur

622 1438 785 1498 Paul.
835 1457 960 1498 exc.
1007 1438 1163 1498 Fest.
1224 1456 1282 1516 p.
1326 1434 1469 1518 151,
1507 1434 1576 1517 4,
1646 1437 1851 1497 Millus
1915 1441 2146 1498 collare
2208 1455 2430 1497 canum
2493 1439 2907 1498 venaticorum

614 1544 853 1620 sactum
891 1564 973 1605 ex
1010 1548 1179 1606 corio
1220 1548 1648 1619 confixumque
1686 1548 1877 1605 clavis
1915 1544 2147 1620 ferreis
2183 1546 2578 1605 eminentibus
2616 1547 2908 1605 adversus

617 1656 897 1730 impetum
942 1657 1249 1729 luporum:
1296 1653 1502 1729 Scipio
1540 1655 1913 1712 Aemilianus
1951 1654 2038 1712 ad
2073 1655 2360 1729 populum
2398 1646 2643 1732 ‘vobis'‚
2696 1655 2902 1729 inquit,

621 1754 867 1834 ‘reique
922 1760 1211 1835 publicae
1269 1761 1587 1835 praesidio
1650 1762 1773 1819 erit
1835 1762 1885 1818 is
1959 1762 2139 1834 quasi
2198 1762 2395 1820 millus
2466 1754 2662 1820 cani'.
2757 1758 2907 1820 unde

620 1870 844 1927 millum
890 1865 1163 1944 probavit
1211 1865 1632 1927 SchneideruS.
1722 1865 1937 1926 deinde
1984 1868 2206 1941 quibus
2254 1870 2419 1926 intra
2465 1869 2732 1928 insuitur
2780 1885 2909 1927 con·

624 1975 764 2034 iecit
820 1973 1101 2056 UrsinuS,
1161 1977 1267 2034 cui
1324 1971 1494 2050 infra
1559 1977 1767 2050 capita
1824 1976 2091 2034 insuitur
2148 1972 2572 2035 SchneideruS.
2666 1972 2906 2034 canibus

624 2083 1014 2160 imponuntur
1060 2079 1296 2141 collaria
1344 2099 1415 2141 ex
1464 2082 1628 2142 corio
1676 2081 1846 2141 firmo
1894 2080 2046 2140 facta
2093 2089 2152 2140 et
2199 2079 2440 2141 clavulis
2488 2080 2705 2140 ferreis
2760 2082 2904 2158 capi-

622 2190 776 2267 tatiS‚
815 2191 915 2267 qui
963 2190 1022 2248 in
1074 2190 1368 2248 exteriore
1417 2197 1583 2267 parte
1633 2197 1928 2267 tamquam
1971 2187 2196 2248 stimuli
2233 2190 2515 2269 eminent,
2552 2186 2904 2247 confirmata.

620 2298 775 2356 intra
821 2297 1012 2374 capita
1069 2302 1266 2355 autem
1314 2295 1705 2375 clavulorum,
1753 2314 1902 2374 quae
1950 2296 2012 2355 in
2068 2296 2354 2355 interiore
2400 2304 2568 2372 parte
2616 2297 2748 2354 eius
2796 2296 2904 2354 cin·

626 2402 748 2481 guli
795 2412 960 2483 sunt,
1009 2420 1082 2462 ne
1130 2401 1353 2463 collum
1403 2406 1565 2463 canis
1623 2404 1783 2463 ferro
1839 2402 2131 2482 laedatur,
2178 2401 2347 2482 pellis
2395 2400 2586 2461 mollis
2638 2402 2907 2462 insuitur.

622 2509 833 2569 similia
875 2509 946 2569 de
986 2528 1053 2570 ea
1094 2529 1160 2570 re
1199 2519 1513 2589 praecepta
1554 2519 1693 2570 sunt
1729 2512 1790 2570 in
1831 2511 2175 2588 geoponicis
2204 2507 2338 2568 XIX
2372 2506 2426 2589 1,
2456 2506 2497 2569 2
2536 2503 2907 2588 φυλακτέον

625 2610 699 2677 δὲ
743 2609 898 2691 τοὺς
951 2621 1090 2678 τῶν
1144 2612 1485 2699 ποιμένων
1544 2610 1848 2698 φύλακας
1906 2610 2143 2697 κύνας,
2209 2608 2397 2697 ὠμὴν
2458 2608 2725 2696 βύρσαν
2783 2622 2911 2688 τοῖς

624 2718 974 2805 τραχήλοις
1030 2716 1251 2786 αὐτῶν
1299 2720 1699 2806 περιθέντας
1752 2719 1863 2786 καὶ
1908 2718 2031 2786 τὸν
2078 2716 2319 2805 λαιμὸν
2366 2717 2475 2784 καὶ
2521 2721 2750 2785 πᾶσαν
2794 2715 2910 2804 τὴν

626 2825 941 2912 φάρυγγα
997 2823 1567 2915 ἄσφαλιζομένους
1621 2827 1861 2912 κέντρα
1915 2852 1984 2892 τε
2040 2829 2282 2912 σιδηρᾶ
2340 2822 2451 2891 ἀπ’
2504 2822 2713 2911 αὐτῆς
2761 2821 2910 2892 ἄνα·

628 2930 1007 3019 στήσαντας.
1098 2932 1357 3002 τούτων
1412 2933 1542 3020 γάρ
1611 2960 1674 3001 τι
1736 2936 1871 3000 τῶν
1937 2942 2159 3018 μερῶν
2226 2935 2287 2999 εἰ
2339 2937 2591 3018 θνηρίον
2649 2930 2912 3016 ἅψαιτο,

624 3035 972 3126 ἀναιρήσει
1018 3037 1139 3108 τὸν
1181 3040 1373 3109 κύνα.
1466 3040 1583 3109 ἐὰν
1643 3041 1722 3108 δέ
1770 3067 1834 3108 τι
1882 3040 2110 3128 ἕτερον
2156 3039 2355 3128 μέρος
2402 3036 2607 3127 δάκῃ,
2655 3045 2914 3127 τραῦμα

624 3146 887 3231 ποιήσει
933 3143 1166 3231 μόνον.

806 3256 900 3320 16,
955 3258 1045 3318 De
1102 3278 1236 3338 quo
1303 3277 1597 3319 numero
1658 3258 1842 3319 alius
1898 3258 2113 3319 alium
2181 3257 2457 3318 modum
2524 3262 2917 3321 constituit

627 3366 807 3445 quod
857 3368 915 3425 si
964 3377 1133 3427 sunt
1171 3368 1508 3445 regiones
1549 3366 1668 3426 ubi
1707 3366 1983 3426 uestiae
2025 3367 2172 3426 sint
2208 3363 2498 3442 multae]
2540 3366 2658 3426 Ubi
2693 3369 2915 3428 bestiae

623 3479 765 3533 sunt
810 3491 884 3532 m.
977 3491 1228 3534 numero
1276 3472 1593 3533 delendum
1641 3491 1772 3533 esse
1820 3471 1958 3532 olim
2006 3472 2252 3553 conieci,
2304 3480 2369 3532 ut
2416 3474 2490 3533 de
2533 3491 2653 3548 quo
2703 3482 2910 3535 neutro

626 3598 843 3659 genere
905 3578 1134 3641 'dictum
1201 3588 1376 3641 esset.
1468 3580 1681 3642 deinde
1740 3579 1941 3658 verba,
1999 3597 2148 3658 quae
2214 3577 2286 3638 ab
2344 3579 2675 3640 editoribus
2740 3599 2911 3661 prava

627 3687 1006 3747 distinctione
1071 3696 1338 3766 separata
1403 3697 1599 3769 erant,
1655 3690 1715 3747 in
1780 3686 1940 3748 hunc
2005 3685 2244 3746 modum
2303 3687 2608 3766 coniunxi,
2665 3691 2743 3749 de
2801 3706 2912 3764 quo

627 3812 880 3855 numero
936 3798 1093 3855 alius
1149 3798 1336 3855 alium
1389 3798 1629 3856 modum
1685 3796 2019 3875 constituit,
2074 3796 2259 3868 quod,
2318 3796 2376 3853 si
2432 3801 2576 3853 sunt
2638 3798 2914 3870 reqiones

627 3903 736 3962 ubi
778 3904 1007 3962 bestiae
1050 3905 1174 3962 sint
1217 3906 1456 3976 multae,
1504 3904 1724 3963 debent
1767 3919 1896 3962 esse
1931 3903 2162 3977 plures.

806 4008 909 4069 lta
974 4011 1158 4069 enim
1224 4019 1391 4070 sunt
1456 4008 1927 4069 adsiduiores
1980 4006 2164 4086 quod
2232 4024 2385 4068 cum
2442 4006 2672 4067 altero
2733 4008 2906 4068 idem

629 4117 717 4176 fit
790 4116 1027 4176 acrior
1100 4123 1169 4176 et
1240 4117 1303 4176 si
1366 4116 1550 4177 alter
1615 4116 1847 4177 uidem
1915 4115 2089 4175 fiter
2155 4131 2366 4192 aeger
2430 4123 2541 4174 est
2607 4135 2691 4176 ne
2757 4119 2904 4176 sine

630 4241 801 4283 cane
848 4240 1019 4301 grex
1065 4222 1184 4301 sit]
1235 4224 1317 4284 Et
1358 4227 1416 4285 si
1459 4227 1617 4285 alter
1665 4226 2077 4284 indesinenter
2125 4239 2312 4296 aeqer
2358 4227 2447 4281 est
2492 4221 2649 4282 edita
2696 4222 2830 4283 inde
2875 4239 2905 4281 a

630 4330 898 4411 principe
945 4328 1202 4390 editione
1251 4332 1625 4409 exemplaria.
1716 4329 2017 4408 archetypi
2074 4329 2430 4407 scripturam
2475 4325 2770 4390 Victorius
2826 4330 2903 4388 in-

632 4438 846 4497 dicavit
893 4445 953 4496 et
1000 4435 1071 4495 de
1121 4438 1530 4499 emendatione
1585 4438 1884 4498 adnotavit
1938 4435 2108 4516 haec,
2156 4429 2256 4495 ‘ut
2301 4435 2440 4514 quid
2499 4435 2571 4495 de
2628 4435 2740 4495 hoc
2783 4435 2902 4494 loco

634 4546 881 4605 sentiam
940 4542 1123 4602 libere
1180 4543 1412 4626 loquar,
1469 4547 1740 4623 suspicor
1797 4551 1896 4603 aut
1954 4545 2279 4604 identidem
2339 4561 2447 4622 pro
2505 4545 2903 4603 indesinenter
