3178 5185
915 438 1172 493 RERVM
1211 438 1681 493 RVSTICARVM
1721 437 1850 493 LIB.
1891 438 1942 492 II
1973 437 2013 491 4
2483 436 2613 500 229

342 609 379 666 it
418 616 598 686 retro,
657 606 851 685 quaad
897 608 1168 683 pervenit
1213 606 1282 665 ad
1332 605 1570 666 lanium.
1665 606 1760 666 hic
1809 607 1968 665 enim
2016 605 2362 666 conciliator
2410 604 2614 665 suillae

340 714 515 772 carnis
561 712 739 773 datus
786 712 1021 792 populo,

497 819 610 879 Sus
659 838 873 898 graece
920 819 1139 880 dicitur
1183 806 1292 899 ὗς,
1348 820 1487 879 olim
1535 816 1667 892 θῦς
1713 820 1906 880 dictus
1953 819 2025 879 ab
2073 819 2170 879 illo
2219 818 2397 878 verbo
2446 818 2602 897 quod
2671 821 2707 878 9

337 927 524 988 dicunt
568 920 793 1007 θύειν,
841 928 995 1006 quod
1036 937 1128 988 est
1175 928 1476 989 inmolare.
1569 927 1641 987 ab
1682 926 1853 987 suillo
1893 929 2052 986 enim
2089 944 2305 1004 genere
2347 924 2610 1003 [pecore]

288 1033 642 1094 5inmolandi
688 1035 927 1094 initium
973 1038 1234 1113 primum
1282 1045 1584 1114 sumptum
1633 1035 1882 1114 videtur,
1930 1036 2102 1094 cuius
2143 1033 2404 1111 vestigia,
2453 1030 2610 1110 quod

334 1143 502 1201 initiis
547 1140 785 1202 Cereris
832 1144 999 1220 porci
1047 1142 1423 1223 inmolanlur,
1471 1151 1531 1202 et
1577 1141 1736 1220 quod
1783 1143 1970 1201 initiis
2008 1142 2190 1220 paciS‚
2229 1138 2435 1198 foedus
2474 1156 2609 1197 cum

333 1250 552 1328 seritur,
608 1267 833 1327 porcus
879 1251 1198 1330 occiditur,
1246 1257 1306 1309 et
1352 1250 1508 1329 quod
1558 1251 1901 1326 nuptiarum
1947 1249 2117 1307 initio
2165 1247 2394 1324 antiqui
2438 1261 2610 1322 reges

331 1374 390 1415 ac
442 1355 723 1416 sublimes
782 1358 894 1416 viri
947 1360 1007 1416 in
1054 1357 1293 1418 Etruria
1350 1359 1410 1416 in
1468 1358 1887 1417 coniunctione
1934 1354 2186 1433 nuptiali
2231 1371 2379 1413 nova
2426 1359 2609 1429 nupta

330 1470 383 1522 et
433 1481 616 1523 novus
675 1465 923 1524 maritus
979 1466 1239 1542 primum
1290 1482 1539 1543 porcum
1586 1462 1888 1523 inmolant.
1980 1463 2164 1540 prisci
2212 1478 2448 1539 quoque
2497 1457 2599 1518 La·
2624 1459 2706 1517 10

262 1581 304 1618 1⁰
330 1570 452 1651 tini,
507 1571 686 1630 etiam
745 1569 955 1631 Graeci
1020 1573 1082 1631 in
1138 1570 1301 1631 Italia
1372 1571 1527 1631 idem
1597 1571 1895 1630 factitasse
1965 1569 2255 1629 videntur.
2357 1584 2492 1626 nam
2550 1574 2609 1625 et

325 1686 548 1736 nostrae
597 1676 900 1757 muliereS‚
948 1679 1197 1737 maxime
1246 1680 1530 1757 nutriceS,
1577 1685 1849 1737 naturam
1898 1695 2012 1755 qua
2061 1677 2312 1735 feminae
2360 1681 2500 1734 sunt
2545 1674 2606 1732 in

325 1782 639 1861 virginibus
679 1783 977 1862 appellant
1014 1803 1280 1865 porcum,
1328 1793 1389 1845 et
1426 1801 1670 1864 graecae
1709 1783 1988 1863 choeron,
2036 1782 2437 1860 significantes
2475 1797 2606 1838 esse

323 1890 554 1968 dignum
621 1893 845 1969 insigni
909 1893 1267 1969 nuptiarum.
1369 1891 1610 1951 suillum
1676 1909 1861 1969 pecus
1927 1890 2207 1949 donatum
2268 1888 2340 1947 ab
2396 1894 2606 1946 natura

323 1996 520 2057 dicunt
559 1997 689 2073 [iis]
730 1997 800 2057 ad
842 1998 1218 2075 epulandum.
1311 2001 1509 2077 itaque
1549 2000 1624 2058 iis
1662 2000 1918 2058 animam
1956 1997 2150 2056 datam
2189 2013 2318 2054 esse
2356 1992 2606 2072 proinde

452 2246 518 2294 14
554 2240 748 2307 itaque
787 2237 856 2293 iis
893 2237 1140 2294 animam
1184 2240 1338 2295 Plin.
1377 2247 1432 2307 8,
1468 2245 1585 2297 207

451 2478 477 2523 1
527 2470 587 2524 id
634 2472 785 2526 retro
831 2471 1008 2524 VAB
1151 2473 1337 2540 quoad
1387 2472 1497 2526 VB
1544 2473 1694 2541 quod
1738 2473 1807 2526 ad
1847 2472 1902 2526 A
2046 2469 2121 2525 ad
2156 2468 2366 2525 ianium
2406 2461 2484 2522 B'

318 2559 470 2614 suille
510 2560 693 2616 carnis
736 2562 855 2616 Am
893 2560 979 2616 sui
1007 2561 1259 2616 ueearnis
1288 2562 1341 2615 Β
1371 2562 1564 2616 suiuae
1595 2561 1775 2616 carnis
1811 2566 1860 2616 et
1895 2561 1959 2615 in
1984 2560 2231 2630 maryine
2260 2558 2305 2612 c‘
2337 2557 2524 2632 suillle
2553 2558 2610 2614 P

315 2649 494 2705 suinae
533 2650 717 2704 carnis
753 2668 785 2705 v

446 2745 477 2792 3
535 2738 640 2792 Sus
694 2756 897 2808 graece
954 2737 1162 2794 dicitur
1205 2730 1273 2801 ὗς
1319 2739 1454 2794 olim
1499 2735 1683 2808 θύτης
1731 2739 1802 2793 ab
1849 2739 1949 2792 illo
1996 2738 2169 2792 uerbo
2219 2737 2401 2791 dictus
2450 2737 2603 2806 quod

311 2825 508 2881 dicitur
564 2830 742 2883 θυεῐν
788 2846 848 2897 v,
902 2830 1001 2884 ubi
1046 2834 1174 2883 ante
1217 2829 1288 2882 ab
1338 2829 1592 2883 additum
1637 2827 1819 2881 dictus
1866 2834 1924 2883 etc
1951 2833 2247 2881 correctum
2292 2825 2489 2894 θύειν,
2525 2829 2602 2881 in

310 2918 550 2985 marqine
615 2917 691 2972 ad
754 2908 820 2979 ὗς
875 2918 1213 2986 adscriptum
1270 2923 1345 2971 est
1401 2918 1447 2970 c'
1504 2935 1631 2985 aye,
1698 2918 1773 2970 ad
1827 2913 2009 2984 θύτης
2066 2921 2246 2970 autem
2301 2917 2496 2985 thysus
2552 2923 2602 2971 et

305 3011 581 3072 praeterea
640 3007 685 3060 c'
742 2998 809 3068 ὗς
857 3006 994 3061 olim
1039 3001 1156 3067 θύς
1204 3023 1311 3059 sus,
1360 3021 1491 3058 nam
1539 3001 1604 3058 τὸ
1653 3024 1690 3058 u
1736 3023 1836 3073 pro
1885 3005 2223 3073 aspiratione
2271 3006 2403 3074 poni
2450 3007 2640 3075 apud,

306 3094 563 3163 antiquos
633 3094 781 3150 solet
826 3096 891 3150 P.
989 3094 1116 3149 ‘Sus
1182 3094 1392 3149 Graece
1458 3095 1662 3148 dicitur
1725 3085 1825 3162 ὗς,
1892 3093 2025 3149 olim
2087 3094 2301 3162 thysu8.
2400 3094 2601 3149 Prisca

304 3184 428 3237 haec
485 3185 642 3239 lectio
670 3205 687 3237 .·
715 3185 778 3237 in-
835 3185 1048 3238 excusis
1107 3190 1233 3238 ante
1287 3180 1491 3252 θύτης’
1554 3184 1832 3238 Victorius
2047 3182 2252 3236 dicitur
2305 3202 2407 3253 uys
2463 3183 2598 3236 olim

303 3272 494 3341 thysus
543 3273 729 3328 dictus
768 3272 888 3327 AB
1033 3279 1066 3326 4
1107 3273 1282 3341 &yein
1327 3274 1408 3342 A,
1456 3274 1520 3328 in
1567 3274 1770 3327 lacuna
1816 3273 2092 3340 adscripto
2136 3274 2200 3325 in
2244 3273 2492 3341 marqine
2527 3279 2597 3341 gc

304 3377 398 3415 om:
435 3362 492 3415 Β
539 3379 696 3416 suern
733 3379 788 3416 m
1001 3361 1274 3416 inmolare
1312 3362 1369 3416 A
1412 3362 1650 3416 imolare
1700 3361 1751 3413 V
1790 3360 2081 3415 immolare
2124 3361 2178 3413 Β
2395 3378 2597 3430 genere

304 3467 499 3519 pecore
551 3450 737 3504 PAB
792 3462 928 3505 corr.
987 3467 1189 3520 genere
1244 3451 1461 3519 peeoris
1508 3450 1592 3504 Α2
1647 3466 1848 3519 genere
1903 3451 2144 3520 pectoris
2192 3467 2244 3503 m
2289 3468 2492 3520 pecore
2541 3454 2599 3504 et

302 3556 503 3607 genere
550 3557 583 3594 v
632 3537 852 3608 pecoris
900 3556 1101 3607 genere
1142 3542 1461 3606 IucunduS,
1508 3541 1608 3594 ubi
1653 3538 1867 3608 pecoris
1913 3540 2104 3593 delevit
2151 3539 2385 3593 Ursinus
2563 3545 2594 3592 5

300 3680 615 3736 inmolandi
659 3681 716 3735 A
762 3681 1092 3736 immolandi
1145 3683 1253 3735 VB
1400 3689 1431 3735 6
1488 3682 1691 3736 cereris
1738 3699 1830 3735 mv
1879 3641 2019 3736 cei‘is
2057 3683 2111 3735 A
2158 3682 2297 3735 ceris
2338 3681 2453 3734 PB

300 3770 662 3824 immolantur
711 3769 889 3824 VAB
1068 3769 1265 3824 foedus
1315 3771 1368 3824 V
1397 3771 1558 3825 fedus
1596 3773 1651 3824 A
1689 3770 1886 3825 faedus
1921 3771 1977 3824 Β
2161 3776 2190 3825 ’1
2238 3772 2435 3825 feritur
2483 3770 2593 3823 VB

300 3860 524 3929 ferr-itur
561 3860 616 3912 A
655 3857 885 3912 ferritur
919 3875 973 3911 m
1117 3859 1176 3911 et
1211 3859 1360 3925 quod
1399 3857 1746 3930 nuptiarum]
1778 3859 1900 3913 Mos
1929 3858 1989 3912 in
2015 3858 2229 3928 nuptiis
2257 3862 2321 3913 in
2346 3860 2595 3928 marqine

301 3949 594 4016 adscripsit
635 3948 691 4000 P
833 3953 864 4000 9
901 3947 1197 4002 immolant
1244 3947 1420 4002 VAB
1568 3954 1634 4002 10
1672 3947 1842 4002 etiam
1879 3949 2068 4017 graeci
2112 3948 2289 4002 VAB
2328 3948 2386 4002 et
2422 3947 2592 4001 etiarn

302 4036 486 4106 graeci
523 4055 578 4092 m
616 4037 914 4091 Iucundus
1061 4042 1123 4089 11
1164 4052 1275 4103 qua
1310 4053 1342 4089 v
1379 4043 1492 4103 qua
1527 4052 1664 4090 corr.
1704 4053 1817 4105 qua
1854 4036 1907 4090 A
1946 4055 2115 4106 quam
2160 4038 2337 4091 PBm
2478 4036 2592 4091 foe-

303 4125 480 4180 minae
521 4126 577 4179 V
722 4132 787 4178 12
826 4141 1051 4194 porcam
1084 4125 1378 4178 Iucundus
1524 4123 1620 4177 ‘Et
1647 4124 1892 4179 Graecae
1923 4116 2111 4194 χοῖρον
2144 4166 2155 4177 .
2187 4128 2287 4179 Ita
2313 4128 2616 4180 emendavi

304 4232 331 4268 e
378 4217 608 4270 uetustis
666 4215 824 4269 libris
851 4216 959 4268 :in
1015 4216 1225 4269 excusis
1282 4216 1425 4269 enim
1479 4222 1645 4270 antea
1703 4215 1924 4270 Graeci’
1996 4216 2270 4270 Victorius
2325 4217 2382 4269 et
2436 4217 2590 4285 greci

307 4304 576 4358 echoeron
605 4303 662 4357 A
701 4305 759 4357 et
797 4303 1021 4371 graecia
1058 4304 1333 4358 echoeron
1361 4304 1415 4356 Β
1454 4306 1511 4357 et
1539 4303 1737 4358 Graeci
1774 4310 1964 4373 χοῖρον
2001 4321 2032 4358 υ
2063 4305 2121 4357 et
2147 4301 2300 4375 greci
2329 4320 2364 4356 a
2393 4305 2587 4359 echoe-

306 4408 399 4446 ron
443 4395 507 4447 in
554 4393 806 4461 maryine
851 4393 1088 4447 correxit
1124 4393 1181 4446 P
1318 4393 1698 4462 significantes
1746 4408 1866 4445 esse
1914 4389 1973 4444 id
2010 4390 2229 4459 insigne
2265 4392 2587 4461 nuptiarum

316 4480 545 4535 Ursinus
659 4485 727 4532 13
765 4478 975 4549 insigni
1015 4481 1196 4536 PAB
1232 4479 1452 4549 insigne
1488 4499 1521 4536 v
1561 4550 1567 4555 ὑ
1633 4480 1703 4534 ab
1741 4484 1941 4534 natura
1968 4480 2023 4533 A
2064 4496 2097 4533 a
2133 4482 2332 4536 natura
2371 4481 2480 4535 VB

308 4573 369 4623 14
404 4568 604 4623 dicunt
641 4567 712 4623 iis
751 4569 823 4623 ad
858 4568 1034 4624 PAB
1072 4569 1263 4624 dicunt
1303 4572 1375 4624 ad
1411 4587 1442 4625 v
