3178 5185
938 427 1198 480 RERVM
1236 426 1718 481 RVSTICARVM
1756 428 1888 482 LIB.
1928 429 1951 480 I
1993 427 2029 482 2
2541 421 2624 485 21

513 579 596 642 22
663 584 964 657 Fiqilinas
1002 582 1115 641 hoc
1162 581 1291 642 loco
1338 584 1399 642 in
1448 581 1770 662 archetypo
1820 584 2109 661 scriptum
2149 584 2261 644 fuit
2308 592 2368 644 et
2413 574 2627 645 deinde

349 693 623 773 fiqilinae,
663 687 767 748 sed
800 697 1003 767 postea
1042 687 1082 765 ξ
1122 686 1210 750 24
1240 693 1493 765 fiqlinas
1531 698 1592 749 et
1630 688 1709 749 111
1748 686 1806 771 9,
1845 686 1885 749 3
1925 694 2162 766 fiqlina.
2237 689 2447 750 similia
2486 702 2627 751 sunt

354 795 497 873 haec,
537 796 596 855 in
635 795 856 874 quihus
896 796 1118 857 codicis
1159 799 1516 875 scripturam
1565 807 1808 857 secutus
1848 815 1997 876 sum,
2046 797 2069 855 1
2112 794 2211 877 16,
2250 795 2290 857 6
2339 808 2398 857 et
2441 796 2543 878 59,
2582 798 2623 861 3

349 905 712 977 iuyulandes,
750 902 776 960 l
806 901 887 964 67
939 907 1305 979 iuqlandem,
1344 904 1424 964 111
1462 900 1559 986 15,
1589 902 1632 964 2
1670 907 2006 979 iuqlandes‚
2044 901 2202 984 141,
2232 903 2271 966 6
2309 911 2622 982 nuculeus,

345 1008 414 1067 111
454 1007 507 1089 7,
551 1007 584 1069 1
635 1012 1071 1082 columinibus;
1126 1012 1292 1071 etin
1341 1013 1568 1090 graecis
1615 1010 1641 1070 Ι
1679 1007 1784 1094 55,
1822 1008 1865 1071 4
1907 1014 2342 1087 cuminasiwm
2390 1011 2441 1071 11
2479 1010 2542 1094 4,
2582 1011 2621 1074 6

345 1117 785 1191 Menaechimis,
835 1115 912 1175 111
952 1113 1048 1196 12,
1078 1114 1118 1177 2
1158 1120 1467 1180 tricilinio.
1529 1126 1734 1178 contra
1775 1117 1799 1177 l
1836 1114 1941 1194 40,
1979 1115 2022 1177 4
2065 1121 2319 1198 surclos,
2366 1117 2416 1177 11
2450 1117 2549 1198 11,
2579 1117 2621 1180 2

341 1227 545 1299 stapla,
592 1221 645 1281 11
683 1220 742 1305 9,
775 1220 857 1283 13
905 1226 1134 1297 vinclis,
1181 1222 1206 1282 1
1244 1220 1348 1305 48,
1384 1221 1414 1282 1
1467 1232 1528 1282 et
1572 1219 1679 1303 51,
1709 1220 1749 1283 2
1796 1226 2029 1284 soldum
2067 1229 2127 1284 et
2164 1242 2340 1303 saepe
2388 1229 2619 1286 caldus.

506 1325 591 1389 23
659 1329 1065 1406 Lapidicinae
1105 1348 1282 1390 manu
1323 1331 1531 1409 scripti
1569 1328 1704 1389 libri
1745 1338 1804 1389 et
1843 1339 2075 1390 veteres
2114 1330 2421 1412 editioneS,
2468 1336 2620 1408 lapi·

343 1438 573 1496 cidinae
621 1435 801 1495 editio
848 1435 1266 1515 Lugdunensis
1312 1455 1360 1496 a.
1412 1432 1581 1498 1549
1633 1446 1694 1497 et
1742 1436 1955 1515 deinde
2004 1436 2284 1516 reliquae.

505 1541 750 1621 Neque
797 1542 956 1603 ideo
1006 1562 1141 1603 non
1192 1546 1261 1602 in
1320 1562 1455 1622 quo
1512 1561 1681 1621 agro
1739 1543 2039 1603 idoneae
2097 1554 2405 1631 possunt
2460 1563 2618 1606 esse

340 1668 465 1708 non
512 1649 996 1728 exercendae]
1047 1652 1179 1711 Non
1220 1651 1551 1729 posteriore
1589 1650 1720 1710 loco
1760 1650 1900 1710 olim
1949 1668 1980 1709 a
2021 1649 2285 1711 Gesnero
2326 1652 2623 1714 inclusum

340 1758 583 1817 restitui.
660 1774 797 1816 nam
845 1759 1165 1836 repetitum
1212 1759 1272 1816 in
1321 1758 1589 1835 negativa
1640 1759 1931 1818 sententia
1978 1775 2098 1819 non
2148 1730 2383 1836 saepius
2430 1762 2490 1819 in
2529 1759 2622 1819 his

340 1863 498 1923 libris
521 1863 708 1924 Varro
739 1863 993 1945 admisit,
1024 1883 1139 1924 non
1169 1866 1532 1943 graecanice,
1557 1871 1624 1924 ut
1650 1863 1896 1943 putabat
1926 1863 2187 1943 Scaliger
2217 1874 2335 1925 not.
2376 1868 2437 1925 in
2459 1866 2620 1927 Varr.

339 1971 405 2030 de
440 1989 486 2031 ι’.
516 1990 563 2032 r.
604 1990 660 2051 p.
692 1969 822 2033 213
871 1964 927 2055 (1
959 1968 1060 2052 69,
1083 1967 1172 2052 3),
1212 1971 1315 2031 sed
1351 1971 1609 2050 vulgaris
1649 1973 1941 2031 sermonis
1979 1970 2411 2049 neglegentiam
2452 1992 2618 2034 secu-

343 2087 444 2138 tuS.
519 2086 683 2139 certa
732 2078 861 2138 eius
909 2081 1145 2157 generis
1193 2077 1459 2157 exempla
1508 2086 1651 2138 sunt
1696 2078 1860 2158 haec,
1907 2077 1931 2137 Ι
1976 2075 2075 2157 18,
2117 2075 2157 2138 3
2205 2097 2400 2153 neque
2446 2083 2621 2161 enim,

337 2189 389 2245 si
426 2190 624 2247 minus
669 2187 881 2246 CCXL
922 2190 1141 2261 iuyera
1181 2189 1384 2248 oliveti
1428 2189 1612 2260 colas,
1659 2202 1780 2245 non
1809 2188 2007 2261 possis
2046 2188 2244 2246 minus
2281 2204 2402 2247 uno
2441 2191 2617 2248 vilico

336 2296 577 2370 habere,
645 2289 750 2373 55,
789 2291 829 2354 3
876 2311 989 2355 nec
1045 2296 1200 2354 haec
1245 2311 1364 2354 non
1421 2295 1668 2353 minima
1717 2309 1935 2366 causa,
2003 2291 2054 2350 11
2093 2288 2153 2372 9,
2198 2290 2278 2353 10
2333 2313 2446 2357 nec
2493 2313 2614 2357 non

336 2405 413 2461 ita
451 2419 676 2478 panem
722 2403 1121 2461 hordeacium
1168 2403 1455 2474 dandum,
1502 2407 1572 2460 ut
1617 2416 1737 2460 non
1773 2402 1982 2475 potius
2020 2417 2154 2459 eum
2201 2403 2263 2460 in
2311 2404 2471 2462 lacte
2511 2404 2615 2463 des

335 2510 617 2581 intritum,
666 2506 744 2566 111
774 2504 835 2585 2,
871 2504 950 2567 16
990 2513 1205 2581 quotus
1233 2508 1486 2580 quisque
1518 2509 1676 2566 enim
1715 2512 1803 2567 est
1839 2524 2054 2587 annus,
2093 2524 2211 2581 quo
2250 2524 2367 2567 non
2407 2510 2615 2568 videas

334 2618 562 2691 epulum
611 2622 721 2675 aut
757 2616 1126 2690 triumphum
1173 2620 1284 2674 aut
1318 2616 1576 2688 colleqia
1616 2631 1735 2675 non
1774 2617 2029 2690 epulari.
2098 2623 2380 2693 corrupta
2419 2624 2617 2675 autem

337 2739 459 2781 esse
506 2729 654 2802 puto
704 2721 867 2801 haec,
906 2739 1055 2799 quae
1104 2722 1356 2800 correxi,
1403 2720 1429 2778 l
1466 2717 1527 2800 2,
1566 2717 1653 2781 20
1699 2739 1813 2781 nec
1860 2724 2080 2795 nullae,
2138 2719 2217 2779 111
2257 2718 2316 2800 2,
2362 2719 2441 2782 16
2497 2741 2617 2783 non

323 2832 430 2889 tibi
482 2832 784 2903 decoquet
838 2845 959 2888 non
1023 2830 1333 2902 ornithon,
1396 2827 1474 2887 ΙΙΙ
1522 2825 1620 2908 10,
1657 2824 1699 2888 2
1747 2846 1860 2888 nec
1907 2845 2025 2888 non
2074 2846 2267 2902 aeque
2319 2832 2394 2901 fit
2448 2847 2615 2889 man-

326 2943 573 2997 suetum.
669 2944 935 2995 ceterum
984 2935 1057 2994 de
1105 2936 1440 2995 coniunctis
1485 2933 1794 3014 particulis
1841 2952 1956 2994 nec
2011 2952 2157 3013 non,
2205 2952 2380 3012 quem
2437 2915 2616 2995 usum

324 3043 873 3121 frequentissimum
920 3059 1051 3101 esse
1108 3044 1170 3101 in
1228 3040 1321 3100 his
1376 3040 1545 3100 libris
1602 3048 1859 3120 constat,
1916 3039 2030 3099 hoc
2087 3040 2449 3100 monendum
2509 3052 2617 3122 est,

324 3151 395 3210 ita
443 3168 543 3209 eas
594 3147 889 3229 adhiberi,
936 3157 1003 3209 ut
1059 3166 1209 3227 quae
1268 3147 1566 3208 adduntur
1618 3149 1813 3207 minus
1860 3157 2135 3208 accurate
2184 3165 2320 3206 cum
2374 3165 2614 3225 praece-

323 3258 492 3318 dente
560 3257 969 3316 enuntiatione
1044 3254 1427 3335 copulentur,
1483 3253 1585 3314 sed
1645 3272 1811 3314 suam
1868 3255 1984 3313 vim
2040 3273 2148 3333 per
2214 3272 2277 3314 se
2344 3252 2614 3314 habeant.

322 3366 514 3442 itaque
567 3362 920 3442 plerumque
969 3362 1165 3422 addito
1215 3360 1398 3420 verbo
1454 3361 1547 3421 vel
1603 3363 1662 3420 in
1718 3361 1887 3421 initio
1946 3379 2127 3420 novae
2186 3363 2611 3421 enuntiationis

320 3480 643 3551 ponuntur,
689 3469 715 3527 Ι
751 3469 803 3550 1,
833 3467 890 3530 6.
947 3466 1008 3549 4,
1046 3467 1114 3548 2;
1152 3465 1212 3529 4.
1270 3466 1329 3548 6,
1359 3465 1418 3529 3.
1473 3465 1533 3547 8,
1563 3463 1623 3528 5.
1675 3464 1737 3545 9,
1775 3464 1834 3527 4.
1898 3464 1998 3547 13,
2035 3465 2094 3527 4.
2152 3465 2254 3547 20,
2293 3465 2351 3528 2.
2410 3464 2513 3548 35,
2551 3466 2611 3530 2.

319 3576 368 3637 11
412 3576 601 3657 praef.
641 3574 700 3636 4.
740 3573 799 3657 2,
829 3574 897 3656 6;
960 3573 1057 3636 14.
1106 3573 1167 3657 4,
1196 3573 1255 3636 3.
1309 3572 1408 3655 11,
1441 3572 1540 3635 11.
1591 3570 1757 3655 1115,
1788 3572 1846 3635 6.
1898 3571 1998 3655 16,
2029 3571 2097 3654 8;
2145 3570 2248 3654 25,
2288 3583 2346 3633 et
2384 3574 2611 3634 adiecto

324 3683 624 3763 vocabulo,
674 3702 790 3761 quo
840 3685 924 3742 vis
972 3691 1258 3759 augeatur
1297 3680 1321 3740 1
1365 3680 1419 3761 1,
1449 3679 1507 3742 6.
1563 3681 1617 3741 ΙΙ
1659 3678 1759 3761 10,
1788 3677 1845 3741 9.
1903 3679 1981 3738 ΙΙΙ
2021 3679 2079 3761 3,
2117 3677 2177 3740 4.
2231 3678 2329 3761 16,
2369 3677 2452 3740 26
2498 3699 2612 3741 nec

320 3810 433 3853 non
482 3794 696 3863 etiam,
761 3788 813 3848 Il
850 3785 912 3870 5,
950 3786 989 3849 9
1046 3807 1241 3862 neque
1287 3806 1406 3848 non
1447 3795 1808 3864 praeterea,
1874 3786 1925 3846 11
1968 3786 2068 3868 10,
2115 3786 2188 3847 ll
2239 3805 2354 3847 nec
2411 3795 2610 3847 tamen

321 3917 452 3959 non.
530 3897 729 3956 rarius
776 3914 893 3955 non
943 3894 1141 3955 addito
1189 3893 1370 3954 verbo
1419 3895 1736 3954 coniuncta
1785 3899 1925 3952 sunt
1971 3895 2226 3973 nomina,
2268 3892 2370 3951 sed
2417 3895 2496 3952 ita
2547 3901 2611 3952 ut

320 4004 524 4065 eadem
591 4005 680 4062 vis
746 4001 915 4062 facile
980 4009 1285 4080 appareat,
1333 3999 1358 4059 1
1404 3996 1501 4081 13,
1540 3997 1579 4060 6
1648 4017 1836 4060 orcae
1893 4003 1953 4058 in
2012 4000 2311 4075 Hispania
2362 3998 2611 4073 fervore

319 4116 497 4173 musti
539 4116 765 4187 ruptae
809 4127 1004 4183 neque
1050 4127 1168 4169 non
1217 4111 1391 4169 dolea
1440 4110 1502 4167 in
1550 4109 1754 4167 Italia.
1823 4104 1847 4164 l
1886 4101 1988 4185 39,
2026 4103 2067 4165 2
2115 4107 2371 4166 circiter
2416 4108 2607 4165 solsti-

320 4223 460 4280 tium
510 4220 707 4279 inseri
753 4220 907 4289 ficos
951 4234 1066 4276 nec
1112 4234 1230 4276 non
1280 4217 1657 4275 brumalibus
1714 4215 1924 4274 diebus
1979 4229 2241 4272 cerasos,
2314 4211 2386 4270 ’11
2431 4210 2485 4291 1,
2522 4211 2608 4272 22

319 4328 605 4386 laborant
633 4330 893 4401 propter
930 4328 1132 4383 aestus
1162 4328 1270 4381 aut
1290 4330 1549 4398 propter
1573 4320 1823 4396 friqora
1852 4337 1965 4379 nec
1993 4336 2113 4378 non
2144 4321 2324 4378 etiam
2353 4326 2608 4393 propter

321 4437 564 4494 nimium
612 4432 899 4492 laborem.
991 4426 1071 4487 111
1107 4426 1167 4508 2,
1212 4425 1293 4488 14
1340 4430 1467 4488 vidi
1506 4445 1729 4501 qreqes
1785 4443 2035 4499 maynos
2091 4441 2375 4484 anserum
2429 4426 2606 4497 calli-

322 4558 535 4600 narum
593 4537 1011 4598 columbarum
1067 4552 1295 4611 qruum
1345 4515 1651 4610 pavonum
1706 4551 1819 4593 nec
1874 4550 1994 4592 non
2047 4533 2297 4606 ylirium
2346 4533 2606 4607 piscium
