3178 5185
765 403 1024 458 RERVM
1059 405 1532 463 RVSTIOARVM
1570 409 1705 465 LIB.
1744 411 1794 464 II
1834 409 1987 465 5-6
2402 411 2528 476 241

422 566 567 628 Haec
633 568 750 630 ille.
853 581 914 631 at
977 571 1265 655 MurriUS,
1333 578 1459 655 qui,
1528 576 1669 639 dum
1735 579 2000 659 loquitur
2059 579 2335 661 vaccius,
2401 599 2538 641 cum
2575 580 2648 640 VI

273 672 498 734 Lucieno
551 676 831 758 redisset,
878 678 1022 759 Eg0,
1070 682 1281 760 inquit,
1338 683 1410 742 de
1458 687 1640 745 asinis
1689 689 2063 764 potissimum
2112 687 2322 768 dicam,
2372 688 2529 767 quod

277 799 384 840 sum
424 782 723 864 Reatinus,
782 771 885 843 ubi
941 788 1150 863 optimi
1207 797 1268 847 et
1325 791 1563 849 maximi
1621 792 1795 872 fiunt,
1855 812 1887 852 e
1945 812 2061 871 quo
2122 797 2372 855 seminio
2421 813 2530 873 ego

276 886 354 947 hic
401 892 689 967 procreavi
746 891 940 969 pullos
988 903 1046 954 et
1092 896 1239 973 ipsis
1287 896 1616 957 Arcadibus
1664 899 1902 959 vendidi
1948 900 2320 979 aliquotiens,
2414 890 2581 978 igi-2

235 1005 359 1056 stur
403 1000 688 1058 asinorum
740 1018 980 1079 gregem
1030 1004 1134 1081 qui
1180 1002 1375 1063 facere
1425 1004 1549 1066 vult
1596 1004 1846 1087 bonum,
1905 1010 2162 1086 primum
2210 1007 2530 1068 videndum

279 1112 331 1164 ut
373 1124 548 1165 mares
599 1107 968 1187 feminasque
1026 1108 1178 1170 bona
1239 1119 1429 1171 aetate
1493 1121 1716 1195 sumat,
1775 1115 2014 1193 utrique
2065 1122 2130 1175 ut
2180 1132 2351 1194 quam
2401 1114 2528 1175 diu-

279 1213 466 1272 tissime
509 1213 768 1275 fructum
816 1216 973 1275 ferre
1020 1219 1278 1295 possint:
1325 1220 1545 1300 firmos,
1595 1220 1871 1281 omnibus
1916 1221 2188 1300 partibus
2228 1221 2528 1301 honestOS,

278 1337 485 1397 corpore
530 1321 749 1403 amplo,
808 1325 1057 1384 seminio
1105 1325 1286 1406 bon0,
1335 1345 1407 1386 ex
1457 1327 1549 1387 his
1599 1327 1762 1408 lociS,
1810 1328 1966 1389 unde
2015 1330 2244 1407 optumi
2293 1336 2529 1408 exeunt,

274 1426 403 1503 quod
454 1428 695 1509 faciunt,
751 1429 1148 1509 Peloponnesi
1195 1452 1331 1494 cum
1380 1436 1757 1512 potissimum
1805 1454 1908 1495 eos
1956 1454 2028 1495 ex
2076 1435 2325 1495 Arcadia
2374 1455 2528 1495 eme-

216 1531 413 1614 10bant,
454 1537 512 1594 in
555 1535 719 1596 Italia
768 1556 839 1598 ex
887 1557 1027 1617 agro
1076 1539 1340 1601 Reatino.
1434 1560 1552 1602 non
1600 1544 1777 1624 enim,
1825 1545 1877 1602 si
1925 1560 2206 1603 murenae
2254 1552 2529 1621 optumae

145 1633 178 1718 ἰ
269 1639 420 1701 ssutae
473 1651 606 1703 sunt
662 1646 723 1704 in
775 1644 974 1705 Sicilia
1032 1654 1091 1707 et
1145 1647 1352 1727 helops
1409 1650 1477 1708 ad
1536 1648 1816 1731 Rhodon,
1874 1652 2158 1710 continuo
2215 1650 2278 1709 hi
2333 1652 2529 1728 pisces

269 1748 317 1806 ln
351 1751 493 1808 omni
527 1752 675 1810 mari
715 1751 938 1812 similes
976 1762 1320 1814 nascuntur.
1395 1756 1609 1816 horum
1647 1774 1862 1835 genera
1902 1757 2046 1818 duo:
2087 1775 2272 1817 unum
2309 1749 2579 1838 ferum,3

269 1872 394 1932 quos
452 1865 656 1917 vocant
721 1877 1002 1939 onagroe,
1067 1868 1135 1920 ut
1196 1864 1258 1920 in
1314 1861 1567 1942 Phrygia
1635 1871 1695 1923 et
1753 1863 2043 1942 Lycaonia
2112 1872 2251 1924 sunt
2316 1882 2527 1943 greges

268 1962 433 2043 multi3
483 1964 732 2025 alterum
779 1976 1172 2048 mansuetum,
1220 1977 1287 2029 ut
1335 1978 1475 2030 sunt
1520 1972 1583 2030 in
1630 1970 1793 2030 Italia
1842 1989 2061 2032 omnes
2157 1970 2226 2030 ad
2276 1973 2527 2030 semina-

215 2076 250 2115 15
271 2070 457 2130 tionem
510 2090 767 2150 onagrus
823 2074 1100 2153 idoneuS‚
1161 2076 1318 2155 quod
1380 2086 1440 2136 et
1487 2096 1520 2136 e
1567 2078 1693 2137 sero
1742 2079 1807 2138 fit
1855 2085 2201 2138 mansuetus
2249 2077 2419 2137 facile
2467 2088 2527 2139 et

270 2194 294 2233 e
336 2186 629 2238 mansueto
686 2181 850 2241 ferus
905 2201 1244 2262 numquam.
1339 2184 1494 2262 quod
1553 2184 1777 2244 similes
1831 2192 2149 2263 parentum
2206 2193 2524 2265 genuntur,

271 2281 486 2361 eligendi
546 2293 607 2345 et
662 2307 788 2348 mas
845 2300 906 2349 et
960 2291 1174 2351 femina
1232 2310 1369 2350 cum
1425 2292 1711 2369 dignitate
1769 2299 1836 2352 ut
1893 2293 1987 2351 sit.
2089 2293 2149 2349 in
2205 2291 2523 2352 mercando

270 2391 380 2449 item
438 2401 505 2452 ut
560 2402 793 2456 ceterae
850 2397 1111 2475 pecudes
1168 2398 1568 2477 emptionibus
1626 2407 1684 2459 et
1743 2397 2161 2459 traditionibus
2218 2398 2521 2459 dominum

382 2633 439 2681 12
478 2647 650 2683 unum
689 2631 871 2685 ferum
909 2631 993 2685 II
1023 2638 1084 2701 1,
1123 2638 1159 2689 5

382 2859 405 2905 1
460 2854 541 2926 at]
602 2856 716 2921 Aut
770 2856 842 2911 A.
918 2856 1000 2910 De
1055 2854 1226 2910 asinis
1281 2857 1344 2910 in
1398 2856 1647 2925 maryine
1701 2856 1928 2910 rubrica
1973 2854 2028 2907 A
2173 2854 2410 2908 murrius
2467 2855 2523 2907 B

282 2938 516 2999 Victorius
560 2943 774 2998 Murius
835 2944 946 2998 VA
1090 2951 1120 2997 2
1170 2945 1412 2999 redisset
1455 2962 1510 2999 m
1555 2943 1897 3012 reddidisset
1937 2945 1992 2998 A
2036 2943 2372 2999 reddidisset
2410 2944 2522 2997 PB

273 3029 483 3087 rediisset
519 3051 552 3088 v
731 3033 918 3102 inquit
961 3033 1070 3087 VB
1118 3033 1316 3102 inquid
1352 3035 1407 3087 A
1587 3034 2041 3105 potentissimum
2079 3034 2134 3087 A
2312 3040 2347 3087 4
2392 3050 2521 3103 pro-

276 3122 418 3176 creaui
473 3122 651 3177 VAB
698 3124 993 3193 procuraui
1041 3123 1123 3177 ΑΒ
1288 3123 1626 3178 archadibus
1672 3124 1728 3178 B
1885 3123 2223 3192 aliquotient
2268 3139 2404 3177 corr.
2453 3153 2521 3162 —

277 3221 348 3261 ens
375 3211 419 3262 A
560 3218 592 3266 5
645 3212 742 3280 qui
785 3213 971 3267 facere
1008 3213 1167 3267 Bmv
1207 3213 1302 3281 qui
1331 3256 1344 3268 .
1373 3214 1557 3268 facere
1595 3231 1714 3268 una
1750 3215 1934 3268 littera
1962 3217 2090 3282 post
2126 3211 2222 3282 qui
2258 3213 2431 3267 deleta
2467 3212 2522 3265 A

277 3295 379 3362 quin
414 3301 592 3357 facere
635 3301 691 3354 P
853 3308 884 3356 6
931 3303 1315 3373 foeminasque
1361 3303 1415 3356 V
1561 3302 1783 3371 utrique
1825 3302 1940 3355 PB
1985 3306 2050 3356 nt
2078 3345 2089 3356 .
2121 3318 2227 3370 que
2272 3319 2416 3367 una,
2461 3307 2523 3355 ut

277 3385 457 3457 videtum,
494 3393 680 3446 littera
707 3399 837 3461 post
868 3394 931 3446 ut
957 3395 1132 3449 deleta
1159 3394 1214 3447 A
1241 3393 1438 3462 utique
1466 3412 1498 3448 v
1610 3399 1639 3446 7
1678 3393 1897 3462 possint
1915 3391 2099 3446 A²mv
2128 3390 2308 3461 possit
2337 3391 2521 3445 PAR

416 3485 442 3532 8
489 3479 709 3550 optumi
744 3480 859 3534 PA
906 3486 954 3535 et
999 3482 1063 3535 in
1098 3483 1344 3553 maryine
1381 3483 1436 3535 B
1474 3481 1674 3550 optimi
1710 3499 1743 3540 v
1924 3489 1955 3536 9
2004 3481 2370 3552 peloponnesi
2414 3480 2526 3534 VB

280 3564 631 3635 peloponnensi
668 3570 723 3623 A
761 3586 899 3624 corr.
940 3601 1008 3610 -—
1047 3587 1208 3624 enses
1246 3570 1327 3623 A²
1366 3570 1734 3640 peloponeses
1772 3589 1844 3626 m.
1888 3570 2074 3636 ‘Quod
2113 3569 2328 3625 faciunt
2364 3570 2524 3623 Pelo-

283 3659 485 3718 ponnesii
513 3701 527 3714 .
557 3660 742 3714 Antea
783 3659 1240 3728 Peloponnensesx,
1292 3676 1360 3714 ex
1396 3661 1616 3728 optimis
1652 3661 2053 3729 exemplaribus
2089 3661 2171 3713 ita
2209 3658 2519 3712 emendaui’

292 3738 515 3803 Victorius
665 3745 1093 3816 copotissimum
1128 3748 1184 3800 A
1333 3764 1400 3802 ex
1453 3747 1681 3802 arcadia
1718 3747 1980 3802 emebant
2028 3746 2167 3801 VA2
2206 3763 2273 3800 ex
2310 3746 2524 3799 arcadi-

285 3832 490 3890 emebant
509 3836 632 3890 AB
663 3852 728 3889 ex
747 3835 991 3890 Arcadia
1018 3839 1208 3890 emant
1232 3835 1504 3891 Gesnerus
1589 3842 1656 3891 10
1685 3837 1961 3892 rereatino
1981 3836 2036 3889 A
2130 3836 2377 3904 optimae
2411 3835 2523 3889 VA

287 3933 481 4022 optimae
514 3962 570 4016 B
686 3968 747 4015 11
786 3960 957 4017 flutae
992 3978 1024 4017 v
1063 3963 1249 4016 elutae
1281 3961 1466 4014 PAB
1575 3963 1636 4016 et
1667 3960 1867 4031 helops
1906 3960 2017 4014 VB
2052 3958 2112 4013 id
2149 3959 2347 4026 helops
2385 3974 2521 4012 corr.

287 4042 330 4093 et
355 4042 516 4119 helops
555 4050 611 4103 A
757 4051 830 4104 ad
866 4049 1083 4105 rhodon
1111 4049 1168 4104 P
1195 4049 1270 4105 ad
1305 4049 1484 4102 rhodo
1514 4049 1637 4103 AB
1672 4049 1734 4102 in
1768 4048 1947 4104 rhodo
1984 4066 2017 4104 v
2160 4047 2245 4119 hi]
2285 4047 2345 4101 in
2382 4063 2519 4102 corr.

286 4127 331 4182 hi
357 4134 401 4185 A
523 4147 588 4195 13
627 4141 691 4194 ut
718 4145 848 4207 post
887 4156 1124 4208 onagros
1161 4157 1262 4195 om.
1314 4140 1493 4193 VAB
1637 4138 1875 4208 phrygia
1923 4137 1976 4191 V
2007 4136 2234 4207 phrigia
2261 4138 2381 4190 AB

289 4251 490 4321 lycaonia
527 4266 580 4320 V
618 4230 843 4321 licaonia
879 4266 934 4319 A
981 4265 1219 4335 lycaona
1256 4266 1312 4318 B
1458 4268 1524 4318 15
1578 4263 1728 4332 quod
1774 4264 1831 4317 et
1878 4280 1907 4317 e
1954 4262 2072 4316 fero
2111 4262 2167 4315 P
2206 4261 2356 4328 quod
2399 4264 2457 4315 et
2493 4277 2523 4315 e

291 4340 400 4410 ffll'ro
430 4352 477 4406 A
508 4357 651 4425 quod
688 4374 719 4411 e
757 4357 903 4411 ferro
940 4374 994 4410 m
1031 4355 1180 4424 quod
1219 4371 1248 4408 e
1286 4354 1405 4408 fero
1451 4352 1548 4408 Bv
1684 4352 1850 4406 facile
1910 4351 2020 4404 VB
2056 4350 2238 4404 facere
2276 4348 2334 4403 A
2458 4355 2523 4402 16

295 4429 405 4492 ferus
426 4457 691 4515 nunquam
723 4446 837 4500 VB
864 4446 1044 4501 ferum
1071 4460 1378 4512 numquam
1399 4442 1517 4497 Am
1629 4448 1694 4495 17
1722 4440 1967 4496 foemina
1999 4439 2050 4492 V
2153 4441 2217 4493 ut
2244 4439 2317 4492 sit
2347 4438 2525 4492 VAB

294 4524 343 4577 ut
369 4528 457 4585 sint
485 4534 766 4592 Iucwndus
912 4542 977 4589 18
1017 4537 1271 4589 caeterae
1320 4531 1373 4585 V
2069 4616 2100 4650 ae

1993 4623 2059 4672 16
