3178 5185
864 385 1124 464 RERVM
1161 408 1642 464 RVSTICARVM
1678 410 1814 466 ΗΒ.
1855 409 1910 464 11
1951 407 1987 465 5
2449 402 2577 466 173

307 567 459 626 rexit.
530 568 882 627 nominatur
928 583 1000 625 ex
1046 559 1279 626 ‘vetere
1329 560 1563 626 codice'
1612 563 1882 626 Ursinus.
1959 564 2030 625 de
2083 573 2248 626 taura
2295 563 2576 625 Varronis

307 673 626 733 testimonio
667 691 821 733 usus·
861 680 988 733 erat
1022 671 1286 753 VerriuS,
1323 672 1478 734 Fest.
1516 692 1573 753 p.
1602 668 1751 753 352,
1785 667 1868 733 15
1923 670 2084 733 Paul.
2126 690 2251 732 exc.
2287 691 2345 751 p.
2369 668 2570 752 353,1

311 779 532 841 Tauras
570 798 796 842 vaccas
839 783 1075 842 steriles
1123 783 1253 841 diei
1296 783 1686 842 existimatur
1720 782 1841 841 hac
1888 782 1965 840 de
2008 797 2218 857 causa,
2257 782 2423 855 quod
2457 797 2576 841 non

303 890 479 962 maqis
535 891 820 965 pariant,
885 905 1065 963 qaam
1133 891 1318 948 tauri.
1408 889 1552 948 item
1617 886 1689 947 de
1756 885 1943 946 horda
2006 884 2168 946 Paul.
2235 903 2359 946 exc.
2418 884 2574 946 Fest.

185 1061 196 1077 ⁰
302 1012 352 1072 p.
392 991 530 1075 102,
573 991 655 1056 15
703 995 919 1056 Horda
968 1012 1353 1071 praeananS,
1410 997 1574 1055 ande
1620 997 1773 1075 diesi,
1819 1011 1936 1069 quo
1987 996 2290 1069 qravidae
2343 995 2577 1054 hostiae

303 1103 782 1177 immolabantur,
837 1104 1215 1177 hordieidia,
1272 1100 1374 1162 ubi
1430 1100 1751 1162 Muellerus
1812 1103 2162 1162 hordieidia
2226 1100 2380 1179 apud
2436 1098 2574 1159 Var-

302 1226 491 1268 ronem
540 1208 925 1270 scribendum
972 1226 1107 1269 esse
1165 1208 1477 1269 adnotavit.
1570 1206 1879 1269 sordicidia
1939 1207 2144 1268 eadem
2200 1207 2346 1267 dixit
2391 1205 2573 1267 Varro

302 1314 365 1374 de
408 1314 541 1395 ling.
589 1316 688 1377 lat.
735 1315 809 1375 VI
852 1312 935 1376 15
994 1314 1336 1391 fordieidia
1394 1334 1433 1376 a
1482 1315 1686 1392 sordis
1741 1317 1962 1376 bubus:
2023 1317 2127 1376 bos
2174 1314 2365 1391 forda
2419 1333 2578 1390 quae
2651 1310 2655 1314 ’

293 1421 410 1496 fert
464 1426 526 1483 in
581 1431 810 1484 ventre.
902 1425 1067 1498 quod
1127 1440 1195 1484 eo
1261 1425 1362 1485 die
1415 1425 1665 1500 publice
1720 1425 2107 1483 immolantur
2161 1423 2335 1483 boves
2393 1440 2575 1498 prae-

295 1536 538 1604 quantes
585 1533 653 1591 in
700 1532 892 1592 curiis
943 1533 1290 1607 compluriS,
1326 1549 1366 1590 a
1406 1529 1611 1606 sordis
1648 1532 1979 1592 caedendis
2012 1527 2354 1604 sordicidia
2392 1531 2575 1590 dieta.

298 1636 480 1714 itaque
530 1638 749 1715 scripsi
796 1639 872 1697 ab
911 1654 980 1698 eo
1022 1640 1084 1697 in
1116 1635 1300 1712 fastis
1339 1639 1467 1698 dies
1503 1639 1857 1698 hordicidia
1903 1639 2271 1697 nominatur.
2344 1644 2577 1715 poterat

298 1743 457 1802 etiam
502 1745 724 1803 omisso
773 1745 901 1804 dies
949 1741 1130 1803 scribi
1186 1745 1264 1804 ab
1311 1761 1380 1805 eo
1428 1747 1490 1804 in
1531 1742 1715 1819 fastis
1765 1745 2117 1805 hordicidia
2164 1746 2574 1805 nominantur.

458 1847 493 1909 7
570 1849 825 1910 Potius
890 1848 969 1909 ad
1037 1851 1320 1911 fructos
1379 1850 1720 1911 ferendos
1776 1851 2102 1929 integrae
2172 1869 2378 1929 quam
2444 1853 2578 1911 iam

304 1954 625 2035 exparte]
673 1957 990 2033 Empertae
1045 1956 1203 2017 edita
1250 1966 1384 2018 ante
1433 1956 1766 2018 Gesnerum
1815 1955 2186 2037 exemplaria.
2279 1966 2578 2034 expartae

300 2060 543 2142 Scaliger
591 2063 893 2143 adscripta
939 2063 1149 2145 glossa,
1189 2082 1365 2143 quam
1413 2072 1618 2144 postea
1655 2063 1975 2126 Vulcanius
2013 2067 2077 2124 in
2115 2064 2327 2144 glossis
2365 2063 2577 2125 Isidori

297 2169 491 2251 edidit,
546 2164 817 2231 ‘veteres
874 2169 1131 2252 glossae,
1189 2190 1334 2250 quas
1396 2189 1580 2251 penes
1641 2190 1734 2232 me
1799 2170 2016 2252 habeo,
2071 2177 2337 2248 exparta
2385 2178 2576 2248 partu

296 2273 531 2340 vacua'.
611 2277 816 2339 eadem
863 2280 924 2338 in
971 2277 1183 2357 glossis
1231 2276 1524 2340 Vaticanis
1572 2277 1816 2358 glossar.
1865 2278 2025 2339 latin.
2074 2277 2230 2340 v.1v
2267 2296 2322 2358 p.
2355 2275 2458 2360 68,
2491 2273 2577 2339 34

299 2382 581 2464 leguntur.
679 2391 980 2462 expartae
1030 2383 1329 2446 Gesnerus
1376 2384 1554 2472 dedit.

458 2491 543 2553 Ut
610 2494 760 2553 sint
818 2491 998 2553 bene
1064 2494 1505 2573 compositae
1571 2501 1647 2554 ut
1710 2494 2024 2572 integris
2082 2491 2446 2571 membris]
2506 2494 2578 2555 Ut

294 2601 404 2660 sint
447 2601 599 2662 bene
647 2603 988 2678 compositis
1034 2607 1093 2662 et
1146 2603 1402 2676 inteqris
1456 2603 1739 2663 membris
1784 2600 2055 2662 Ursinus,
2147 2608 2216 2662 ut
2258 2604 2381 2662 sint
2429 2603 2578 2662 bene

296 2715 638 2784 compactae
684 2706 823 2768 olim
870 2709 1100 2768 conieci
1138 2706 1519 2769 Columellam
1568 2717 1828 2789 secutuS,
1869 2710 1972 2787 qui
2019 2718 2358 2787 compactos
2396 2708 2577 2769 boves

298 2811 429 2875 dicit
464 2814 538 2874 VI
581 2813 638 2895 1,
676 2812 719 2875 2
765 2815 1028 2875 Etruria
1074 2822 1135 2875 et
1178 2815 1421 2876 Latium
1468 2822 1827 2892 compactOS,
1872 2818 1984 2877 sed
2027 2818 2113 2876 ad
2156 2833 2344 2893 opera
2375 2815 2577 2892 fortis

296 2921 389 2981 sed
434 2921 587 2982 hene
639 2923 1000 3001 compositae
1046 2939 1257 2983 vaccae
1304 2921 1584 2984 dicuntur
1625 2941 1775 3002 quae
1823 2931 1956 3002 apta
2004 2921 2372 2983 memborum
2410 2923 2576 2983 iunc-

297 3034 417 3089 tura
463 3026 821 3108 conspicuae
870 3036 1027 3090 sunt.
1101 3028 1215 3090 hoc
1254 3032 1411 3090 enim
1453 3032 1513 3090 in
1552 3031 1736 3090 asinis
1772 3029 2057 3090 laudatur.
2082 3027 2138 3088 II
2174 3024 2233 3110 5,
2262 3026 2305 3089 2
2345 3032 2576 3104 firmOS,

296 3138 556 3197 omnibus
605 3138 893 3214 partibus
948 3138 1226 3197 honestos
1289 3144 1349 3196 et
1412 3137 1475 3196 in
1541 3138 1711 3215 equis
1772 3134 1826 3195 11
1867 3133 1921 3217 7,
1959 3132 2003 3196 4
2043 3134 2342 3211 formosos
2406 3140 2576 3197 nulla

290 3250 459 3317 parte
520 3246 802 3320 corporis
861 3246 1023 3303 inter
1074 3261 1141 3303 se
1204 3259 1324 3303 non
1379 3246 1790 3317 conqruentis.
1881 3241 2040 3302 idem
2096 3240 2444 3303 vocabulum
2502 3242 2605 3322 de„

295 3365 437 3426 ‘equo
483 3348 704 3428 legitur
749 3351 809 3409 in
858 3348 1174 3410 rhetoricis
1221 3349 1291 3410 ad
1332 3349 1699 3411 Herennium
1747 3347 1821 3408 IV
1858 3346 1964 3430 46,
2002 3345 2086 3411 59
2145 3367 2340 3425 neque
2387 3368 2576 3426 equas

297 3456 635 3537 indomitae,
681 3460 954 3531 quamvis
1010 3460 1160 3519 bene
1216 3463 1445 3518 natura
1502 3460 1860 3534 compositus
1916 3454 2021 3539 sit,
2078 3460 2330 3519 idoneus
2379 3464 2578 3534 potest

298 3579 414 3623 esse
448 3566 535 3624 ad
569 3582 675 3625 eas
713 3567 1020 3640 utilitateS,
1050 3582 1209 3640 quae
1245 3567 1681 3626 desiderantur
1717 3565 1795 3625 ab
1835 3582 2003 3639 equo.
2054 3572 2320 3624 ceterum
2353 3564 2573 3625 formae

297 3666 462 3729 boum
510 3669 785 3732 similiter
832 3670 1165 3751 descriptae
1223 3680 1362 3732 sunt
1418 3673 1480 3732 in
1526 3672 1868 3750 geoponicis
1926 3679 1987 3731 et
2030 3669 2275 3749 Magone
2332 3678 2573 3731 auctore

298 3775 438 3854 apud
505 3776 915 3839 Columellam:
982 3796 1150 3859 geop.
1187 3776 1344 3838 XVII
1381 3775 1423 3839 2
1489 3769 1806 3858 δαμάλεις
1868 3769 2206 3838 ἐκλεκτέον
2268 3768 2577 3857 εὐπαγεῖς
2692 3824 2699 3828 .

295 3889 421 3955 τοῖς
456 3876 740 3964 σώμασι,
776 3878 1160 3968 περιμήκεις
1195 3875 1581 3966 εὐμεγέθεις
1619 3874 1985 3964 εὐκέρωτας
2018 3876 2578 3963 πλατυμετῶπους

300 3982 918 4072 μελανοφθάλμους,
963 3984 1268 4073 γνάθους
1324 3986 1855 4072 συνεσταλμένας
1909 3983 2215 4072 ἐχούσας,
2263 3986 2577 4072 ἐνσίμους

299 4086 377 4175 μὴ
420 4090 690 4179 κυρτοὲς,
739 4088 1235 4179 ἆνεπτυγμένας
1278 4091 1395 4173 τὰς
1440 4094 1631 4181 ῥῖνας
1676 4090 1975 4180 ἐχούσας,
2023 4089 2270 4179 αὐχένα
2317 4091 2576 4180 μακρὸν

298 4196 397 4264 καὶ
430 4198 673 4286 παχύν,
713 4197 1129 4289 εὐστέρνους,
1167 4206 1348 4288 χείλη
1389 4205 1821 4287 μελανίζοντα
1859 4197 2160 4286 ἐχούσας,
2199 4202 2575 4285 βαθυπλεύ-

299 4327 447 4387 ρους
510 4306 1011 4392 πλατυνώτους,
1068 4303 1435 4394 ὀφθαλμὸν
1479 4305 1779 4393 ἐχούσας
1845 4307 2084 4393 μέγαν,
2144 4303 2354 4394 οὐρὰν
2418 4330 2573 4393 προ-

301 4408 462 4497 μήκη
510 4412 867 4494 ψαύουσαν
913 4423 1050 4481 τῶν
1096 4417 1399 4500 πτερνῶν
1444 4413 1833 4501 πολύτριχα,
1879 4418 2240 4501 βραχίονας
2289 4417 2575 4502 βραχεῖς,

300 4518 484 4605 σκέλη
535 4518 713 4609 ὀρθὰ
763 4520 993 4611 στερεὰ
1038 4519 1372 4610 παχύτερα
1419 4524 1676 4608 μᾶλλον
1723 4516 1765 4608 ἢ
1814 4518 2207 4609 μακρότερα,
2244 4523 2335 4608 μὴ
2373 4546 2576 4610 παρα-
