3178 5185
811 410 1068 464 RERVM
1107 408 1580 464 RVSTICARVM
1620 410 1755 463 LIB.
1795 411 1815 461 Ι
1861 407 2026 462 1-2
2518 400 2557 463 9

325 573 614 641 sequuntur
657 569 855 626 altera
904 569 1007 626 illa
1054 568 1198 639 duo,
1256 564 1280 624 Ι
1319 562 1421 646 39,
1451 563 1491 626 3
1550 568 1625 627 de
1679 569 1932 640 sinyulis
1992 566 2173 625 rebus
2220 567 2562 638 videndum,

326 692 452 748 quae
499 692 724 749 quoque
779 681 1043 749 tempore
1097 677 1345 747 locoque
1393 671 1625 748 facias,
1690 671 1742 731 11
1784 669 1848 752 7,
1889 669 1929 732 6
1985 675 2206 733 eisdem
2260 673 2442 732 rebus
2497 675 2559 731 in

326 784 573 857 emptione
634 784 937 841 dominum
991 787 1249 854 mutant,
1315 789 1381 840 ut
1437 784 1499 840 in
1558 781 1782 841 Manili
1835 781 2175 841 actionibus
2229 787 2369 839 sunt
2417 798 2556 856 per-

323 891 527 964 scripta.

466 1001 513 1053 Π
555 993 584 1055 1
651 997 955 1056 Aeditimo.
997 1003 1054 1054 et
1102 994 1313 1055 deinde
1364 998 1639 1056 aeditimi
1683 993 1817 1054 olim
1869 995 2099 1075 scripsi,
2148 1002 2213 1053 ut
2259 992 2560 1072 archetypi

323 1103 575 1180 scriptura
634 1111 1202 1182 repraesentaretur.
1277 1105 1580 1164 aeditumo
1638 1111 1696 1162 et
1753 1104 2046 1163 aeditumi
2093 1120 2237 1162 usus
2284 1099 2562 1159 Varronis

323 1208 625 1289 postulabat,
671 1210 696 1270 1
738 1207 798 1292 2,
835 1208 913 1270 12
960 1213 1122 1271 venit
1159 1213 1514 1284 aeditumus,
1554 1206 1657 1290 69,
1688 1190 2018 1270 2⁴libertus
2056 1211 2362 1282 aeditumi,
2406 1206 2558 1286 apud

321 1316 529 1377 Gellium
585 1316 715 1398 XII,
760 1313 841 1379 10
899 1317 981 1378 Μ.
1044 1319 1240 1378 Varro
1302 1321 1365 1378 in
1421 1320 1577 1379 libro
1632 1321 1898 1380 secundo
1945 1320 2030 1377 ad
2072 1318 2435 1376 Marcellum
2491 1317 2566 1376 de

320 1428 474 1484 latino
515 1443 786 1486 sermone
823 1428 1192 1486 aeditumum
1232 1428 1360 1486 dici
1395 1434 1676 1502 oportere
1714 1433 1917 1487 censet
1953 1428 2145 1500 maqis
2182 1440 2362 1498 quam
2401 1424 2563 1482 aedi-

320 1542 469 1606 tuum,
505 1532 570 1591 de
601 1532 736 1611 ling.
769 1532 864 1592 lat.
897 1531 996 1592 v11
1032 1531 1111 1592 12
1149 1537 1314 1593 tueri
1335 1566 1411 1575 —
1437 1551 1476 1593 a
1506 1551 1624 1608 quo
1659 1536 1839 1594 etiam
1876 1535 2122 1607 quidam
2153 1534 2364 1591 dicunt
2399 1531 2563 1590 aedi-

317 1646 470 1713 tuum,
512 1658 624 1700 non
672 1642 1055 1712 aeditomum,
1103 1638 1230 1699 VIII
1269 1637 1372 1721 61,
1414 1639 1511 1701 ubi
1552 1643 1891 1726 aeditumus
1933 1641 1990 1699 in
2033 1638 2236 1698 lacuna
2278 1639 2565 1716 scriptum

318 1747 433 1825 fuit,
483 1756 536 1807 et
584 1745 631 1805 V
670 1744 757 1809 50
814 1756 874 1807 et
931 1743 1017 1808 52
1065 1750 1125 1808 in
1185 1747 1483 1808 veteribus
1541 1747 1811 1808 formulis
1872 1750 2226 1808 aeditumus.
2317 1744 2565 1804 aliorum

315 1855 634 1932 scriptorum
684 1863 742 1915 et
790 1857 1244 1934 inscriptionum
1298 1856 1565 1934 'exempla
1624 1854 2038 1935 Marquardtus
2095 1854 2430 1932 composuit
2494 1850 2564 1910 de

313 1959 512 2021 duabus
554 1961 818 2023 vocabuli
865 1962 1070 2023 formis
1110 1962 1419 2041 disputans
1474 1965 1534 2023 in
1584 1962 1838 2041 epistula
1898 1961 1966 2021 ad
2017 1960 2445 2021 Mommsenum
2495 1957 2565 2017 de

311 2067 675 2131 Romanorum
723 2070 975 2131 aedituis
1012 2089 1062 2130 a.
1106 2067 1292 2133 1887.

468 2179 708 2237 Acrium
761 2176 869 2235 fuit
916 2177 976 2236 in
1025 2175 1366 2256 archetypo,
1405 2179 1545 2237 item
1596 2179 1817 2238 Acrius
1855 2175 1895 2253 ἓ
1931 2174 2007 2237 11
2057 2186 2114 2237 et
2158 2172 2236 2236 17
2287 2182 2347 2233 et
2391 2170 2495 2254 44,
2526 2170 2566 2234 3

317 2281 487 2361 semel,
523 2284 743 2359 Aqrius
781 2281 1028 2362 reliquis
1065 2282 1227 2346 Iocis,
1300 2284 1463 2363 Agrii
1502 2302 1717 2344 nomen
1748 2286 1902 2344 sicut
1941 2284 2191 2362 plurima
2225 2265 2565 2360 colloquen-

315 2389 434 2448 tium
460 2392 685 2450 nomina
715 2392 775 2449 in
806 2389 898 2450 his
927 2388 1091 2450 libris
1120 2389 1190 2449 ad
1223 2409 1320 2450 res
1349 2390 1420 2451 de
1450 2391 1666 2469 quibus
1695 2390 2028 2470 disputatur
2058 2389 2561 2450 accommodatum

315 2513 421 2555 esse
444 2505 570 2576 post
591 2497 921 2558 Gesnerum
950 2498 1132 2577 praef.
1164 2518 1220 2577 p.
1242 2497 1286 2556 V
1317 2500 1544 2559 monuit
1565 2497 1983 2559 Schleicherus
2005 2498 2297 2559 meletem.
2323 2496 2566 2561 Varron.

316 2602 522 2665 Bonnae
555 2625 600 2667 a.
645 2603 835 2668 1846.

458 2710 500 2774 3
550 2714 864 2774 Primum
903 2732 1055 2774 cum
1094 2713 1289 2774 orbis
1337 2722 1578 2775 terrae
1619 2715 1897 2775 divisus
1936 2717 2034 2775 sit
2086 2717 2156 2775 in
2196 2714 2370 2775 duas
2410 2732 2563 2793 par·

317 2826 403 2878 tes
443 2818 518 2880 ab
554 2820 1039 2882 Eratosthene
1090 2840 1402 2882 maxume
1443 2821 1832 2883 secundum
1874 2831 2202 2883 naturam
2240 2821 2318 2882 ad
2361 2823 2566 2881 meri-

317 2923 468 2986 diem
513 2947 768 2989 uersus
816 2937 882 2988 et
930 2928 1007 2988 ad
1058 2928 1646 3008 septemtriones]
1697 2929 1901 2990 Asiam
1949 2933 2034 2991 ad
2076 2933 2388 2990 meridiem
2435 2947 2563 2989 ver·

317 3049 419 3108 sus,
461 3044 514 3095 et
556 3038 866 3112 Europam
928 3039 1015 3097 ad
1056 3041 1491 3113 septentriones
1529 3036 1782 3100 Ursinus
1821 3037 1948 3098 coll.
1986 3037 2151 3097 Varr.
2191 3036 2262 3096 de
2302 3036 2438 3114 ling.
2470 3034 2565 3095 lat.

319 3135 355 3192 V
377 3136 444 3200 31
491 3151 552 3203 ut
586 3147 777 3205 omnis
824 3152 1052 3204 natura
1105 3147 1165 3204 in
1215 3148 1448 3205 caelum
1497 3155 1554 3206 et
1594 3154 1824 3206 terram
1872 3147 2066 3204 divisa
2114 3152 2227 3223 est,
2273 3148 2362 3204 sic
2410 3147 2570 3203 caeli

319 3251 630 3320 reqionibus
668 3259 842 3312 terra
891 3255 951 3311 in
1002 3253 1206 3311 Asiam
1253 3260 1311 3312 et
1357 3253 1687 3328 Europam.
1763 3251 2170 3311 Eratosthenis
2218 3250 2564 3310 divisionem

318 3356 483 3427 posuit
519 3356 727 3417 Strabo
766 3357 818 3417 ΙΙ
856 3377 911 3437 p.
957 3356 1098 3439 111,
1137 3359 1427 3419 καλεῖται
1467 3351 1541 3420 δὲ
1577 3365 1712 3419 τῶν
1759 3350 2209 3439 ἡμισφαιρίων
2257 3352 2565 3438 ἑκάτερον

317 3464 426 3517 τῶν
478 3481 540 3523 τε
604 3459 941 3545 οὐρανίων
1006 3458 1117 3526 καὶ
1176 3472 1307 3526 τῶν
1365 3459 1471 3527 ἐπὶ
1526 3469 1645 3546 γῆς
1700 3462 1775 3526 τὸ
1830 3458 1950 3545 μὲν
2006 3464 2308 3547 βόρειον,
2363 3461 2436 3525 τὸ
2494 3457 2566 3525 δὲ

320 3563 524 3629 νότιον.

464 3672 505 3736 4
563 3677 645 3740 Et
702 3680 854 3739 sine
920 3678 1138 3740 dubio
1206 3681 1535 3759 quoniam
1604 3679 1969 3741 salubrior
2034 3699 2195 3759 pars
2262 3689 2565 3757 septem—

322 3780 615 3845 trionalis
682 3795 790 3847 est
855 3805 1062 3865 quam
1127 3786 1520 3846 meridiana
1595 3800 1664 3848 et
1730 3806 1907 3866 quae
1973 3787 2380 3848 salubriora
2444 3786 2564 3845 illa

323 3880 774 3953 fructuosiora
823 3894 1199 3955 dicendum
1247 3893 1491 3973 ibique
1542 3894 1816 3955 Italiam
1876 3897 2091 3974 magis
2136 3913 2281 3954 eam
2339 3893 2565 3953 fuisse

321 4005 703 4067 oportunam
751 4001 830 4060 ad
880 4001 1254 4062 colendum
1303 4020 1505 4080 quam
1555 4001 1822 4079 Asiam]
1875 4004 1951 4062 Et
1996 4006 2127 4063 sine
2174 4003 2371 4073 dubio,
2419 4018 2565 4075 quo-

321 4099 457 4159 niam
498 4111 801 4169 salubrior
840 4127 992 4185 pars
1037 4113 1540 4186 septentrionalis,
1588 4128 1769 4185 quam
1813 4112 2175 4170 meridiana.
2270 4109 2346 4168 Et
2409 4125 2566 4183 quae

321 4207 613 4287 salubrior,
687 4216 792 4274 illa
858 4214 1264 4290 fructuosior,
1341 4219 1665 4277 dicendum
1738 4220 1931 4291 mayis
1997 4217 2305 4291 Europam
2373 4214 2567 4292 fuisse

323 4322 679 4384 opportunam
726 4324 813 4381 ad
855 4325 1185 4395 colendum,
1224 4341 1404 4397 quam
1443 4325 1665 4397 Asiam,
1714 4326 1914 4397 ibique
1955 4325 2198 4382 Italiam
2246 4320 2564 4381 IucunduS.

327 4431 381 4471 ‘³¹
438 4437 598 4485 manu
671 4430 908 4506 scriptis
964 4428 1129 4488 libris
1194 4436 1252 4489 et
1319 4448 1477 4505 quae
1547 4432 1897 4491 salubriora
1971 4433 2075 4489 illa
2142 4428 2566 4504 fructuosiora

327 4515 569 4600 Angelius
613 4543 672 4594 et
720 4533 930 4595 deinde
988 4539 1181 4612 maqis
1236 4555 1368 4597 eam
1419 4537 1613 4615 fuisse
1657 4536 1953 4600 Victorius
2001 4537 2417 4622 restituerunt,
2476 4555 2564 4602 re·
