3178 5185
710 375 969 430 RERVM
1005 373 1485 429 RVSTICARVM
1522 374 1657 428 LIB.
1701 374 1776 427 III
1819 368 1969 425 6-7
2369 370 2500 434 285

250 543 486 602 fenestris
536 543 850 619 punicanis
908 549 1010 601 aut
1065 539 1374 600 latioribus
1430 540 1760 600 reticulatis
1820 540 2149 617 utrimque,
2209 544 2277 597 ut
2332 535 2498 597 loeus

249 651 406 710 omnis
449 651 521 709 sit
566 647 866 729 inlustriS,
913 666 1059 708 neve
1107 666 1257 727 quae
1306 665 1553 725 serpens
1602 646 1818 707 aliutve
1867 646 2007 725 quid
2056 642 2274 704 animal
2320 643 2495 703 male-

248 757 393 816 ficum
434 757 676 819 introire
727 763 922 835 queat.
1010 756 1373 816 intrinsecus
1414 772 1587 832 quam
1636 752 1935 813 levissimo
1984 759 2339 812 marmorato
2387 753 2496 811 toti

246 865 462 942 parietes
516 881 581 923 ae
639 881 906 932 camarae
964 842 1327 924 oblinuntur*
1369 869 1430 922 et
1486 863 1860 929 extrinsecus
1914 863 2138 921 circum
2188 858 2496 937 fenestraS,

208 988 305 1029 5ne
358 950 479 1030 mus
542 978 643 1030 aut
705 968 922 1030 lacerta
982 988 1096 1048 qua
1151 969 1438 1048 adrepere
1494 968 1565 1028 ad
1625 967 1983 1029 columbaria
2043 967 2248 1046 possit.
2349 963 2497 1024 nihil

247 1078 373 1137 enim
427 1077 688 1148 timidius
752 1076 1042 1147 columba.
1143 1075 1393 1155 singulis
1457 1075 1701 1154 paribus
1760 1074 2121 1136 columbaria
2185 1074 2336 1133 fiunt
2391 1076 2548 1132 ru-4

246 1183 395 1244 tunda
438 1187 495 1245 in
542 1185 815 1244 ordinem
864 1182 1101 1263 crebra,
1158 1183 1401 1254 ordines
1450 1202 1625 1263 quam
1673 1183 1915 1262 plurimi
1962 1188 2214 1261 possunt
2260 1199 2291 1239 a
2339 1188 2496 1239 terra

246 1292 514 1371 usque—ad
562 1309 875 1351 cameram.
951 1288 1312 1350 columbaria
1363 1289 1591 1367 singula
1642 1307 1772 1348 esse
1821 1295 2055 1368 oportet
2102 1296 2169 1348 ut
2216 1305 2283 1346 os
2321 1284 2496 1345 habe-

246 1410 340 1479 ant,
373 1418 480 1479 quo
525 1399 702 1459 modo
745 1400 995 1458 introire
1035 1405 1094 1458 et
1131 1398 1293 1458 exire
1332 1398 1579 1476 possint,
1629 1398 1790 1456 intus
1829 1403 2131 1456 ternarum
2172 1394 2495 1472 palmarum

192 1521 227 1559 1⁰
248 1525 303 1567 ex
342 1506 602 1567 omnibus
648 1505 938 1584 partibus,
1022 1504 1133 1566 sub
1181 1505 1421 1564 ordines
1468 1503 1733 1581 singulos
1780 1502 2011 1563 tabulae
2052 1503 2221 1564 fictae
2269 1509 2336 1561 ut
2380 1503 2499 1560 siut

247 1613 508 1693 bipalmes,
556 1630 672 1692 quo
721 1621 966 1672 utantur
1014 1609 1303 1683 vestibulo
1351 1629 1419 1671 ae
1466 1610 1772 1688 prodeant.
1835 1628 2046 1688 aquam
2089 1627 2220 1670 esse
2259 1611 2551 1687 oportet5

248 1740 341 1799 quo
396 1721 620 1800 influat,
677 1719 835 1779 unde
891 1726 952 1779 et
1005 1718 1210 1779 bibere
1267 1726 1326 1778 et
1382 1717 1483 1778 ubi
1540 1717 1723 1777 lavari
1777 1719 2024 1795 possint.
2124 1715 2493 1796 permundae

249 1830 376 1887 enim
425 1835 559 1888 sunt
609 1827 719 1886 hae
766 1825 1059 1886 volueres,
1150 1827 1347 1904 itaque
1394 1833 1692 1902 pastorem
1741 1824 2149 1885 columbarum
2198 1832 2497 1903 quotquot

248 1933 511 1994 mensibus
567 1932 782 1994 erebro
837 1941 1073 2013 oportet
1127 1951 1431 1993 everrere:
1487 1941 1579 1993 est
1631 1935 1788 1993 enim
1829 1932 1985 2012 quod
2033 1950 2172 1995 eum
2219 1933 2493 2010 inquinat

194 2039 409 2102 1⁵10cum
468 2042 801 2120 adpositum
868 2041 939 2101 ad
1006 2043 1133 2118 agri
1192 2040 1513 2119 culturam,
1578 2041 1659 2099 ita
1724 2046 1792 2099 ut
1848 2038 1960 2099 hoe
2017 2042 2305 2118 optimum
2363 2056 2493 2098 esse

249 2149 558 2226 scripserint
593 2148 845 2228 aliquot:
884 2149 1006 2208 sive
1041 2166 1191 2226 quae
1220 2146 1491 2208 columba
1523 2146 1663 2226 quid
1696 2146 2027 2227 offenderit,
2065 2154 2132 2207 ut
2159 2146 2497 2224 medeatur3

250 2255 386 2333 siqua
427 2257 683 2335 perierit,
732 2264 798 2316 ut
845 2257 1152 2335 efferatum
1200 2257 1356 2333 siqui
1395 2255 1543 2332 pulli
1580 2254 1780 2314 idonei
1823 2263 1961 2314 sunt
1998 2253 2068 2313 ad
2108 2254 2499 2332 vendendum,

250 2371 458 2438 promat„
546 2365 687 2423 item
743 2381 892 2442 quae
939 2363 1092 2423 fetae
1140 2370 1306 2441 sunt,
1361 2360 1478 2438 [in]
1529 2369 1761 2422 certum
1809 2361 2120 2445 locum-ut
2166 2359 2551 2422 disclusumss

252 2468 310 2528 ab
356 2469 472 2530 aliis
523 2478 650 2531 rete
700 2467 938 2548 habeat,
997 2487 1112 2547 quo
1161 2468 1625 2549 transferantur,
1661 2489 1717 2529 -e
1766 2487 1883 2547 quo
1932 2469 2089 2530 foras
2136 2488 2207 2530 ex
2253 2470 2502 2547 periste-

197 2591 397 2644 2offi⁴rone
439 2597 679 2640 evocare
753 2577 984 2655 possint
1058 2575 1474 2656 matres[que].
1596 2576 1752 2656 quod
1830 2578 2053 2638 faciunt
2127 2576 2356 2639 duabus
2431 2577 2503 2637 de

404 2830 428 2876 1
462 2823 720 2893 utrinque
769 2821 880 2875 ΥΒ
917 2823 1227 2891 utrumque
1251 2820 1307 2874 A
1484 2827 1516 2874 2
1555 2821 1731 2875 omini
1767 2821 1823 2875 A
1860 2838 1996 2876 corr.
2037 2819 2219 2876 omnis
2254 2821 2337 2876 Αἵ

253 2908 466 2967 inlustris
496 2914 550 2968 A
594 2911 829 2971 illustris
874 2911 985 2966 ΥΒ
1126 2927 1269 2986 neue
1316 2928 1423 2980 que
1472 2926 1701 2979 serpens
1738 2910 1793 2964 P
1827 2926 1970 2966 neue
2009 2928 2149 2979 quae
2188 2928 2412 2981 serpens
2449 2912 2505 2964 Β

255 3013 372 3076 neue
415 3018 629 3070 serpens
667 3001 724 3055 A
763 3018 833 3055 ne
879 3001 975 3056 uel
1020 3016 1244 3070 serpens
1281 3018 1334 3054 m
1370 3016 1553 3068 neque
1593 3016 1817 3069 serpens
1855 3016 1887 3054 v
2034 2998 2245 3053 aliutue
2284 2998 2418 3068 quid
2456 3000 2513 3053 P

257 3085 446 3143 aliudue
479 3090 612 3159 quid
650 3089 773 3145 AB
809 3089 1036 3144 aliudue
1075 3090 1223 3159 quod
1259 3106 1292 3144 v
1435 3090 1766 3144 malefitium
1802 3089 1859 3143 A
1895 3104 2033 3143 corr.
2073 3087 2384 3143 maleficum
2424 3088 2507 3142 A2

343 3183 374 3230 4
406 3194 648 3233 camarae
693 3178 744 3232 V
777 3195 1033 3233 camerae
1070 3179 1254 3232 ABm
1361 3178 1730 3233 exstrinsecus
1768 3178 1822 3232 A
1929 3183 1961 3231 5
1993 3177 2248 3231 'lacerata
2276 3177 2331 3230 A
2368 3193 2505 3232 corr.

259 3262 438 3321 lacerta
470 3267 547 3321 A2
725 3268 900 3322 nichil
936 3269 989 3321 A
1081 3317 1091 3328 ,
1174 3276 1205 3322 6
1250 3268 1495 3322 rutunda
1540 3269 1599 3321 in
1646 3265 1898 3322 ordinem
1940 3266 2122 3320 ΡΑΒ
2165 3267 2407 3321 rotunda
2449 3267 2506 3321 in

259 3354 422 3409 ordine
445 3374 474 3411 v
577 3365 610 3413 8
647 3372 924 3413 cameram
953 3357 1135 3411 ΡΑΒ
1165 3373 1444 3412 camaram
1473 3374 1504 3410 v
1613 3355 1862 3411 habeant
1889 3354 2073 3409 A²mv
2101 3354 2310 3410 habeat
2331 3356 2509 3410 ΡΑΒ

330 3449 359 3495 9
389 3447 649 3513 quomodo
676 3446 911 3501 introire
942 3446 1127 3500 ΡΑΒ
1154 3463 1264 3515 quo
1293 3445 1525 3501 introire
1544 3462 1576 3499 v
1668 3445 1888 3515 possint
1916 3444 2099 3499 A²mv
2128 3445 2305 3514 possit
2327 3445 2443 3499 PA
2463 3447 2509 3499 B

345 3535 603 3590 ternarum
640 3536 960 3604 palmarum
996 3534 1172 3587 VAB
1202 3537 1485 3590 ternorum
1513 3534 1829 3603 palmorum
1862 3533 2168 3588 Iucundus.
2221 3534 2324 3588 ‘In
2360 3536 2505 3589 anti·

261 3621 361 3685 quis
387 3623 485 3677 alio
507 3640 710 3693 yeme,
741 3626 1049 3687 Temarum
1065 3623 1402 3693 palmarum'
1435 3622 1712 3677 Victorius
1812 3628 1875 3676 11
1909 3620 2186 3677 uestibulo
2205 3623 2261 3676 Β
2269 3641 2302 3678 v
2323 3624 2507 3677 uestu-

262 3704 370 3762 bulo
408 3711 456 3763 P
485 3711 762 3768 uestibula,
797 3710 853 3764 A
890 3727 1028 3766 corr.
1069 3743 1135 3786 '.‘
1172 3710 1228 3764 lo
1254 3709 1336 3764 A²
1479 3711 1757 3785 prodeant
1795 3709 1908 3765 ΥΒ
1944 3710 2223 3779 prodeunt
2249 3711 2368 3765 Am

265 3794 459 3857 fortasse
491 3816 632 3870 aqua
667 3817 791 3855 esse
831 3802 1058 3869 oportet
1095 3817 1205 3868 quo
1245 3798 1445 3852 influat
1579 3816 1689 3867 quo
1728 3796 1928 3852 influat
1975 3800 2087 3854 VB
2126 3800 2273 3868 quod
2312 3800 2509 3856 influat

266 3882 360 3937 Am
455 3894 512 3943 13
548 3889 830 3958 quotquot
864 3888 959 3941 Βυ
1000 3887 1299 3957 quodquod
1333 3887 1447 3941 PA
1475 3903 1614 3942 corr.
1652 3888 1802 3956 quod
1832 3886 1968 3956 quid
1994 3875 2077 3941 ‘An
2188 3895 2254 3942 14
2283 3905 2508 3945 euerere

268 3971 449 4030 Acorr.
483 3994 732 4033 enen-ere
772 3976 853 4031 A²
963 3983 1030 4029 15
1073 3977 1391 4046 appositum
1428 3976 1550 4031 A²v
1589 3978 1909 4046 oppositum
1947 3978 2125 4032 ΡΑΒ
2236 3984 2301 4032 16
2339 3978 2509 4050 scrip-

269 4065 425 4119 serunt
471 4067 697 4136 aliquod
749 4066 928 4120 ΡΑΒ
986 4065 1308 4135 scripserint
1363 4064 1538 4134 aliqui
1594 4082 1626 4119 v
1811 4072 1874 4120 18
1931 4065 2068 4119 item
2125 4084 2267 4136 quae
2322 4069 2510 4123 foetae

272 4152 376 4204 sunt
415 4152 509 4208 VB
540 4156 741 4223 itemq;
791 4156 920 4209 sunt
953 4155 1067 4209 fete
1107 4156 1260 4222 sunt,
1302 4156 1395 4209 sed
1430 4155 1561 4209 sunt
1587 4156 1781 4223 priore
1815 4156 1928 4209 loco
1964 4156 2192 4210 deletum
2227 4156 2284 4210 A
2426 4158 2509 4213 in-

273 4240 447 4306 certum
480 4244 559 4312 bis
591 4246 854 4313 semotum
889 4245 953 4299 in
986 4244 1042 4297 Β
1072 4287 1085 4298 .
1114 4242 1175 4297 in
1210 4245 1404 4320 delevit
1439 4244 1701 4320 Scaliyer
1831 4251 1895 4298 19
1934 4245 2143 4299 habeat
2184 4244 2295 4300 ΥΒ
2341 4246 2509 4301 habe-

275 4327 355 4379 ant
383 4328 484 4384 Am
528 4393 533 4398 Δ
619 4349 729 4402 quo
774 4333 1182 4398 transferantur
1216 4350 1250 4388 v
1298 4349 1410 4401 quo
1455 4333 1820 4387 transferatur
1860 4334 1978 4387 PB
2024 4334 2170 4401 quod
2207 4335 2510 4391 transfera-

276 4399 349 4466 tur
379 4419 425 4498 A
570 4437 600 4474 e
636 4438 746 4491 quo
787 4422 970 4476 ΡΑΒ
1007 4424 1067 4476 et
1103 4437 1213 4489 quo
1249 4438 1281 4475 υ
1442 4422 1787 4491 peristerone
1832 4421 1885 4475 V
1913 4422 2192 4492 peristone
2229 4422 2350 4478 AB

281 4504 335 4553 20
364 4510 649 4578 matresque
687 4511 836 4579 quod
875 4511 1055 4565 ,ΡΑΒ
1092 4513 1296 4566 matres
1334 4511 1484 4580 quod
1522 4510 1749 4579 quidem
1786 4528 1818 4566 v
1960 4511 2169 4567 fatiunt
2202 4513 2258 4567 A
