3178 5185
815 440 1076 493 RERVM
1114 438 1595 495 RVSTIGARVM
1631 441 1768 495 LIB.
1807 442 1833 494 Ι
1872 438 1952 496 28
2453 433 2533 497 79

282 595 345 654 ita
384 595 438 653 in
482 594 613 672 ipso
655 576 978 673 archetypo
1026 595 1319 673 scriptum
1376 593 1504 656 fuit.
1598 596 1904 669 discretis,
1952 594 2110 673 quod
2166 594 2387 655 habent
2443 612 2537 655 co-

281 700 413 760 dices
455 702 496 759 A
544 708 602 760 et
649 720 727 782 m,
773 702 963 761 veteri
1010 703 1389 763 coniecturae
1438 699 1826 763 tribuendum
1874 710 1985 784 est,
2024 720 2202 781 quam
2239 701 2536 763 VictorIus

280 806 675 868 commendavit
716 815 775 868 et
812 816 949 887 post
984 807 1145 869 hunc
1194 808 1411 887 reliqui
1451 808 1710 870 editores
1750 818 2126 887 receperunt.
2187 809 2292 870 sed
2329 828 2537 871 verum

279 922 352 974 est
391 917 718 991 descriptis,
772 948 861 957 —
915 934 991 977 ea
1048 933 1208 991 quae
1272 915 1453 977 editio
1503 915 1966 976 Commeliniana
2014 923 2074 976 et
2120 934 2193 976 ex
2237 915 2347 976 hac
2395 915 2537 976 Ges-

277 1040 444 1081 uerus,
540 1024 925 1083 observanda
999 1024 1240 1098 quidem
1304 1030 1448 1084 sunt
1518 1041 1594 1084 ea
1668 1042 1827 1098 quae
1889 1021 2219 1083 Pontedera
2282 1041 2338 1101 p.
2392 1020 2535 1084 124.

275 1146 440 1203 eaque
481 1147 552 1189 ex
599 1126 967 1189 editionibus
1015 1114 1152 1198 ante
1199 1129 1722 1191 Commelinianam
1778 1131 2089 1208 impressis
2138 1129 2538 1191 Schneiderus

274 1237 522 1296 restituit.

423 1342 728 1403 Primum
776 1361 808 1403 a
855 1343 1147 1403 fauonio
1195 1343 1276 1403 ad
1315 1345 1858 1423 aequinoctium
1907 1362 2210 1405 uernum
2249 1344 2401 1406 dies
2437 1343 2538 1404 XL

270 1446 410 1509 hinc
454 1448 533 1509 ad
581 1450 1061 1528 uergiliarum
1118 1459 1445 1512 exortum
1501 1451 1661 1512 dies
1707 1449 1886 1509 XLIV
1932 1450 2014 1511 ab
2070 1451 2202 1512 hoc
2262 1451 2342 1511 ad
2400 1452 2537 1512 sol-

273 1556 523 1616 stitium
574 1555 729 1616 dies
778 1554 989 1615 XLIIX
1034 1556 1197 1618 inde
1246 1557 1325 1617 ad
1375 1557 1753 1618 caniculae
1800 1559 2082 1637 signum
2130 1557 2283 1618 dies
2328 1557 2537 1617 XXVII

268 1660 406 1721 dein
478 1663 555 1723 ad
633 1664 1170 1742 aequinoctium
1246 1664 1655 1725 autumnale
1730 1664 1884 1724 dies
1949 1662 2153 1723 LXVII
2218 1666 2380 1726 exin
2457 1664 2537 1725 ad

268 1768 709 1846 uergiliarum
757 1788 1090 1830 occasum
1138 1770 1290 1832 dies
1328 1768 1544 1830 XXXII
1581 1769 1663 1830 ab
1709 1769 1840 1830 hoc
1887 1770 1968 1830 ad
2016 1767 2333 1832 brumam
2379 1772 2536 1832 dies

269 1871 394 1933 LVII
453 1876 620 1936 inde
686 1876 767 1937 ad
834 1878 1201 1938 fauonium
1266 1876 1419 1937 dies
1465 1875 1645 1954 XLV]
1695 1878 1965 1937 Primum
2021 1879 2098 1937 ab
2148 1878 2405 1953 fauonio
2453 1882 2540 1939 ad

270 1985 691 2056 aequinoctium
756 2002 1008 2046 uernum
1073 1987 1200 2045 dies
1264 1987 1701 2059 quadraqinta.
1793 1986 1937 2045 hinc
1993 1986 2081 2045 ad
2137 1989 2536 2061 verqiliarum

268 2096 516 2149 exortum
563 2093 692 2151 dies
738 2093 1157 2166 quadraqinta
1203 2097 1511 2165 quattuor.
1607 2092 1684 2150 ab
1732 2092 1846 2151 hoc
1904 2093 1991 2150 ad
2041 2093 2358 2152 solstitium
2406 2095 2535 2153 dies

270 2198 655 2272 quadraqinta
711 2215 921 2260 nouem
968 2216 1099 2278 sqq.
1144 2197 1402 2277 Merula,
1450 2200 1719 2274 primum
1766 2199 1843 2257 ab
1898 2196 2149 2271 favonio
2197 2201 2284 2258 ad
2326 2201 2533 2273 aequi-

276 2306 506 2363 noctium
551 2323 804 2366 uernum
851 2307 980 2366 dies
1026 2305 1586 2381 quadraqintaduo.
1680 2306 1824 2365 hinc
1862 2307 1949 2364 ad
1991 2307 2389 2379 uerqiliarum
2428 2324 2532 2366 ex·

276 2415 444 2469 ortum
491 2414 617 2472 dies
663 2414 1367 2487 quadraqintaquatuor.
1443 2413 1520 2471 ab
1558 2413 1674 2472 hoc
1720 2413 1808 2471 ad
1848 2413 2166 2472 solstitium
2204 2414 2333 2472 dies
2387 2430 2532 2487 qua-

274 2515 756 2590 draqintanovem.
850 2521 992 2579 inde
1056 2521 1143 2578 ad
1204 2521 1529 2597 caniculae
1592 2521 1833 2592 siqnum
1906 2518 2035 2579 dies
2092 2520 2532 2594 uiqintinovem.

274 2622 464 2684 deinde
507 2627 594 2686 ad
637 2628 1087 2701 aequinoctium
1125 2629 1479 2686 autumnale
1517 2628 1646 2687 dies
1681 2628 2248 2702 sexaqintaseptem.
2310 2629 2534 2687 exinde

273 2731 343 2788 ad
377 2734 766 2806 verqiliarum
814 2750 1097 2794 occasum
1144 2735 1273 2793 dies
1334 2735 1733 2807 triqintaduo.
1826 2734 1903 2792 ab
1960 2734 2074 2793 hoc
2121 2736 2208 2793 ad
2259 2735 2534 2794 brumam

273 2836 378 2896 dies
418 2841 1097 2916 quinquaqintaseptem.
1191 2842 1332 2900 inde
1389 2842 1475 2899 ad
1523 2838 1840 2913 favonium
1896 2842 2026 2899 dies
2089 2842 2532 2915 quadraqinta-

274 2945 508 3019 quinque
552 2945 874 3007 IucunduS.
967 2946 1190 3007 codicis
1239 2947 1596 3024 scripturam
1644 2940 1941 3006 Victorius
1989 2946 2251 3005 restituit
2294 2945 2534 3022 praeter

272 3065 428 3109 unum
472 3051 686 3135 locum,
732 3055 793 3113 iu
843 3070 960 3132 quo
1009 3055 1140 3131 ipso
1188 3053 1391 3133 invito,
1439 3061 1505 3113 ut
1553 3052 1814 3133 videtur,
1861 3051 2104 3112 Aldinae
2152 3058 2213 3111 et
2260 3049 2531 3111 Iuntinae

271 3155 516 3219 editionis
561 3159 739 3220 lectio
787 3159 994 3220 relicta
1041 3167 1151 3240 est,
1199 3162 1286 3220 ad
1328 3161 1653 3220 caniculae
1695 3162 1935 3234 siqnum
1974 3160 2102 3218 dies
2139 3158 2382 3232 XXIX,
2430 3157 2534 3218 uhi

270 3262 320 3320 in
353 3282 513 3326 manu
553 3267 796 3344 scriptis
833 3264 1003 3326 libris
1043 3270 1171 3328 dies
1198 3266 1469 3326 XXVII
1500 3273 1561 3326 et
1597 3267 1657 3325 in
1698 3263 2133 3343 antiquioribus
2173 3260 2532 3324 editionibus

271 3370 378 3430 dies
418 3375 631 3447 viqinti
672 3379 896 3450 septem
943 3374 1232 3452 scriptum
1283 3381 1425 3435 erat.
1501 3371 1828 3432 Victorium
1877 3370 2091 3448 reliqui
2138 3370 2397 3430 editores
2444 3388 2534 3431 se-

271 3479 371 3537 cuti
415 3487 549 3540 sunt
594 3488 833 3559 praeter
882 3478 1332 3559 Schneiderum‚
1381 3479 1483 3558 qui
1529 3480 1748 3556 partim
1796 3479 2158 3559 coniectura,
2204 3478 2420 3556 partim
2460 3495 2531 3537 ex

270 3584 540 3647 veteribus
587 3584 953 3646 editionibus
1001 3603 1283 3646 numeros
1339 3586 1401 3644 in
1448 3584 1609 3644 hunc
1655 3583 1897 3644 modum
1944 3584 2217 3665 mutavit,
2265 3586 2531 3660 primum

268 3705 300 3746 a
333 3689 564 3764 favonio
611 3695 700 3753 ad
741 3694 1191 3766 aequinoctium
1238 3708 1488 3753 vernum
1535 3692 1665 3751 dies
1710 3691 1827 3750 XL
1843 3691 1905 3750 V.
1996 3692 2141 3751 hinc
2199 3692 2287 3750 ad
2338 3693 2530 3764 uerqi-

270 3797 464 3858 liarum
508 3805 790 3861 exortum
837 3801 966 3859 dies
1002 3799 1118 3858 XL
1135 3799 1231 3858 VI.
1325 3800 1403 3858 ab
1449 3800 1564 3858 hoc
1613 3800 1701 3858 ad
1741 3799 2058 3858 solstitium
2096 3799 2225 3856 dies
2261 3796 2531 3856 XLIIX.

272 3902 392 3964 inde
421 3908 502 3965 ad
526 3908 851 3966 caniculae
878 3907 1117 3980 siqnum
1136 3908 1264 3966 dies
1283 3904 1525 3965 XXIV.
1555 3907 1697 3964 dein
1719 3906 1806 3964 ad
1822 3905 2267 3978 aequinoctium
2296 3911 2534 3964 autum-

272 4013 391 4070 nale
440 4015 563 4073 dies
609 4012 912 4072 LXVIII.
997 4014 1142 4072 exin
1207 4014 1295 4072 ad
1355 4013 1755 4086 verqiliarum
1819 4026 2102 4070 occasum
2158 4012 2287 4069 dies
2341 4010 2456 4093 XL
2474 4010 2534 4069 V.

272 4114 335 4173 ab
375 4119 481 4180 hoc
526 4122 613 4180 ad
656 4121 930 4180 brumam
981 4121 1110 4179 dies
1156 4118 1383 4179 XLIV.
1477 4119 1618 4178 inde
1664 4119 1751 4176 ad
1786 4115 2102 4190 favonium
2162 4117 2291 4175 dies
2336 4116 2452 4175 XL
2469 4117 2530 4176 V.

272 4220 323 4279 in
362 4222 446 4283 his
481 4243 663 4286 unum
713 4223 870 4285 haud
909 4222 1087 4284 dubie
1126 4231 1289 4285 recte
1328 4242 1360 4283 a
1401 4221 1767 4283 Schneidero
1807 4220 2181 4281 emendatum
2226 4227 2335 4300 est,
2373 4220 2529 4298 quod

272 4326 322 4385 in
362 4332 539 4408 prima
585 4340 753 4410 parte
795 4332 934 4391 anni
981 4332 1222 4408 scripsit
1267 4333 1355 4390 ad
1398 4331 1846 4404 aequinoctium
1884 4345 2134 4387 uernum
2172 4329 2300 4387 dies
2336 4327 2530 4408 XLV,

272 4450 371 4510 quo
412 4456 691 4499 numerus
739 4438 970 4498 dierum
1021 4443 1428 4497 trecentorum
1477 4437 1778 4513 sexaginta
1834 4435 2123 4513 quinque,
2163 4451 2338 4511 quem
2379 4436 2531 4494 ratio

272 4544 390 4602 anni
432 4563 461 4603 a
507 4545 757 4607 Caesare
804 4541 1114 4605 c'onstituti
1160 4542 1436 4624 postulat,
1483 4542 1758 4602 efficitur.
1851 4541 1911 4599 in
1969 4538 2215 4618 reliquis
2261 4540 2532 4620 partibus
