3178 5185
817 359 1077 414 RERVM
1114 359 1593 415 RVSTICARVM
1629 361 1765 418 LIB.
1804 360 1855 413 II
1896 357 1931 412 2
2399 357 2523 446 221

278 542 382 584 non
448 528 721 586 minorem
799 528 1059 606 quinque
1115 520 1422 607 mensum,
1501 545 1694 605 neque
1760 533 2075 602 antequam
2140 522 2366 583 calores
2431 531 2531 583 aut

278 631 474 709 frigora
516 651 572 692 se
615 633 940 711 fregerunt.
1034 653 1183 713 quos
1221 637 1438 695 arietes
1475 636 1847 695 summittere
1888 632 2106 713 volunt,
2153 633 2529 711 potissimum

277 738 480 817 eligunt
521 758 584 799 ex
629 741 940 822 matribuS,
988 760 1138 820 quae
1186 744 1452 821 geminos
1500 760 1710 821 parere
1749 740 1958 801 solent.
2049 739 2331 817 pleraque
2371 739 2527 797 simi-

274 845 392 904 liter
443 847 765 908 faciendum
820 851 884 909 in
929 849 1138 910 ovibus
1184 849 1429 928 pellitis,
1486 867 1637 927 quae
1685 857 1928 927 propter
1974 846 2139 906 lanae
2186 845 2529 926 bonitatem,

232 960 330 1012 sut
379 962 510 1013 sunt
558 954 912 1016 Tarentinae
969 964 1029 1017 et
1083 957 1336 1038 Atticae,
1394 955 1651 1035 pellibus
1703 958 2078 1033 integuntur,
2133 972 2208 1013 ne
2264 952 2395 1013 lana
2442 956 2527 1013 in-

273 1061 546 1142 quinetur,
600 1080 718 1141 quo
775 1064 973 1122 minus
1028 1062 1119 1122 vel
1174 1063 1334 1123 infici
1388 1072 1549 1123 recte
1599 1065 1788 1141 possit
1834 1062 1923 1122 vel
1971 1061 2150 1121 lavari
2198 1079 2264 1120 ac
2311 1062 2529 1138 putari,

270 1165 457 1226 harum
505 1170 807 1247 praesepia
864 1188 931 1229 ac
979 1169 1206 1230 stabula
1254 1177 1321 1230 ut
1367 1172 1487 1230 sint
1532 1188 1682 1248 pura
1729 1170 2013 1229 maiorem
2061 1167 2343 1228 adhibent
2390 1166 2516 1226 dili·
2543 1163 2621 1221 19

272 1275 522 1353 gentiam,
597 1294 776 1353 quam
841 1276 1033 1337 hirtis.
1143 1279 1343 1356 itaque
1408 1277 1635 1337 faciunt
1699 1276 1891 1353 lapide
1958 1281 2166 1355 strata,
2231 1283 2290 1333 et
2353 1274 2526 1334 urina

269 1379 463 1440 necubi
503 1383 558 1441 in
604 1382 840 1443 stabulo
888 1385 1189 1445 consistat.
1281 1383 1374 1443 his
1421 1402 1833 1461 quaecumque
1872 1382 2147 1442 lubenter
2185 1388 2524 1457 vescuntur,

211 1500 251 1539 10
271 1492 326 1544 ut
362 1486 491 1546 folia
530 1488 780 1549 ficulnea
818 1500 879 1550 et
914 1489 1096 1571 palea,
1143 1492 1400 1564 vinacea,
1447 1490 1729 1569 furfureS,
1776 1488 2119 1549 obiciuntur
2157 1488 2401 1568 modice,
2449 1506 2523 1547 ne

266 1609 450 1669 parum
500 1603 596 1655 aut
651 1598 901 1657 nimium
951 1604 1310 1658 saturentur.
1404 1606 1727 1676 utrumque
1776 1598 1931 1656 enim
1979 1595 2050 1655 ad
2100 1614 2319 1674 corpus
2366 1593 2519 1654 alen—

268 1697 387 1759 dum
436 1703 762 1784 inimicum,
820 1712 886 1765 ut
932 1707 1183 1765 maxime
1231 1707 1487 1765 amicum
1535 1706 1789 1783 cytisum
1837 1710 1897 1763 et
1944 1703 2189 1763 medica.
2279 1721 2414 1762 nam
2462 1711 2523 1762 et

266 1806 486 1885 pingues
527 1810 666 1871 facit
714 1812 989 1873 facillime
1038 1821 1098 1872 et
1141 1814 1304 1892 genit
1350 1811 1518 1872 lacte.

388 2058 410 2104 1
449 2052 712 2108 minorem
750 2054 908 2108 Amv
947 2054 1160 2108 minore
1203 2054 1318 2108 PB
1425 2072 1679 2109 mensum
1720 2055 1834 2107 PA
1872 2052 2148 2106 mensium
2184 2052 2281 2105 Bv
2390 2058 2421 2105 2
2461 2071 2518 2108 se

266 2145 528 2207 eregerunt
563 2142 683 2196 PA
721 2161 781 2198 se
820 2145 1118 2217 etegerunt
1152 2144 1208 2198 B
1267 2148 1313 2199 c'
1363 2162 1421 2199 se
1460 2145 1722 2214 regerunt
1759 2144 1822 2197 in
1856 2143 2104 2211 maryine
2140 2143 2437 2209 adscripsit
2467 2143 2523 2194 P

265 2242 313 2279 se
354 2232 625 2300 exegerint
669 2250 719 2287 v.
809 2232 1002 2288 ‘Vetus
1048 2234 1203 2287 lectio
1247 2231 1580 2303 Eregerunt:
1639 2234 1893 2299 fortasse,
1950 2231 2285 2301 Freyerunt:
2329 2237 2518 2285 notum

264 2318 383 2370 enim
414 2319 522 2373 iam
556 2323 825 2389 omnibus,
863 2324 1310 2390 quemadmodum
1346 2323 1566 2391 antiqui
1604 2322 1827 2376 librarii
1846 2327 2075 2390 propter
2102 2321 2518 2375 similitudinem

262 2404 458 2461 illarum
503 2410 784 2464 literarum
828 2412 893 2464 in
929 2410 1186 2465 Romana
1231 2417 1406 2465 uetere
1450 2413 1732 2480 scriptura
1776 2427 1934 2478 saepe
1980 2410 2127 2478 lapsi
2170 2411 2310 2476 sint,
2358 2414 2408 2463 et
2443 2409 2517 2475 F,

259 2509 347 2560 pro
370 2496 439 2564 E,
477 2505 767 2568 contraque
803 2501 1138 2568 scripserint.
1212 2500 1289 2554 In
1325 2501 1527 2568 optimo
1564 2500 1867 2568 eoeemplari
1901 2499 1982 2552 sic
2018 2499 2168 2553 locus
2202 2498 2291 2551 hic
2319 2499 2518 2567 leyitur

263 2599 286 2636 e
312 2588 523 2642 secundo
555 2589 656 2644 hoc
691 2589 833 2644 libro
860 2588 951 2659 [6,
987 2588 1080 2659 2],
1121 2588 1370 2658 Optimae
1406 2590 1583 2644 elutae
1619 2594 1749 2643 sunt
1784 2589 1848 2642 in
1885 2586 2100 2655 Sicilia,
2139 2603 2259 2642 cum
2290 2586 2519 2655 Flutae,

265 2673 349 2741 leyi
378 2677 573 2732 debeat’
629 2678 906 2732 Victorius
1048 2677 1394 2732 summittere
1430 2676 1550 2731 AB
1588 2676 1917 2732 submittere
1954 2676 2007 2730 V
2144 2682 2175 2730 6
2213 2676 2367 2731 infici
2405 2677 2518 2731 VB

262 2759 394 2818 infice
412 2766 466 2819 A
603 2783 672 2821 ac
699 2767 888 2836 putari
907 2767 1024 2821 PA
1051 2766 1315 2836 anputari
1331 2767 1388 2820 B
1417 2783 1484 2822 ac
1509 2766 1700 2835 parari
1726 2784 1777 2821 v.
1845 2765 2214 2833 ‘Communem
2241 2769 2517 2821 lectionem

263 2853 438 2908 retinui
465 2875 483 2907 .·
508 2873 670 2924 quam
714 2873 846 2910 uero
891 2858 955 2923 in
1000 2857 1408 2926 antiquioribus
1453 2856 1612 2910 libris
1647 2857 1870 2923 inueni,
1916 2872 2065 2910 nunc
2101 2857 2379 2911 ostendam
2406 2876 2424 2908 .·
2451 2857 2515 2909 in

263 2939 355 2994 illis
393 2945 528 2998 enim
570 2944 794 3013 Putari,
839 2963 944 3014 pro
989 2945 1209 3011 Parati,
1255 2946 1453 3014 leyitur
1480 2966 1493 2998 ε
1524 2946 1588 2999 in
1635 2945 1836 3013 optimo
1884 2949 2064 2999 tamen
2110 2945 2290 3017 codice
2335 2943 2517 2997 mendi

166 3024 171 3029 ’
262 3033 370 3084 nota
409 3033 482 3086 ad
522 3034 669 3088 hunc
717 3035 891 3104 locum
928 3035 1183 3103 adposita
1219 3039 1339 3088 est:
1366 3049 1479 3088 non
1513 3034 1684 3088 multo
1723 3038 1849 3088 ante
1885 3033 1982 3087 ubi
2016 3034 2081 3086 in
2117 3033 2344 3098 excusis,
2385 3031 2513 3085 Sole

264 3122 423 3174 exorto
485 3141 651 3192 puro,
715 3124 979 3192 scriptum
1039 3129 1180 3189 erat,
1226 3124 1290 3175 in
1335 3123 1525 3177 iisdem
1571 3124 1827 3189 uetustis,
1865 3121 2040 3191 ¹Puto’
2099 3120 2372 3176 Victorius

176 3292 181 3301 ,
262 3239 425 3300 horum
474 3247 648 3302 VAB
805 3255 834 3303 7
882 3248 1200 3319 praesepia]
1239 3224 1388 3317 spii?
1419 3249 1474 3302 A
1584 3247 1855 3302 adhibent
1890 3247 2249 3302 sanciamus
2285 3244 2513 3301 adhibe-

263 3334 341 3384 ant
383 3334 548 3390 VAB
694 3343 728 3391 8
776 3337 935 3391 hirtis
976 3338 1159 3391 PAB
1203 3336 1373 3392 hircis
1410 3355 1442 3392 v
1587 3341 1646 3392 et
1690 3337 1849 3391 urina
1888 3335 2070 3390 PAB
2114 3337 2177 3390 ut
2224 3336 2383 3389 urina
2420 3353 2513 3390 mv

377 3431 406 3478 9
442 3428 750 3482 consistant
777 3428 832 3481 A
958 3443 1322 3497 quaecunque
1370 3426 1424 3480 V
1532 3426 1814 3497 lubenter]
1851 3425 2115 3481 iubentur
2163 3425 2338 3480 VAB
2448 3431 2514 3478 10

263 3507 463 3570 ficulnea
504 3534 599 3571 mv
658 3517 906 3586 figulena
957 3517 1134 3570 PAB
1276 3515 1440 3585 palea
1493 3515 1729 3570 uinaeea
1775 3516 1955 3569 PAB
2001 3516 2169 3585 palea
2213 3515 2435 3570 uinacia
2480 3531 2513 3568 v

345 3605 583 3660 modicae
610 3605 668 3659 B
780 3612 843 3659 11
882 3609 1161 3675 utrunque
1201 3605 1254 3659 V
1361 3612 1424 3659 12
1453 3607 1518 3659 ut
1543 3605 1784 3658 maxime
1813 3604 1992 3658 PAB
2021 3606 2082 3658 at
2109 3604 2347 3658 maxime
2375 3621 2405 3658 v

266 3692 317 3740 14
345 3690 636 3749 facillimae
664 3695 721 3748 B
833 3694 930 3749 ‘Et
964 3694 1122 3764 genit
1157 3694 1260 3750 lac.
1290 3726 1292 3728 v
1319 3695 1400 3749 De
1439 3692 1698 3748 sanitate.
1774 3695 1855 3747 In
1883 3696 2083 3762 optimo
2113 3695 2306 3761 codice,
2345 3692 2513 3747 Genit

263 3773 394 3848 lacte,
429 3783 682 3838 Sanitate
713 3826 725 3839 .
767 3784 1001 3838 Verbum
1043 3783 1224 3850 Genit,
1260 3800 1418 3853 saepe
1454 3785 1568 3837 iam
1605 3802 1642 3838 a
1689 3782 1935 3838 Varrone
1970 3789 2325 3853 usurpatum,
2373 3799 2509 3837 rece-

257 3867 406 3931 Pimus
431 3875 665 3940 :formis
720 3879 901 3928 autem
954 3874 1141 3928 eoecusi
1194 3877 1359 3927 antea
1418 3871 1617 3942 Giynit
1674 3872 1944 3927 habebant
1973 3893 1990 3924 .-
2016 3888 2113 3926 nec
2147 3888 2267 3933 ,nos
2318 3873 2513 3939 fefellit

263 3962 361 4023 ante
406 3963 610 4031 ipsum,
668 3963 868 4030 Lacte,
923 3963 1254 4018 nominandi
1308 3979 1441 4017 casu
1497 3963 1703 4016 dixisse
1730 3982 1747 4014 .-
1775 3965 2137 4016 ueruntamen
2182 3961 2316 4029 quia
2363 3961 2511 4014 locus

263 4053 529 4107 maculosus
583 4059 705 4107 erat
761 4053 876 4120 (De
890 4094 903 4120 ,
958 4053 1101 4107 enim
1156 4053 1300 4121 quod
1351 4052 1441 4105 hic
1491 4052 1854 4105 necessarium
1908 4051 2152 4118 uidetur,
2209 4065 2322 4104 non
2367 4051 2507 4111 erat)

263 4137 661 4197 eaeistimauimus
697 4142 762 4194 in
787 4142 885 4205 hoc
903 4157 1131 4210 peccare
1159 4141 1450 4195 librarium
1469 4140 1731 4208 potuisse,
1769 4145 1819 4193 et
1836 4155 1945 4208 pro
1974 4139 2062 4207 de,
2096 4139 2175 4206 te,
2211 4138 2520 4206 scripsisse,-

265 4228 387 4294 atque
426 4231 761 4285 incommode
807 4246 929 4284 cum
966 4230 1157 4298 priore
1202 4230 1367 4283 uerbo
1416 4229 1764 4284 coniunxisse
1791 4248 1808 4279 .-
1829 4232 2008 4295 potest
2053 4228 2216 4280 etiam
2262 4231 2400 4280 recte
2445 4226 2510 4278 in

264 4317 466 4386 antiquis
493 4308 688 4386 Lacte,
725 4320 988 4387 scriptum
1016 4334 1140 4384 esse,
1167 4323 1232 4372 ut
1248 4318 1588 4386 praepositio
1617 4317 1899 4385 defecerit.
1923 4315 1989 4369 Si
2014 4315 2230 4384 quidem
2259 4315 2508 4368 animad-

264 4407 482 4462 vertimus
520 4409 691 4477 (nihil
728 4409 872 4461 enim
907 4408 1209 4477 relinquere
1244 4408 1516 4473 uolumus,
1545 4407 1690 4474 quod
1712 4406 1885 4473 possit
1912 4404 2182 4457 studiosos
2210 4403 2506 4469 adiuuare)

265 4488 562 4566 insequente
599 4498 810 4567 capite,
846 4498 945 4552 ubi
981 4498 1045 4551 in
1081 4498 1320 4564 excusis,
1358 4496 1441 4550 De
1479 4495 1660 4550 forma
1696 4492 2025 4561 uidendum,
2064 4492 2289 4561 leyitur,
2325 4493 2390 4545 in
2426 4508 2508 4546 eo-
