3178 5185
773 402 1032 457 RERVM
1069 403 1545 458 RVSTICARVM
1581 404 1715 459 LIB.
1755 405 1780 457 1
1819 402 2078 466 39—40
2480 395 2562 459 97

294 560 423 617 dam
487 561 647 618 enim
717 561 802 619 ad
857 562 1199 633 qenendum
1255 577 1460 635 prona
1523 578 1713 635 usque
1776 562 1928 620 adeo
1987 578 2203 635 parva.
2296 560 2566 620 similiter

293 666 572 743 scriptum
630 673 722 725 est
775 674 977 744 postea
1033 663 1138 746 41,
1175 665 1219 726 4
1266 669 1352 727 ad
1394 669 1790 728 crescendum
1829 684 2032 742 prona
2080 675 2139 728 et
2184 667 2255 727 de
2304 669 2567 728 iuvencis

293 770 314 829 1
348 767 447 845 20,
487 769 530 831 2
579 775 666 832 ad
711 775 1071 834 domandum
1111 778 1311 850 proni.

462 876 503 939 2
551 878 722 939 Num
769 883 993 960 prima
1033 900 1207 960 quae
1247 882 1399 942 sine
1440 881 1693 942 colono
1732 883 2152 960 priusquam
2192 890 2341 941 sata
2382 879 2566 962 nata]

293 984 488 1064 Inepte
527 984 675 1047 baec
713 987 847 1047 inde
897 987 968 1048 ab
1007 988 1213 1049 Aldina
1253 990 1509 1049 editione
1548 991 1968 1067 interrogative
2008 988 2367 1050 ferebantur.
2430 1006 2570 1049 nam

289 1096 484 1169 prima
513 1092 813 1154 Gesnerus
853 1095 1232 1156 scribendum
1263 1098 1532 1177 coniecit,
1563 1095 1719 1176 quod
1761 1115 1830 1156 ex
1863 1095 2082 1156 Veneto
2123 1096 2324 1156 codice
2354 1095 2567 1156 Ponte-

292 1200 421 1260 dera
471 1202 530 1260 in
580 1200 866 1262 addendis
913 1201 981 1261 ad
1031 1201 1278 1263 Gesneri
1327 1203 1648 1264 editionem
1700 1203 2013 1264 adnotavit.
2105 1203 2208 1263 sed
2257 1202 2328 1263 ad
2376 1202 2570 1263 brevi-

293 1316 464 1367 tatem
513 1309 799 1367 or-ationis
845 1311 1040 1386 aptius
1088 1328 1218 1369 esse
1258 1312 1448 1370 visum
1498 1320 1589 1370 est
1636 1309 1830 1369 deleto
1878 1328 2038 1383 num,
2077 1309 2234 1389 quod
2284 1327 2353 1369 ex
2402 1328 2571 1388 repe·

293 1415 389 1473 tita
444 1414 858 1493 praecedentis
921 1415 1185 1476 vocabuli
1243 1415 1459 1496 syllaba
1527 1424 1790 1477 extrema
1856 1426 2053 1477 ortum
2122 1433 2252 1476 esse
2318 1416 2570 1497 videtur,

293 1520 548 1582 scribere
579 1525 786 1598 prima
823 1541 981 1597 quae
1018 1541 1143 1602 sqq.
1210 1526 1397 1602 prima
1446 1532 1643 1584 autem
1683 1524 1908 1583 semina
1955 1531 2094 1583 sunt
2140 1493 2207 1582 ea
2247 1541 2395 1602 quae
2444 1525 2571 1583 sine

294 1627 513 1711 colono,
559 1630 908 1708 priusquam
956 1637 1322 1710 sererentur,
1362 1638 1493 1690 nata
1542 1638 1699 1708 sunt,
1746 1631 2003 1691 secunda
2052 1648 2116 1690 ea
2168 1648 2337 1712 quae,
2383 1633 2574 1710 prius·

294 1754 460 1814 quam
510 1745 633 1797 sata
682 1745 902 1818 essent,
941 1745 1072 1798 nata
1121 1756 1238 1797 non
1287 1746 1445 1818 sunt,
1486 1738 1586 1798 sed
1638 1737 1882 1798 collecta
1932 1756 2001 1797 ex
2053 1736 2169 1797 illis
2218 1756 2365 1816 quae
2405 1746 2575 1799 antea

296 1854 409 1904 sata
475 1854 661 1905 erant.
753 1853 928 1923 atque
993 1844 1165 1925 haec,
1225 1863 1373 1924 quae
1440 1845 1700 1906 secunda
1765 1845 2077 1923 dicuntur,
2134 1854 2275 1904 sunt
2325 1862 2392 1903 ea
2450 1846 2576 1924 ipsa

297 1969 438 2029 quae
477 1950 691 2012 deinde
730 1953 790 2012 in
831 1952 1092 2012 secundo
1132 1970 1348 2030 genere
1389 1953 1683 2012 seminum
1723 1949 2163 2032 describuntur,
2202 1969 2319 2010 non
2350 1951 2575 2029 reliqua

298 2059 500 2139 omnia,
551 2060 718 2138 quasi
766 2077 913 2119 nova
961 2060 1253 2119 seminum
1302 2058 1511 2119 divisio
1559 2061 1620 2119 in
1659 2058 1805 2119 duas
1852 2066 2052 2137 partes
2099 2058 2251 2118 facta
2298 2065 2475 2140 esset,
2513 2066 2579 2118 ut

298 2164 550 2226 Gesnero
602 2167 789 2226 visum
838 2173 946 2227 est.

464 2269 506 2333 3
571 2271 720 2342 Quo
777 2275 1009 2333 minus
1064 2272 1277 2334 babet
1333 2273 1627 2351 umoris]
1690 2275 1866 2346 Quod
1907 2276 2103 2334 minus
2152 2271 2573 2334 SchneideruS.

298 2359 407 2452 quo
455 2397 589 2439 cum
639 2382 1034 2458 comparativo
1084 2382 1260 2460 positi
1307 2381 1570 2460 exempla
1619 2380 1752 2440 dedi
1801 2379 1826 2439 1
1865 2376 1924 2462 8,
1962 2376 2022 2440 4.

465 2482 509 2545 4
573 2486 896 2547 Tertium
944 2506 1171 2565 genus
1218 2489 1513 2548 seminis
1562 2487 1748 2565 quod
1796 2506 1875 2547 ex
1934 2486 2190 2546 arbore
2245 2505 2373 2566 per
2420 2506 2576 2547 sur·

300 2591 438 2653 clos
485 2592 818 2655 defertur
863 2598 932 2655 in
980 2606 1247 2656 terram
1295 2598 1356 2655 si
1401 2597 1469 2656 in
1519 2594 1799 2656 humum
1850 2595 2252 2655 dimittitur
2310 2598 2378 2654 in
2427 2596 2578 2672 qui-

299 2697 577 2760 busdam
626 2720 777 2762 cum
826 2710 934 2762 est
982 2701 1364 2762 uidendum
1415 2713 1490 2763 ut
1539 2721 1616 2762 eo
1675 2710 2000 2780 tempore
2057 2702 2153 2761 sit
2209 2700 2576 2780 deplanta-

301 2813 432 2866 tum
490 2808 671 2887 quod
732 2808 1045 2887 oportet]
1096 2810 1167 2869 Si
1219 2813 1279 2869 in
1338 2812 1579 2869 humum
1630 2842 1709 2852 —
1762 2827 1897 2869 cum
1954 2816 2042 2869 est
2097 2817 2393 2888 tamquam
2450 2817 2579 2868 orta

301 2932 362 2974 ex
410 2915 889 2976 adnotationibus
937 2919 995 2976 in
1046 2919 1306 2994 margine
1367 2917 1682 2997 adscriptis
1732 2915 1995 2995 Scaliger
2051 2915 2296 2998 delevit,
2351 2915 2577 2994 reliqua

297 3023 369 3081 ita
414 3025 677 3104 scripsit,
732 3026 976 3083 tertium
1019 3042 1213 3098 oenus
1258 3028 1526 3100 seminis,
1575 3027 1740 3099 quod
1783 3043 1862 3084 ex
1909 3025 2133 3085 arbore
2172 3042 2289 3101 per
2342 3027 2578 3083 surclos

298 3131 594 3190 deseritur
642 3133 703 3190 in
751 3137 998 3191 terram.
1074 3134 1397 3192 videndum
1445 3139 1512 3191 ut
1564 3149 1634 3192 eo
1691 3139 1956 3208 tempore
2008 3134 2089 3191 sit
2145 3133 2577 3207 deplantatum,

295 3253 402 3310 quo
449 3244 696 3314 oportet.
790 3236 891 3296 sed
939 3239 1000 3297 in
1047 3237 1160 3298 hoc
1208 3256 1426 3316 genere
1475 3239 1747 3318 seminis,
1796 3236 1952 3317 quod
2015 3255 2124 3315 per
2173 3235 2447 3297 surculos
2494 3236 2578 3316 fit,

295 3341 432 3403 duae
485 3345 749 3404 rationes
789 3363 818 3403 a
858 3343 1122 3405 Varrone
1159 3344 1447 3406 indicatae
1488 3354 1643 3425 sunt,
1682 3344 1882 3426 altera,
1921 3363 2057 3405 cum
2103 3343 2400 3424 surculus,
2439 3342 2581 3403 dum

297 3449 350 3507 in
404 3449 614 3511 arbore
674 3450 908 3534 haeret,
963 3453 1022 3512 in
1085 3451 1328 3513 humum
1385 3452 1745 3533 demittitur,
1806 3461 1870 3512 ut
1927 3451 2155 3511 radices
2219 3458 2375 3532 agat,
2423 3451 2578 3529 quod

307 3572 482 3631 genus
530 3556 672 3618 Cato
722 3577 770 3619 c.
813 3555 938 3619 133
987 3557 1328 3640 descripsit3
1376 3558 1577 3637 altera,
1625 3578 1760 3619 cum
1807 3558 1879 3618 de
1927 3558 2139 3619 arbore
2189 3557 2441 3619 clavolae
2492 3557 2581 3616 vel

303 3663 475 3723 taleae
516 3683 667 3744 quae
707 3664 988 3726 dicuntur
1027 3667 1154 3725 sine
1194 3664 1492 3725 radicibus
1531 3667 1995 3727 transferuntur.
2061 3669 2121 3727 in
2161 3668 2359 3745 priore
2400 3666 2583 3743 igitur

300 3772 533 3852 ratione,
581 3772 652 3831 ad
701 3789 877 3850 quam
923 3771 1068 3833 haec
1114 3774 1434 3854 pertinent,
1471 3775 1531 3833 in
1580 3772 1935 3852 quibusdam
1983 3772 2298 3834 arboribus
2348 3780 2579 3831 certum

307 3881 528 3957 tempus
576 3878 1008 3939 observandum
1057 3886 1174 3959 est,
1222 3888 1289 3939 ut
1344 3879 1651 3958 surculuS,
1700 3898 1875 3957 quem
1934 3881 2068 3958 quis
2124 3887 2331 3957 postea
2393 3887 2582 3937 trans·

304 3980 445 4043 ferre
491 3984 634 4065 vult,
680 3967 1070 4065 deplantatuS,
1118 3985 1177 4045 id
1224 3995 1315 4046 est
1360 3988 1421 4046 in
1467 3986 1715 4047 humum
1765 3987 2059 4047 demissus
2108 3988 2211 4067 sit,
2262 3992 2582 4065 antequam

305 4106 582 4165 gemmare
649 4101 751 4154 aut
813 4093 1030 4154 florere
1094 4096 1400 4173 inceperit.
1491 4097 1693 4173 itaque
1758 4096 1977 4155 omisso
2053 4112 2219 4174 cum,
2286 4111 2395 4172 pro
2465 4111 2582 4171 quo

305 4202 483 4259 tamen
528 4202 588 4259 in
637 4200 841 4260 codice
891 4219 946 4260 m
1007 4209 1066 4260 et
1119 4202 1179 4260 in
1235 4202 1503 4279 principe
1565 4201 1825 4261 editione
1884 4201 2126 4281 legitur,
2185 4202 2397 4279 scripsi
2456 4208 2575 4259 ter-

306 4305 438 4365 tium
477 4326 672 4382 genus
700 4340 787 4349 —
823 4311 881 4368 si
924 4311 987 4368 in
1033 4310 1276 4368 humum
1323 4311 1673 4383 demittitur,
1722 4311 1783 4368 in
1832 4309 2191 4382 quibusdam
2239 4314 2328 4367 est
2373 4309 2574 4367 viden-

307 4413 434 4472 dum
477 4422 545 4475 ut
589 4432 660 4475 eo
708 4422 975 4490 tempore
1020 4417 1098 4473 sit
1145 4416 1577 4490 deplantatum,
1626 4431 1743 4489 quo
1791 4419 2038 4488 oportet.

461 4519 532 4580 Id
584 4520 674 4581 fit
722 4519 898 4596 tum]
950 4521 1028 4580 Id
1065 4523 1139 4593 fit
1187 4528 1384 4581 tamen
1436 4541 1508 4601 m,
1557 4525 1625 4581 id
1662 4524 1736 4594 fit
1782 4523 1939 4579 enim
1987 4518 2229 4580 Merula.

394 4631 540 4673 Vann.
571 4642 678 4672 mm.
706 4642 841 4671 nvsm.
895 4631 956 4670 Π.
2131 4630 2159 4675 7
