3178 5185
536 416 622 479 66
1222 422 1606 478 COMMENT.
1641 422 1722 476 IN
1759 422 2135 476 VARRONIS

538 577 782 639 Merula.
850 585 1111 638 veterem
1149 576 1465 639 lectionem
1501 577 1784 657 Angelius
1832 578 2111 638 restituit.
2189 575 2597 637 Schneiderus
2635 584 2848 636 tamen

538 702 720 763 pravo
779 684 998 745 indicio
1044 683 1303 771 Merulae
1360 684 1773 764 supplementa
1821 683 2092 763 probavit
2148 693 2206 744 et
2262 685 2323 744 in
2380 682 2541 743 hunc
2591 682 2849 743 modum

538 793 801 874 refinxit,
847 795 978 852 sine
1024 798 1267 865 aratr0‚
1326 798 1450 852 tum
1497 810 1566 853 eo
1615 795 1733 853 levi
1773 794 1956 852 simul
2002 794 2196 865 aradi
2233 790 2506 865 saciant,
2553 797 2622 850 ut
2661 792 2849 866 prin-

540 901 699 975 ‘cipio
739 932 821 942 —-
855 902 1214 976 procedant.

719 1005 758 1068 3
815 1005 1360 1066 Consuetudine
1392 1004 1912 1066 celeberrimae
1953 1005 2034 1065 ad
2071 1004 2472 1066 utilitatem
2510 1002 2848 1079 adducit]

552 1114 960 1174 Celeberrima
1016 1111 1268 1192 Merula,
1326 1114 1719 1173 celeberrime
1773 1112 2080 1192 AngeliuS‚
2138 1113 2463 1172 celerrima
2517 1110 2852 1190 VictoriuS,

538 1223 860 1280 celerrime
908 1218 1327 1281 Schneiderus
1412 1222 1811 1281 celeberrima
1870 1237 1940 1279 ex
1987 1220 2257 1297 principe
2309 1217 2566 1278 editione
2615 1219 2854 1297 recepi.

540 1345 676 1386 nam
723 1335 969 1405 propter
1017 1324 1421 1387 celebritatem
1469 1325 1738 1387 locorum
1785 1327 1911 1406 ipsa
1960 1325 2364 1406 consuetude,
2408 1342 2559 1402 quae
2606 1325 2672 1384 in
2724 1323 2854 1384 illis

539 1433 686 1494 locis
737 1434 884 1494 facta
932 1441 1041 1515 est,
1087 1431 1339 1493 celebris
1386 1433 1625 1494 dicitur.

719 1540 1043 1600 Alternis
1092 1538 1212 1616 fit]
1260 1540 1539 1600 Alternis
1596 1540 1685 1601 vel
1733 1544 1992 1602 alterius
2041 1543 2116 1614 fit
2170 1539 2421 1619 plurima
2479 1539 2852 1620 apographa,

543 1650 799 1708 alternis
843 1650 924 1707 sit
968 1646 1148 1707 editio
1196 1648 1475 1726 princeps
1523 1665 1556 1707 a
1611 1645 1899 1708 Politiano
1946 1665 2066 1707 non
2115 1654 2400 1728 correcta,
2456 1648 2722 1706 alterius
2771 1648 2859 1706 sit

542 1753 725 1813 codex
778 1752 1170 1814 FlorentinuS.

612 1880 615 1884 ·
718 1857 762 1920 4
827 1857 957 1920 Ubi
1022 1866 1214 1920 terra
1281 1860 1467 1924 leuis
1535 1869 1611 1922 ut
1674 1864 1745 1922 in
1813 1863 2179 1941 campania
2242 1859 2344 1921 ibi
2407 1878 2545 1919 non
2600 1858 2853 1920 bubus

543 1966 895 2045 grauibus
952 1966 1076 2028 sed
1132 1969 1379 2028 uaccis
1441 1976 1562 2028 aut
1616 1970 1847 2029 asinis
1903 1968 2088 2047 quod
2145 1973 2349 2028 arant
2404 1984 2481 2025 eo
2540 1965 2856 2027 facilius

542 2073 620 2133 ad
687 2081 1007 2134 aratrum
1073 2073 1233 2135 leue
1289 2075 1546 2135 adduci
1603 2081 1908 2154 possunt
1967 2072 2046 2133 ad
2106 2072 2326 2133 molas
2383 2084 2451 2133 et
2506 2073 2588 2133 ad
2644 2092 2728 2133 ea
2792 2076 2854 2134 s'i

542 2198 717 2259 quae
783 2188 951 2240 sunt
1007 2198 1183 2259 quae
1241 2183 1311 2242 in
1367 2180 1584 2242 fundo
1643 2178 2189 2257 conuehnntur]
2262 2179 2478 2240 Vaccis
2532 2185 2596 2241 et
2648 2183 2856 2241 asinis

545 2289 729 2349 editio
768 2289 1048 2366 princeps
1088 2306 1118 2348 a
1166 2287 1457 2348 Politiano
1495 2307 1617 2348 non
1657 2297 1928 2349 correcta
1965 2294 2027 2347 et
2063 2286 2250 2347 codex
2288 2285 2598 2366 CaesenaS,
2626 2289 2856 2348 naccis

541 2402 651 2455 aut
697 2398 888 2455 asinis
934 2394 1165 2473 reliqui.
1240 2397 1349 2456 ubi
1391 2377 1565 2456 terra
1613 2398 1785 2475 levis,
1843 2397 1932 2456 ibi
1973 2411 2093 2455 non
2142 2395 2335 2454 bubus
2387 2394 2721 2469 qravibus,
2781 2401 2855 2454 ut

539 2504 604 2560 in
670 2502 1002 2577 Campania
1068 2503 1324 2562 coniecit
1397 2500 1716 2565 GesneruS.
1802 2499 2091 2561 librorum
2158 2501 2517 2579 scripturam
2574 2499 2855 2560 defendit

545 2606 946 2668 Schneiderus
995 2607 1222 2668 collatis
1269 2611 1342 2669 iis
1382 2627 1532 2688 quae
1581 2609 1654 2670 de
1695 2616 1854 2670 terra
1895 2608 2244 2689 Campanica
2290 2606 2658 2668 rettulerunt
2699 2607 2850 2669 Cato

542 2733 592 2775 c.
644 2710 774 2776 135
840 2722 1062 2775 aratra
1119 2719 1181 2776 in
1237 2723 1470 2777 terram
1535 2719 1801 2777 validam
1857 2717 2200 2778 Romanica
2266 2717 2423 2775 bona
2488 2722 2704 2789 erunt,
2786 2718 2853 2775 in

545 2828 780 2881 terram
831 2824 1062 2897 pullam
1127 2823 1498 2899 Campanica
1554 2832 1617 2884 et
1663 2823 1983 2885 Columella
2031 2821 2083 2881 11
2127 2820 2234 2904 10,
2267 2819 2348 2884 18
2397 2828 2585 2898 putre
2632 2826 2852 2895 solum,

541 2930 707 3003 quod
770 2928 1067 3003 Campani
1107 2933 1342 3005 pullum
1398 2936 1637 2993 vocant.
1710 2930 1783 2991 de
1838 2928 2035 2991 bubus
2091 2928 2402 3009 Campanis
2457 2927 2614 3006 apud
2664 2928 2855 2989 Colu-

543 3034 777 3095 mellam
824 3033 899 3092 vl
946 3032 1007 3114 1,
1049 3032 1082 3094 1
1144 3037 1366 3115 scripta
1424 3044 1563 3096 sunt
1622 3035 1792 3117 haec,
1865 3035 2199 3112 Campania
2250 3038 2609 3111 plerumque
2666 3038 2854 3097 boves

535 3148 916 3217 propenerat
953 3143 1121 3202 albos
1168 3149 1227 3202 et
1272 3145 1460 3203 exiles
1468 3189 1486 3223 ,
1543 3144 1747 3203 labori
1791 3148 1990 3202 tamen
2039 3148 2099 3202 et
2143 3144 2427 3202 culturae
2474 3145 2681 3218 patrii
2733 3146 2856 3204 soli

542 3266 661 3308 non
720 3249 1043 3322 inhabiles,
1112 3247 1182 3308 de
1250 3247 1531 3308 facilitate
1593 3247 1861 3309 culturae
1920 3246 1967 3305 V
2002 3244 2074 3327 4,
2112 3244 2153 3308 3
2218 3249 2551 3324 Campania
2594 3279 2676 3289 —-
2723 3267 2851 3309 non

540 3357 737 3414 utitur
801 3355 920 3414 bac
976 3357 1279 3415 molitione
1343 3361 1577 3437 terrae,
1643 3358 1789 3430 quia
1850 3353 2126 3428 facilitas
2176 3357 2307 3414 eius
2369 3357 2484 3415 soli
2544 3357 2852 3415 minorem

542 3477 791 3537 operam
857 3463 1185 3523 desiderat.
1232 3495 1315 3502 —-
1366 3463 1556 3522 bubus
1617 3463 1963 3536 arandibus
2027 3462 2284 3520 coniecit
2338 3459 2614 3539 UrsinuS,
2683 3461 2851 3521 idem
2877 3457 2892 3467 '

543 3575 741 3627 tamen
796 3568 1092 3642 pravibus
1148 3566 1384 3628 defendi
1441 3586 1617 3646 posse
1674 3567 1972 3628 adnotavit
2028 3567 2296 3647 exemplo
2343 3567 2624 3627 Varronis
2682 3568 2847 3649 apud

547 3673 805 3734 Nonium
853 3690 910 3752 p.
949 3670 1109 3754 314,
1146 3672 1230 3735 28
1304 3675 1500 3735 Varro
1563 3676 2146 3735 Gerontodidascalo
2212 3676 2322 3735 ubi
2372 3692 2596 3749 araves
2652 3694 2849 3751 pavo-

545 3798 688 3841 num
751 3784 1004 3840 alantur
1059 3787 1243 3856 atque
1289 3788 1635 3856 pascantur
1684 3799 1924 3856 preces,
2007 3798 2257 3841 acumen
2312 3782 2595 3842 orationis
2656 3781 2849 3843 Varro

545 3888 907 3966 quaesivisse
973 3886 1208 3947 videtur
1275 3886 1508 3948 duobus
1573 3887 1878 3947 adiectivis
1944 3890 2089 3948 levis
2155 3898 2215 3948 et
2272 3891 2488 3963 pravis
2552 3890 2714 3948 inter
2781 3908 2847 3949 se

545 3995 852 4073 oppositis,
928 3994 991 4053 in
1046 3994 1295 4072 reliquis
1351 3996 1705 4055 sententiam
1762 3992 2083 4054 verborum
2144 3993 2547 4055 Schneiderus
2601 4003 2848 4073 pertur-

543 4099 721 4181 bavit,
769 4118 905 4160 cum
954 4099 1098 4161 haec
1146 4103 1225 4162 ita
1274 4101 1496 4181 ederet,
1553 4120 1623 4163 eo
1665 4100 1919 4175 facilius
1966 4104 2053 4161 ad
2096 4108 2378 4162 aratrum
2435 4104 2562 4162 leve
2607 4105 2852 4164 adduci

538 4214 807 4284 possunt.
883 4209 969 4266 ad
1011 4211 1199 4268 molas
1246 4215 1306 4268 et
1350 4210 1437 4268 ad
1479 4226 1571 4286 ea,
1618 4210 1675 4267 si
1717 4224 1877 4282 quae
1920 4214 2079 4281 sunt,
2135 4225 2293 4282 quae
2338 4210 2401 4268 in
2440 4206 2640 4283 fundo
2699 4227 2844 4271 con·

544 4315 864 4391 vehuntur,
911 4308 1013 4392 [in
1061 4331 1183 4389 qua
1229 4310 1337 4393 re]
1385 4317 1498 4375 alii
1541 4316 1761 4393 asellis,
1809 4316 1922 4373 alii
1963 4316 2171 4374 vaccis
2217 4331 2296 4374 ac
2341 4315 2518 4373 mulis
2563 4320 2845 4376 utuntur.

548 4437 681 4479 nam
719 4436 856 4479 cum
896 4420 1008 4478 tria
1047 4421 1187 4500 sint,
1225 4419 1294 4480 ad
1337 4437 1486 4498 qnae
1526 4417 1797 4478 adbiberi
1834 4419 2067 4478 iuvenci
2096 4427 2365 4498 possunt,
2393 4418 2521 4479 leve
2557 4431 2844 4502 aratrum,

547 4524 754 4604 molae,
803 4542 870 4583 ea
918 4542 1067 4601 quae
1115 4526 1177 4582 in
1228 4523 1408 4584 fundo
1459 4524 1892 4606 convehuntur,
1939 4542 2076 4584 cum
2122 4526 2322 4602 priore
2369 4542 2621 4608 genere,
2680 4527 2842 4605 quod
