3178 5185
567 381 697 445 184
1552 379 1929 436 VARRONIS

567 551 833 610 accessit.
928 568 1064 612 nam
1110 550 1278 627 prius
1327 548 1583 629 radiceS‚
1632 567 1807 627 quam
1862 568 1933 609 ex
1980 550 2055 609 iis
2103 548 2261 629 quod
2304 548 2454 610 solet
2499 550 2689 626 nasci,
2739 567 2868 608 cre·

567 663 758 717 scunt.
858 674 1052 736 neque
1119 656 1350 717 radices
1407 655 1641 734 longius
1697 656 2056 736 procedunt,
2124 657 2239 716 nisi
2300 675 2418 735 quo
2475 664 2646 735 tepor
2702 657 2869 716 venit

567 763 723 824 solis,
824 763 1039 842 duplex
1112 781 1286 822 causa
1354 762 1648 843 radicum,
1727 764 1883 842 quod
1953 772 2012 824 et
2078 764 2385 823 materiem
2451 762 2620 823 aliam
2687 781 2867 843 quam

564 869 735 931 aliam
774 870 1007 949 longius
1047 872 1263 948 proicit
1290 877 1518 951 natura,
1558 881 1618 932 et
1648 871 1804 949 quod
1836 870 1945 931 alia
1976 878 2133 931 terra
2165 868 2537 931 alia'facilius
2566 872 2715 930 viam
2748 870 2866 930 dat.

337 975 509 1035 XLVI
564 985 809 1058 propter
857 979 1028 1038 cuius
1077 977 1237 1037 modi
1291 996 1389 1037 res
1428 978 1770 1038 admiranda
1810 978 2152 1039 discrimina
2191 985 2331 1038 sunt
2369 985 2580 1038 natura
2617 976 2866 1058 aliquot,
2932 989 2962 1029 5

564 1105 634 1144 ex
684 1082 1041 1163 quibusdam
1088 1084 1244 1144 foliis
1290 1092 1538 1165 propter
1584 1104 1791 1146 eorum
1839 1103 2162 1166 versuram,
2211 1086 2367 1164 quod
2419 1087 2497 1145 sit
2535 1086 2674 1144 anni
2711 1093 2862 1145 tem-

563 1210 702 1270 pus,
771 1198 838 1252 ut
894 1192 1011 1252 dici
1066 1193 1282 1273 possit,
1352 1199 1417 1252 ut
1473 1193 1600 1253 olea
1657 1201 1716 1253 et
1772 1192 2027 1272 populus
2085 1192 2213 1252 alba
2275 1201 2335 1253 et
2382 1191 2544 1253 salix.
2647 1191 2866 1251 horum

565 1301 720 1359 enim
779 1298 914 1359 folia
972 1318 1108 1359 cum
1165 1307 1591 1360 converterunt
1647 1317 1739 1380 se,
1811 1299 2130 1360 solstitium
2190 1300 2411 1360 dicitur
2458 1300 2658 1359 fuisse.
2752 1316 2867 1358 nec

565 1407 762 1465 minus
819 1406 1228 1467 admirandum
1288 1407 1444 1486 quod
1498 1408 1563 1468 fit
1610 1409 1672 1467 in
1719 1405 1995 1487 ssoribuS‚
2056 1424 2205 1485 quos
2253 1413 2463 1466 vocant
2508 1405 2867 1484 heliotropia

565 1512 636 1572 ab
703 1531 800 1593 eo,
878 1513 1035 1592 quod
1101 1514 1172 1574 ad
1240 1513 1382 1575 solis
1446 1491 1644 1574 ortum
1709 1533 1879 1574 mane
1948 1519 2217 1592 spectant
2285 1520 2345 1573 et
2410 1514 2539 1573 eius
2603 1513 2717 1572 iter
2781 1514 2867 1573 ita
2903 1523 2962 1561 1⁰

568 1627 857 1680 secuntur
903 1621 972 1681 ad
1024 1639 1327 1702 occasum,
1375 1629 1442 1683 ut
1488 1620 1559 1681 ad
1610 1639 1745 1681 eum
1795 1638 2033 1699 semper
2079 1627 2367 1698 spectent.

330 1726 537 1787 XLVII
762 1726 824 1787 ln
882 1729 1199 1788 seminario
1249 1747 1398 1807 quae
1447 1728 1705 1790 surculis
1752 1731 1977 1789 consita
2027 1735 2332 1787 eteorum
2379 1726 2643 1788 molliora
2692 1735 2877 1788 erunt

565 1840 774 1893 natura
846 1836 1179 1915 cacumina,
1245 1842 1310 1896 ut
1372 1835 1497 1895 olea
1556 1854 1624 1895 ac
1681 1836 1854 1916 ficus,
1924 1854 1989 1894 ea
2049 1852 2277 1894 summa
2333 1834 2649 1913 integenda
2706 1833 2868 1894 binis

526 1940 796 2001 'tabellis
843 1940 1050 2002 dextra
1097 1950 1156 2002 et
1205 1944 1445 2003 sinistra
1494 1942 1746 2021 deligata
1784 1941 2124 2021 herbaeque
2164 1941 2485 2020 eligendae.
2579 1960 2681 2001 eae
2719 1941 2864 2002 dum

563 2055 801 2108 tenerae
870 2056 1034 2130 sunt,
1100 2049 1416 2125 vellendae.
1525 2051 1694 2129 prius
1751 2051 1909 2110 enim
1965 2049 2161 2109 aridae
2223 2048 2409 2109 sactae
2465 2050 2737 2108 rixantur
2792 2067 2863 2108 ac
2899 2064 2955 2105 15

562 2156 817 2216 celerius
877 2165 1264 2258 rumpuntur,
1315 2176 1490 2237 quam
1546 2163 1849 2217 secuntur.
1943 2163 2147 2217 contra
2203 2154 2387 2215 herba
2445 2157 2504 2215 in
2554 2157 2740 2233 pratis
2788 2157 2861 2215 ad

562 2281 728 2342 spem
776 2264 1113 2324 faenisiciae
1172 2274 1306 2325 nala
1354 2282 1472 2324 non
1519 2264 1694 2324 modo
1742 2282 1862 2323 non
1912 2262 2212 2323 evellenda
2258 2264 2320 2322 in
2367 2264 2698 2343 nutricatu,
2756 2263 2860 2323 sed

563 2372 739 2429 etiam
787 2389 906 2430 non
954 2370 1246 2432 calcanda.
1334 2391 1450 2450 quo
1500 2379 1558 2432 et
1588 2390 1791 2450 ,pecus
1838 2370 1914 2431 ab
1954 2377 2121 2449 prato
2160 2368 2550 2447 ablegandum
2588 2377 2647 2430 et
2685 2388 2860 2430 omne

560 2478 910 2558 iumentum,
959 2480 1135 2538 etiam
1182 2478 1500 2541 hominem.
1596 2479 1785 2539 solum
1835 2480 1993 2538 enim
2039 2478 2299 2537 hominis
2347 2479 2592 2538 exitium
2641 2476 2859 2537 herbae

297 2583 524 2644 XLVIll
564 2591 624 2645 et
686 2587 929 2647 semitae
987 2585 1452 2648 fundamentum.
1551 2588 1614 2646 in
1672 2584 1974 2665 segetibus
2029 2594 2226 2648 autem
2282 2585 2673 2667 frumentum,
2735 2604 2851 2664 quo
2889 2603 2949 2642 20

704 2782 735 2830 ·2
774 2792 954 2845 neque
992 2776 1210 2832 radices
1249 2778 1467 2848 longius
1510 2777 1772 2846 Theophr.
1811 2778 1935 2832 hist.
1964 2776 2147 2846 plant.
2186 2775 2231 2829 I
2261 2780 2315 2842 7,
2350 2780 2382 2829 1
2428 2776 2578 2831 Ptin.
2621 2780 2710 2843 16,
2747 2780 2858 2831 129

704 2872 735 2918 3
785 2883 953 2921 causa
999 2865 1251 2921 radicum
1300 2866 1510 2923 Charis,
1545 2883 1603 2936 p.
1642 2870 1770 2934 142,
1809 2871 1879 2920 14
2024 2871 2055 2920 5
2101 2866 2331 2935 propter
2377 2864 2533 2919 cuius
2581 2865 2734 2920 modi
2771 2881 2858 2919 res

532 2954 828 3047 fTheophr.
875 2956 1000 3012 hist.
1035 2957 1213 3025 plant.
1255 2957 1298 3009 I
1334 2960 1421 3023 10,
1459 2962 1490 3011 1
1539 2957 1689 3011 Ptin.
1728 2961 1783 3023 2,
1821 2961 1935 3011 108

707 3140 732 3187 1
776 3151 945 3202 quam
994 3151 1061 3189 ex
1109 3132 1179 3186 iis
1228 3133 1378 3201 quod
1427 3133 1612 3188 solent
1649 3134 1767 3187 PB
1813 3151 1923 3202 qua
1968 3150 2036 3188 ex
2079 3131 2152 3186 iis
2191 3131 2341 3199 quod
2378 3133 2562 3186 solent
2597 3130 2654 3185 A
2688 3148 2856 3200 quam

560 3239 627 3275 ex
683 3221 752 3276 iis
812 3239 955 3289 quae
1014 3221 1198 3276 solent
1242 3238 1274 3276 v
1430 3229 1461 3276 2
1518 3224 1683 3291 tepor
1738 3221 1895 3276 uenit
1950 3221 2085 3275 solis
2136 3221 2351 3290 Popma
2404 3223 2652 3289 tempore
2700 3219 2860 3273 uenit

560 3309 693 3363 solis
725 3309 907 3363 PAB
943 3311 1196 3380 tempore
1235 3309 1392 3364 uenit
1427 3311 1511 3365 sol
1546 3310 1636 3365 his
1670 3327 1703 3365 v
1847 3317 1879 3365 3
1918 3308 2190 3364 radicium
2222 3310 2511 3365 Charisius
2542 3327 2599 3378 p.
2628 3313 2758 3375 142,
2788 3314 2858 3363 14

703 3398 996 3454 materiem
1043 3400 1164 3455 AB
1217 3398 1513 3455 materiam
1570 3401 1624 3455 V
1782 3406 1813 3454 5
1861 3398 2192 3453 admiranda
2252 3399 2360 3452 VA
2407 3399 2757 3454 ammiranda
2803 3400 2858 3453 B

702 3491 902 3543 natura
957 3466 1191 3558 aliquod
1240 3488 1426 3544 PAB
1478 3489 1760 3544 naturalia
1816 3488 1966 3557 quod
2001 3506 2055 3543 m
2101 3506 2231 3543 nam
2278 3488 2498 3558 aliquot
2524 3505 2556 3543 v
2587 3531 2598 3543 .
2627 3488 2859 3556 fortasse

557 3616 793 3668 naturae
831 3611 1051 3682 aliquot
1197 3620 1263 3669 10
1299 3614 1373 3669 ad
1409 3614 1565 3687 solis]
1602 3582 1783 3672 geniis
1819 3614 1875 3669 A
2020 3615 2382 3683 spectantant
2420 3630 2561 3669 corr.
2595 3615 2857 3683 spectant

549 3704 741 3771 priore
813 3704 930 3757 loco
985 3702 1041 3757 A
1190 3709 1253 3758 ll
1312 3705 1573 3759 secuntur
1630 3704 1749 3758 AB
1816 3704 2124 3773 sequuntur
2185 3703 2239 3758 V
2394 3704 2649 3773 spectant
2715 3719 2857 3758 corr.

559 3793 814 3860 spectent
841 3793 1140 3863 posteriore
1176 3793 1288 3846 loco
1325 3792 1381 3847 A

704 3886 768 3934 13
825 3881 1116 3935 cacumina
1171 3883 1600 3953 superscriptum
1643 3883 1708 3936 in
1753 3882 1807 3936 A
1953 3899 2017 3937 ac
2065 3882 2201 3935 ficus
2260 3881 2370 3935 Vm
2418 3897 2483 3935 ao
2520 3882 2556 3934 fi
2595 3880 2715 3936 AB

703 3969 792 4041 ea]
833 3986 901 4023 ca
937 3986 1074 4024 corr.
1114 3985 1180 4024 ea
1216 3975 1279 4025 ut
1313 3971 1531 4026 videtur
1557 3970 1615 4024 A
1760 3968 2064 4039 integendo
2092 3968 2146 4023 A
2296 3974 2363 4022 14
2392 3968 2644 4038 deligata
2673 3970 2858 4023 PAB

557 4058 798 4129 alligata
824 4075 856 4113 v
887 4057 1150 4128 deligatis
1180 4061 1472 4116 Iwcwndus
1618 4058 1911 4133 eligendae
1940 4059 1996 4112 B
2141 4075 2239 4113 eae
2269 4058 2404 4111 dum
2444 4058 2558 4113 VB
2584 4057 2782 4113 cedum
2802 4060 2858 4112 A

556 4166 693 4205 corr.
725 4149 933 4203 hedum
960 4147 1044 4201 A²
1071 4148 1176 4203 hec
1204 4149 1333 4203 dum
1362 4168 1415 4204 m
1526 4155 1593 4203 16
1632 4149 1892 4204 secuntur
1918 4148 2041 4203 AB
2068 4150 2377 4218 sequuntur
2407 4146 2459 4199 V
2561 4146 2734 4201 herba
2760 4164 2860 4201 mv

557 4239 788 4292 herbam
809 4237 994 4292 PAB
1090 4242 1151 4292 17
1183 4237 1468 4294 fenisiciae
1484 4237 1606 4293 AB
1636 4236 1961 4292 foenisiciae
1985 4237 2040 4290 V
2126 4242 2190 4291 18
2221 4254 2331 4305 quo
2362 4238 2421 4290 et
2443 4236 2556 4290 VB
2576 4234 2674 4304 qui
2694 4237 2855 4303 (corr.

555 4331 619 4381 ut
654 4326 875 4381 videtur
912 4326 1043 4394 quo)
1084 4327 1142 4381 et
1170 4326 1222 4379 A
1264 4327 1398 4394 quin
1426 4329 1485 4382 et
1512 4345 1563 4381 m
1709 4327 1782 4380 ab
1817 4328 1984 4395 prato
2018 4326 2073 4378 P
2099 4327 2170 4380 ab
2199 4328 2390 4396 pratro
2420 4324 2476 4379 A
2504 4341 2539 4377 a
2566 4326 2727 4393 prato
2755 4326 2856 4379 Βυ

698 4421 768 4469 20
831 4418 1064 4483 fortasse
1126 4415 1393 4470 frumenti
1456 4433 1626 4485 quam
1693 4414 1907 4470 culmus
2089 4431 2198 4485 quo
2257 4414 2472 4469 culmus
2541 4412 2651 4466 VB
2705 4414 2859 4481 quod

556 4505 770 4559 culmus
808 4504 925 4560 Am
