3178 5185
873 402 1134 457 RERVM
1178 401 1664 458 RVSTICARVM
1700 402 1835 458 LIB.
1873 404 1952 457 III
1993 401 2029 457 2
2463 395 2594 460 229

291 557 413 634 ,qui
459 555 540 615 ibi
589 557 714 616 nati
759 564 947 637 erant,
987 556 1160 616 Seius
1208 575 1279 617 ex
1328 576 1432 617 sua
1471 556 1604 617 villa
1646 555 1977 617 macellario
2016 557 2219 618 vendit
2257 576 2435 637 apros
2475 576 2593 618 non

316 672 475 721 natos
523 661 766 743 ibidem,
812 662 915 722 sed
964 664 1026 722 in
1073 661 1366 742 leporario
1414 663 1661 724 habitos·

485 765 568 829 12
635 768 858 829 Posse
915 768 994 828 ad
1053 777 1118 829 te
1178 769 1382 847 sieri]
1442 773 1544 831 Ad
1596 778 1654 831 te
1708 771 1902 830 omnia
1960 770 2294 849 apographa
2352 779 2411 831 et
2457 779 2592 831 ante

315 874 632 935 Victorium
679 875 980 957 Angelius,
1027 880 1196 953 apud
1239 884 1297 937 te
1343 879 1404 936 in
1459 879 1729 956 principe
1787 876 2045 938 editione
2094 877 2419 938 Politianus
2467 896 2590 938 non

311 983 578 1042 correxit.

482 1084 563 1147 13
642 1086 786 1147 Duo
853 1090 1036 1148 enim
1111 1108 1372 1168 genera
1448 1108 1605 1151 cum
1680 1091 1828 1150 sint
1900 1093 2311 1168 pastionum
2377 1107 2589 1150 unum

309 1202 583 1271 agreste
634 1194 704 1252 in
746 1211 881 1272 quo
920 1196 1307 1273 pecuariae
1346 1205 1512 1257 sunt
1549 1195 1855 1256 alterum
1896 1195 2303 1257 uillaticum
2341 1198 2410 1256 in
2450 1202 2589 1274 q'uo

311 1307 471 1359 sunt
507 1299 826 1378 gallinae
864 1319 941 1361 ac
980 1299 1349 1362 columbae
1388 1310 1458 1363 et
1495 1321 1662 1382 apes
1702 1311 1771 1363 et
1808 1311 2049 1363 cetera
2089 1303 2373 1381 quaein
2413 1301 2590 1362 uilla

309 1406 534 1466 solent
581 1408 783 1486 pasci
830 1407 910 1467 de
959 1407 1221 1486 quibus
1269 1417 1337 1469 et
1392 1428 1670 1488 poenus
1727 1428 1921 1488 mago
1979 1418 2047 1470 et
2104 1411 2384 1470 cassius
2440 1408 2591 1468 dio·

308 1514 549 1593 nysius
599 1522 671 1574 et
717 1512 843 1572 alii
891 1512 1074 1591 quod
1122 1516 1508 1592 separatim
1557 1534 1633 1576 ac
1681 1515 2068 1594 dispersim
2108 1517 2177 1575 in
2220 1514 2432 1575 libris
2480 1533 2590 1576 re·

309 1619 681 1699 liquerunt
720 1638 896 1698 quas
935 1621 1136 1681 seius
1174 1620 1440 1699 legisse
1479 1621 1815 1698 uidetur]
1855 1623 1991 1683 Duo
2024 1640 2261 1699 ⁸qenera
2291 1631 2350 1683 et
2379 1622 2592 1683 deinde
2641 1676 2654 1686 .

309 1744 447 1801 quos
494 1727 677 1786 Seius
723 1725 904 1786 editio
950 1728 1257 1806 princeps:
1312 1745 1466 1802 quas
1510 1727 1839 1807 Politianus
1896 1746 1967 1787 ex
2017 1727 2222 1788 codice
2276 1727 2592 1790 adnotavit.

307 1836 418 1894 duo
454 1835 616 1894 enim
651 1850 887 1907 ,qenera
916 1849 1052 1893 cum
1085 1835 1207 1893 sint
1235 1865 1319 1875 —
1351 1836 1464 1894 alii
1496 1837 1651 1909 quid
1673 1836 2006 1911 separatim
2045 1852 2123 1895 ac
2161 1838 2479 1911 dispersim
2527 1838 2590 1896 in

307 1941 472 1999 libris
509 1941 913 2014 reliquerunt,
952 1956 1100 2014 quos
1138 1940 1315 2000 Seius
1352 1942 1568 2014 leqisse
1606 1942 1849 2000 videtur
1895 1939 2050 2000 edita
2089 1940 2226 2000 inde
2272 1939 2345 2000 ab
2382 1939 2589 2001 Aldina

303 2046 554 2106 editione
605 2044 980 2124 exemplaria.
1073 2044 1145 2105 de
1206 2053 1509 2105 structura
1555 2046 1875 2115 verborum
1933 2045 2233 2107 Gesnerus
2292 2046 2591 2107 adnotavit

302 2152 462 2233 haec,
512 2147 806 2232 ‘protasis
853 2152 1194 2213 continetur
1241 2151 1383 2211 solis
1429 2149 1628 2212 verbis
1676 2154 1795 2213 duo
1832 2155 1990 2214 enim
2023 2171 2259 2228 qenera
2298 2171 2434 2214 cum
2470 2157 2593 2214 sint

295 2263 659 2335 pastionum,
708 2257 937 2337 reliqua
976 2260 1169 2317 omnia
1208 2260 1512 2336 pertinent
1550 2258 1620 2318 ad
1662 2255 2008 2339 apodosin'3
2046 2262 2162 2319 hoc
2207 2254 2415 2340 (immo
2452 2253 2591 2341 hos)

300 2366 469 2426 Seius
516 2364 707 2426 scribi
753 2364 938 2424 voluit
984 2363 1266 2445 Ursinus,
1327 2367 1446 2426 duo
1490 2382 1724 2438 qenera
1769 2373 1912 2426 sunt
1950 2368 2296 2442 pastionum
2345 2364 2591 2426 Schnei-

300 2471 489 2533 deruS.
566 2474 683 2533 alii
734 2473 1035 2545 quaedam
1093 2477 1155 2530 et
1211 2469 1423 2530 deinde
1479 2488 1639 2545 quae
1684 2472 1862 2532 Seius
1907 2473 2137 2550 scripsi.
2214 2489 2348 2531 nam
2404 2473 2587 2532 inter-

299 2580 470 2640 missa
516 2589 658 2660 post
713 2576 1016 2638 relativam
1078 2578 1432 2638 sententiam
1489 2581 1565 2639 de
1619 2580 1840 2653 quibus
1882 2611 1959 2622 —
2002 2580 2387 2653 reliquerunt
2432 2597 2588 2640 com·

297 2689 508 2765 positio
567 2684 887 2745 verborum
947 2684 1353 2763 neglegentiae
1410 2703 1442 2745 a
1498 2683 1783 2746 Varronis
1839 2704 2113 2746 sermone
2181 2704 2297 2745 non
2363 2686 2585 2748 alienae

302 2793 478 2854 tribui
516 2794 762 2873 poterit,
801 2795 920 2852 duo
958 2793 1117 2852 enim
1141 2809 1378 2866 qenera
1415 2809 1552 2852 eum
1588 2795 1713 2852 sint
1741 2795 2087 2869 pastionum
2116 2826 2219 2868 —-‚
2259 2795 2335 2855 de
2371 2795 2589 2868 quibus

298 2907 352 2959 et
395 2901 640 2961 Poenus
686 2898 874 2973 Maqo
936 2905 996 2958 et
1047 2899 1290 2958 Cassius
1341 2900 1670 2975 Dionysius
1725 2906 1784 2959 et
1829 2902 1942 2959 alii
1984 2901 2283 2973 quaedam
2320 2932 2408 2941 —
2445 2903 2585 2961 reli-

296 3014 573 3080 querunt,
626 3022 785 3079 quae
822 3005 999 3065 Seius
1027 3007 1242 3080 leqisse
1269 3007 1511 3065 videtur
1556 3012 1617 3066 et
1662 3007 1797 3065 ideo
1845 3023 1924 3065 ex
1966 3008 2040 3065 iis
2077 3006 2462 3083 pastionibus
2504 3039 2580 3050 —

291 3111 535 3186 fruetus
588 3129 831 3188 capere.
923 3110 1032 3170 alia
1079 3112 1208 3170 eius
1255 3110 1661 3171 anacoluthiae
1709 3109 1972 3191 exempla
2022 3113 2329 3190 composui
2375 3109 2400 3169 Ι
2443 3109 2496 3191 1,
2527 3109 2587 3173 2.

470 3216 558 3280 14
619 3218 972 3297 Aprorum
1031 3225 1317 3277 ceterae
1365 3216 1834 3295 uenationes]
1885 3218 2189 3295 Aprorum
2237 3225 2296 3278 et
2341 3226 2587 3280 ceterae

297 3327 634 3387 venationis
671 3323 992 3384 lucunduS.
1069 3341 1361 3400 aprorum
1400 3332 1459 3385 et
1495 3331 1705 3385 cetera
1743 3327 2079 3386 venationis
2117 3325 2299 3385 editio
2339 3323 2586 3385 Victorii

297 3433 607 3492 manifesto
655 3430 900 3490 editoris
948 3448 1173 3509 errore,
1220 3432 1323 3508 qui
1373 3439 1568 3490 tamen
1619 3430 1833 3491 deinde
1881 3433 1940 3491 in
1989 3430 2249 3510 reliquas
2291 3431 2583 3492 editiones

294 3545 654 3618 propagatus
711 3545 854 3597 erat.
937 3540 1178 3598 uenatio
1234 3535 1453 3597 dicitur
1509 3554 1684 3596 omne
1749 3555 1938 3615 genus
2003 3537 2367 3617 animalium,
2432 3556 2583 3616 quae

294 3653 494 3726 saepto
525 3641 934 3722 includuntur,
973 3641 1054 3702 111
1088 3640 1185 3723 12,
1217 3640 1258 3704 2
1285 3650 1558 3719 saeptum
1586 3646 1939 3717 venationis,
1970 3642 2193 3704 Colum.
2223 3642 2303 3703 IX
2332 3646 2515 3723 praef.
2548 3643 2577 3704 1

294 3754 503 3812 clausa
551 3753 807 3811 venatio,

468 3857 568 3917 Ex
620 3855 882 3935 quibus
940 3855 1157 3917 rebus
1205 3855 1440 3916 scriba
1497 3855 1849 3916 librarius
1892 3888 1968 3899 —
2012 3855 2171 3934 plus
2232 3857 2579 3933 quinqua-

294 3982 469 4041 gena
517 3963 718 4024 milia
774 3981 807 4022 e
857 3961 1029 4022 uilla
1089 3980 1347 4041 capere
1414 3961 1739 4039 dicebat]
1800 3963 1860 4021 E
1911 3965 2068 4023 villa
2110 3980 2181 4022 ex
2239 3963 2581 4023 coniectura

295 4055 495 4131 Ursini
542 4069 847 4130 Gesnerus
894 4076 954 4129 et
1002 4068 1405 4130 Schneiderus
1444 4068 1835 4130 incluserunt.
1910 4070 2236 4147 geminatae
2276 4070 2583 4148 praeposi-

296 4179 471 4237 tionis
519 4174 787 4255 exempla
837 4174 973 4235 dedi
1020 4174 1071 4234 11
1107 4175 1290 4254 praef.
1328 4171 1390 4238 5.

472 4280 557 4345 15
621 4283 849 4360 Atque
905 4284 975 4341 in
1022 4281 1148 4341 hac
1204 4281 1378 4342 uilla
1436 4283 1557 4361 qui
1605 4290 1713 4342 est
1759 4278 2142 4356 ornithon]
2200 4284 2388 4355 Atqui
2440 4299 2577 4341 con·

294 4391 433 4450 iecit
480 4389 753 4450 Ursinus,
829 4386 1108 4447 Varronis
1148 4405 1482 4448 sermonem
1521 4397 1657 4468 post
1694 4386 2229 4466 interpellationem
2270 4386 2399 4446 Axii
2440 4405 2578 4446 con-

297 4499 515 4557 tinuari
561 4496 862 4557 adnotavit
908 4493 1226 4555 Gesnerus,
