3178 5185
886 412 1147 465 RERVM
1183 412 1665 467 RVSTIOARVM
1701 414 1835 469 LIB.
1874 414 1925 468 H
1965 411 2004 466 4
2460 403 2581 469 161

289 566 551 640 proinde
577 571 648 625 ut
676 582 797 626 non
826 569 1185 642 aliquotiens
1215 570 1463 629 dicatur
1484 570 1716 630 Romae
1736 572 2048 646 peperisse
2075 573 2256 650 mula,
2279 567 2356 628 111
2382 566 2481 650 16,
2501 565 2588 629 30

289 674 552 748 proinde
590 679 661 732 ut
696 676 912 735 milites
945 673 1209 757 faciunt,
1252 673 1351 756 17,
1380 673 1423 736 4
1453 680 1717 753 proinde
1753 669 1821 737 ut
1856 681 2029 738 sacri
2063 680 2199 751 sint,
2237 684 2300 736 et
2337 675 2588 756 diversa,

294 787 357 837 ut
387 786 671 860 apparet,
720 781 1167 874 significatione,
1215 781 1271 841 h.
1311 800 1362 842 e.
1411 801 1475 843 ea
1524 785 1754 844 ratione
1792 793 1876 864 ut,
1923 782 1948 842 I
1987 781 2047 864 2,
2091 780 2169 844 19
2213 784 2476 859 proinde
2522 790 2591 843 ut

176 975 183 984 .
294 889 491 962 capite
541 890 771 948 darent
804 905 1064 965 poenaS,
1111 887 1136 947 I
1172 885 1278 970 48,
1320 886 1353 949 1
1397 892 1663 966 proinde
1708 897 1774 951 ut
1815 894 2009 966 qrani
2053 908 2215 966 apex
2259 893 2341 950 sit
2379 892 2589 964 qluma

294 999 348 1052 et
391 997 613 1055 arista.
707 1013 999 1074 nusquam
1040 999 1252 1073 proin,
1310 995 1415 1056 sed
1463 999 1603 1058 dein
1650 995 1742 1057 bis
1802 999 1864 1057 in
1920 995 2239 1076 archetypo
2297 997 2588 1074 scriptum

293 1101 417 1175 suit,
465 1099 490 1160 I
533 1098 642 1181 28,
680 1097 723 1161 5
763 1110 821 1162 et
859 1099 962 1185 34,
1002 1100 1071 1164 2:
1119 1122 1254 1164 nam
1299 1102 1351 1162 II
1391 1099 1449 1184 5,
1488 1101 1527 1165 8
1577 1106 1724 1164 dein
1763 1103 1993 1164 videtur
2044 1105 2332 1182 scriptum
2381 1103 2587 1162 fuisse.

294 1206 484 1288 1111,
529 1205 565 1268 1
620 1211 762 1270 dein
808 1213 1130 1287 caprinum
1177 1211 1417 1289 scripsi,
1473 1208 1576 1270 ubi
1635 1214 1697 1271 in
1753 1214 2077 1288 caprinum
2132 1211 2191 1270 in
2250 1208 2418 1269 libris
2479 1215 2589 1270 est.

295 1317 434 1375 exin
482 1313 708 1394 legitur
764 1314 856 1376 bis
903 1328 963 1378 et
1018 1321 1242 1379 exinde
1295 1319 1438 1378 item
1493 1316 1614 1397 bis,
1679 1325 1748 1377 ut
1801 1317 1922 1377 dixi
1968 1316 1993 1376 I
2032 1313 2136 1397 20,
2171 1313 2232 1377 4.
2325 1334 2397 1376 ex
2462 1315 2590 1376 aliis

296 1419 577 1482 Varronis
615 1421 784 1483 libris
825 1425 1090 1503 exempla
1129 1424 1424 1485 dederunt
1452 1423 1776 1485 Kettnerus
1816 1423 2045 1486 observ.
2086 1425 2216 1484 crit.
2254 1425 2316 1483 in
2346 1421 2590 1484 Varron.

294 1546 341 1588 a.
390 1525 570 1591 1868
621 1548 677 1608 p.
717 1526 759 1591 5
806 1538 867 1591 et
910 1530 1190 1592 Reiterus
1238 1540 1465 1611 quaest.
1511 1531 1755 1592 Varron.
1803 1550 2046 1611 gramm.
2095 1549 2151 1609 p.
2192 1527 2296 1592 66.

469 1635 751 1696 Pernae
818 1640 1216 1699 comatinae
1283 1646 1353 1699 et
1419 1657 1720 1699 cauarae
1787 1645 1856 1698 et
1920 1636 2362 1718 petasiones]
2415 1639 2592 1698 Peta-

295 1761 465 1805 sones
523 1743 715 1804 codex
772 1743 1088 1826 CaesenaS,
1137 1750 1484 1824 petasiones
1530 1746 1762 1825 reliqui.
1845 1764 2082 1822 pernae
2129 1748 2472 1806 tomacinae
2536 1752 2596 1805 et

296 1855 588 1912 taniacae
635 1859 696 1913 et
731 1856 1076 1928 petasiones
1123 1854 1278 1913 edita
1324 1852 1463 1914 inde
1512 1872 1543 1913 a
1591 1854 1861 1932 principe
1910 1853 2167 1913 editione
2219 1852 2592 1931 exemplaria.

302 1959 628 2019 tomacinas
674 1977 892 2038 pernas
939 1960 1204 2040 Scaliger
1248 1958 1493 2040 putabat
1541 1977 1672 2019 esse
1722 1976 1821 2018 eas
1881 1976 2030 2037 quae
2088 1957 2379 2019 tomacula
2436 1957 2592 2018 dice-

299 2074 512 2126 rentur
561 2067 716 2145 apud
757 2066 1093 2128 Iuvenalem
1135 2065 1237 2149 10,
1276 2062 1406 2128 355
1453 2068 1775 2127 candiduli
1818 2067 2024 2125 divina
2061 2068 2365 2125 tomacula
2395 2069 2593 2141 porci,

300 2190 658 2251 quamquam
706 2171 851 2233 haec
900 2173 1069 2234 aliter
1117 2173 1488 2253 explicantur
1535 2191 1566 2232 a
1617 2171 1949 2252 scholiasta,
1986 2166 2257 2251 ‘pinguia
2304 2171 2591 2251 quaedam

298 2273 582 2340 viscera'.
659 2297 769 2357 pro
818 2284 1107 2342 taniacae
1153 2280 1310 2341 idem
1358 2282 1599 2359 scripsit
1645 2281 1967 2340 taeniacae
2012 2277 2122 2338 hac
2170 2278 2362 2338 addita
2410 2281 2590 2339 inter-

297 2387 655 2467 pretatione,
693 2381 1026 2447 ‘taeniacae
1076 2395 1216 2448 sunt
1254 2386 1539 2466 oblongae
1578 2386 1726 2446 offae
1765 2404 1798 2444 a
1836 2385 2022 2464 figura
2060 2385 2269 2467 dictae,
2309 2404 2378 2446 eo
2417 2385 2590 2446 modo

299 2511 410 2571 quo
461 2493 789 2575 portulaca,
838 2497 1156 2573 pastinaca.
1235 2514 1335 2555 eas
1382 2495 1594 2555 Graeci
1641 2502 1852 2555 vocant
1901 2490 2203 2574 σχελίδας
2248 2487 2356 2555 καὶ
2402 2493 2590 2554 πλευ-

301 2596 543 2681 ρίδας’.
602 2606 960 2664 comacinae
998 2597 1098 2685 (ex
1129 2605 1471 2664 coniectura
1499 2594 1830 2684 Pelisserii)
1869 2608 1928 2662 et
1961 2604 2334 2676 sequanicae
2360 2601 2592 2662 Turne—

299 2704 410 2766 bus
448 2707 680 2769 advers,
717 2706 780 2789 4,
812 2705 852 2770 6
900 2727 931 2768 a
970 2707 1236 2770 Comacis
1282 2711 1345 2769 in
1391 2709 1697 2787 provincia
1733 2706 2104 2767 Narbonensi
2142 2706 2296 2785 apud
2335 2706 2591 2767 Plinium

177 2883 186 2898 .
300 2810 375 2870 111
413 2809 503 2873 36
551 2822 612 2873 et
658 2831 687 2873 a
738 2814 1048 2898 SequaniS,
1095 2815 1167 2877 de
1218 2814 1435 2894 quibus
1474 2813 1687 2876 Strabo
1726 2813 1800 2873 IV
1839 2829 1893 2892 p.
1936 2809 2063 2873 192
2112 2804 2474 2874 (Ιίοἱιὸθεν
2521 2809 2597 2873 αἱ

298 2909 642 2980 κάλλισται
697 2928 1020 3002 ταριχεῖαι
1073 2919 1211 2983 τῶν
1268 2913 1472 2983 ὑείων
1526 2925 1744 3003 κρεῶν
1789 2917 1884 2993 εἰς
1937 2910 2060 2999 τὴν
2094 2909 2356 2999 Ῥώμην
2401 2939 2592 2981 κατα-

304 3025 705 3106 κομίζονται.
798 3027 870 3088 de
927 3021 1148 3108 pernis
1180 3028 1417 3089 Gallicis
1465 3047 1584 3089 non
1641 3027 1812 3108 plane
1869 3032 2116 3088 constat.
2210 3025 2314 3086 sed
2370 3034 2437 3088 ut
2484 3026 2594 3088 Ca-

301 3151 470 3193 varae
528 3143 690 3195 certe
747 3153 779 3195 a
840 3135 1157 3197 Cavaribus
1213 3139 1276 3197 in
1333 3135 1514 3196 Gallia
1569 3134 1940 3198 Narbonensi
2006 3132 2196 3193 dictae
2262 3143 2457 3214 erant,
2513 3134 2592 3194 ita

305 3237 651 3301 Comacinae
710 3259 742 3300 a
807 3244 1051 3322 regione
1117 3243 1392 3303 videntur
1457 3260 1674 3301 nomen
1734 3240 2028 3301 habuisse.
2119 3240 2320 3319 itaque
2377 3242 2593 3320 scripsi

299 3364 533 3421 pernae
588 3347 952 3410 Comacinae
997 3356 1057 3410 et
1109 3351 1389 3409 Cauarae
1434 3355 1495 3409 et
1530 3355 1868 3425 petasones

483 3451 561 3514 11
613 3452 781 3515 Cato
829 3453 1091 3515 scribit
1136 3454 1246 3514 his
1296 3452 1543 3514 uerbis
1589 3456 1661 3514 in
1707 3452 1914 3514 italia
1961 3452 2343 3514 inscrobes
2391 3462 2592 3516 terna

307 3567 513 3640 atque
590 3569 938 3640 quaterna
1011 3556 1206 3622 inilia
1281 3560 1470 3621 aulia
1546 3560 1870 3621 succidia
1944 3579 2113 3621 uere
2180 3543 2327 3621 sus*
2370 3580 2591 3641 usque

313 3666 475 3727 adeo
534 3669 1048 3747 pinguitudine
1105 3686 1445 3731 crescere
1504 3666 1717 3746 solet]
1767 3667 2005 3729 Catonis
2062 3667 2239 3728 verba
2285 3670 2346 3728 in
2393 3669 2594 3729 arche-

307 3780 440 3853 typo
489 3782 550 3835 et
596 3776 656 3835 in
710 3776 1021 3855 impressis
1070 3774 1506 3855 exemplaribus
1553 3782 1835 3854 corrupta
1892 3774 2064 3835 multi
2111 3775 2425 3835 emendare
2473 3784 2594 3836 stu-

309 3878 593 3962 duerunt3
654 3900 847 3962 neque
914 3891 1110 3942 tamen
1178 3892 1338 3943 certa
1395 3880 1728 3942 emendatio
1785 3884 2021 3942 inventa
2088 3890 2195 3942 est.
2287 3885 2350 3943 in
2408 3884 2594 3944 Italia

310 3988 595 4049 Insubres
670 3995 848 4050 terna
922 3997 1106 4064 atque
1177 3996 1483 4064 quaterna
1547 3991 1737 4049 millia
1801 3991 2112 4049 succidias
2175 3990 2427 4064 habere,
2491 4008 2595 4050 sus

311 4112 491 4171 usque
538 4098 695 4157 adeo
732 4115 859 4176 sqq.
924 4095 1243 4157 Turnebus
1281 4096 1506 4157 adverS.
1545 4093 1607 4175 4,
1637 4092 1696 4175 6,
1744 4098 1807 4156 in
1847 4096 2034 4156 Italia
2072 4096 2379 4156 Insobreis
2416 4103 2594 4157 terna

312 4208 483 4277 atque
529 4210 836 4278 quaterna
883 4207 1073 4264 millia
1120 4222 1159 4263 a
1204 4207 1327 4264 vila
1366 4204 1556 4264 Succi
1594 4204 1901 4264 Duuvirei
1941 4220 2044 4263 sus
2089 4220 2278 4277 usque
2324 4205 2495 4278 ade0,
2534 4203 2593 4263 id

314 4319 396 4369 est
440 4312 502 4370 in
542 4309 707 4370 Italia
754 4313 815 4370 in
854 4329 994 4389 agro
1032 4309 1543 4371 Insubrensi—a
1591 4309 1724 4369 villa
1763 4309 1939 4370 Succi
1978 4308 2290 4388 duumviri,
2330 4308 2624 4388 Scaliger.

315 4419 563 4478 coniecit
601 4426 827 4497 argute,
866 4428 936 4478 ut
974 4417 1149 4479 solet:
1188 4435 1322 4477 nam
1362 4417 1433 4477 de
1472 4419 1720 4477 veritate
1758 4419 1885 4496 ipse
1925 4414 2229 4475 dubitavit.
2288 4418 2351 4475 in
2394 4417 2595 4478 Gallia

313 4540 513 4585 verres
571 4531 752 4584 terna
809 4530 991 4599 atque
1054 4530 1359 4598 quaterna
1414 4526 1605 4584 millia
1660 4525 1885 4584 habent
1934 4526 2240 4597 succidia,
2294 4541 2397 4583 sus
2452 4543 2595 4585 vero

412 4634 566 4675 Vana.
595 4644 704 4675 nnn.
732 4643 867 4676 nvem.
922 4636 988 4676 ΙΙ.
2105 4630 2166 4677 11
