3178 5185
495 375 625 440 296
1480 373 1853 428 VARRONIS

495 544 715 624 decim,
765 544 869 622 qui
916 542 1026 603 hoc
1075 544 1298 623 minUS,
1347 544 1639 623 quinque,
1687 543 1790 621 qui
1837 540 1949 600 hoc
1997 540 2149 621 pIuS,
2197 539 2298 618 [x]
2347 555 2458 601 xv.
2551 539 2821 599 incubat

434 636 484 714 4
504 650 957 730 tempestatibus
1031 650 1158 710 dies
1234 652 1512 731 triginta,
1589 648 1982 728 tepidioribus
2056 662 2214 708 xxv.
2325 667 2461 708 cum
2536 647 2817 726 excudit,

497 760 760 837 quinque
808 756 1020 817 diebus
1066 759 1275 836 primis
1322 759 1635 836 patiuntur
1666 774 1814 816 -esse
1854 774 1989 816 cum
2032 764 2235 815 matre.
2302 755 2515 815 deinde
2554 754 2815 834 cotidie,

495 884 771 926 serenum
821 883 957 924 cum
1006 874 1114 945 est,
1162 865 1501 943 producunt
1548 866 1611 923 in
1659 872 1843 942 prata,
1891 864 2034 923 item
2080 864 2341 940 piscinas
2388 870 2490 922 aut
2526 861 2812 942 paludeS,

492 975 684 1051 iisque
743 972 965 1032 faciunt
1021 972 1195 1031 haras
1253 990 1432 1049 supra
1490 978 1710 1030 terram
1768 977 1870 1030 aut
1928 976 2173 1050 suptuS,
2222 972 2280 1029 in
2340 987 2487 1048 quas
2535 987 2653 1028 non
2703 971 2809 1028 in·
2880 987 2911 1026 5

493 1080 721 1140 ducant
776 1079 908 1158 plus
967 1081 1202 1139 vicenos
1257 1078 1482 1158 pulloS,
1535 1097 1754 1156 easque
1812 1077 1990 1137 cellas
2048 1077 2361 1156 provident
2415 1095 2488 1136 ne
2536 1076 2814 1137 habeant

493 1188 553 1246 in
611 1187 736 1246 solo
795 1204 1088 1266 umorem,
1143 1196 1203 1246 et
1249 1194 1315 1245 ut
1364 1184 1536 1245 molle
1578 1184 1841 1245 habeant
1888 1184 2263 1245 substramen
2313 1203 2344 1243 e
2393 1182 2556 1262 palea
2605 1183 2807 1244 aliave

494 1312 607 1371 qua
676 1312 767 1373 re,
836 1312 979 1353 neve
1050 1312 1161 1372 qua
1228 1311 1299 1352 eo
1365 1292 1649 1352 accedere
1716 1294 1947 1370 possint
2009 1291 2296 1353 mustelae
2362 1290 2579 1351 aliaeve
2638 1310 2808 1370 quae

439 1400 723 1463 5bestiae
791 1407 1057 1460 noceant.
1149 1417 1391 1460 anseres
1456 1407 1710 1478 pascunt
1773 1401 1834 1459 in
1903 1399 2118 1460 umidis
2184 1398 2330 1458 locis
2397 1402 2453 1459 et
2508 1397 2806 1477 pabulum

492 1515 718 1588 serunt,
772 1507 930 1586 quod
979 1507 1233 1585 aliquem
1284 1508 1434 1568 ferat
1480 1507 1760 1585 fructum,
1809 1513 2137 1584 seruntque
2186 1506 2279 1565 his
2325 1505 2587 1585 herbam,
2632 1524 2802 1583 quae
2841 1522 2905 1560 10

492 1623 736 1675 vocatur
785 1615 953 1696 seriS,
1004 1615 1158 1693 quod
1207 1634 1274 1676 ea
1315 1634 1463 1695 aqua
1506 1623 1675 1695 tacta,
1725 1616 1900 1675 etiam
1941 1633 2073 1675 cum
2115 1622 2206 1674 est
2243 1613 2423 1695 arida,
2463 1614 2527 1673 fit
2565 1613 2802 1673 viridis,

493 1720 626 1781 folia
676 1723 804 1781 eius
854 1720 1245 1800 decerpentes
1292 1722 1450 1798 dant,
1504 1741 1596 1801 ne,
1645 1723 1697 1781 si
1743 1740 1813 1781 eo
1853 1723 2165 1801 inegerint,
2214 1720 2317 1780 ubi
2357 1723 2637 1800 nascitur,
2688 1730 2804 1782 aut

491 1827 819 1887 obterendo
865 1828 1118 1906 perdant
1165 1838 1267 1890 aut
1314 1831 1427 1909 ipsi
1475 1829 1770 1889 cruditate
1819 1837 2082 1906 pereant.
2165 1845 2405 1908 voraces
2452 1829 2608 1887 enim
2648 1839 2805 1888 sunt

492 1936 718 1995 natura.
786 1953 903 2014 quo
962 1935 1413 2013 temperandum
1472 1936 1572 2014 iis,
1632 1936 1735 2013 qui
1782 1942 2025 2013 propter
2073 1933 2458 2012 cupiditatem
2507 1953 2678 2014 saepe
2729 1937 2800 1994 in

489 2042 814 2123 pascendO,
875 2045 925 2102 si
984 2043 1243 2103 radicem
1298 2042 1698 2122 prenderunt,
1757 2059 1931 2120 quam
1990 2041 2245 2102 educere
2306 2040 2486 2101 velint
2531 2049 2797 2122 eterra,
2840 2060 2899 2097 15

489 2148 854 2228 abrumpunt
911 2149 1155 2210 collum:
1220 2149 1675 2228 perinbecillum
1734 2150 1890 2208 enim
1951 2148 2037 2223 id,
2096 2158 2161 2207 ut
2218 2155 2396 2228 caput
2452 2148 2642 2208 molle.
2739 2152 2799 2209 si

491 2256 636 2316 haec
684 2255 868 2317 herba
917 2276 1034 2317 non
1082 2267 1191 2337 est,
1239 2257 1496 2318 dandum
1545 2257 1838 2317 hordeum
1884 2264 1987 2316 aut
2025 2257 2388 2316 frumentum
2428 2255 2589 2316 aliut.
2648 2275 2795 2339 cum

438 2372 590 2428 Gest
645 2372 881 2444 tempus
938 2365 1275 2444 farraginiS,
1332 2364 1617 2445 dandum,
1674 2373 1740 2425 ut
1795 2366 1854 2423 in
1904 2365 2024 2423 seri
2070 2364 2208 2424 dixi.
2302 2382 2438 2424 cum
2485 2363 2794 2439 incubant,

490 2471 781 2531 hordeum
831 2472 903 2530 iis
949 2472 1222 2530 intritum
1270 2472 1333 2530 in
1379 2489 1531 2549 aqua
1578 2469 2014 2548 adponendum.
2080 2469 2259 2548 pullis
2306 2472 2566 2549 primum
2606 2471 2789 2531 biduo

487 2577 724 2657 polenta
772 2585 874 2639 aut
920 2576 1211 2638 hordeum
1256 2577 1592 2659 adponitur,
1641 2577 1835 2638 tribus
1874 2578 2162 2656 proximis
2201 2580 2560 2640 nasturtium
2600 2579 2790 2641 viride
2830 2592 2893 2632 2⁰

632 2825 658 2873 1
719 2820 816 2889 qui
861 2821 967 2894 hoc
1013 2819 1196 2874 minus
1245 2823 1484 2891 septem,
1543 2821 1639 2890 qui
1685 2820 1793 2876 hoc
1839 2822 1963 2890 plus
2012 2820 2334 2890 quindecim
2383 2825 2674 2879 Iucunda-s·
2720 2842 2789 2879 ex

490 2909 788 2966 Columella
836 2911 1007 2964 VIII
1043 2914 1131 2977 14,
1171 2915 1206 2964 6
1387 2917 1421 2963 4
1470 2909 1529 2963 in
1575 2911 1741 2980 prata,
1785 2912 1925 2965 item
1969 2897 2215 2980 piscina‘s
2260 2912 2376 2966 PB
2422 2913 2480 2967 in
2517 2912 2669 2983 prati
2707 2914 2788 2983 (in

486 2998 664 3068 pratis
693 2998 793 3066 A2)
822 2999 905 3054 ita
931 2998 1176 3068 piscinas
1205 2999 1262 3053 A
1279 3000 1335 3053 in
1364 2998 1546 3067 pratis
1575 2998 1733 3053 iuxta
1758 2998 2004 3069 piscinas
2032 3017 2086 3054 m
2114 2999 2172 3052 in
2202 3004 2368 3070 prata
2396 3000 2456 3056 in
2483 3002 2725 3071 piscinas
2754 3020 2786 3058 v

611 3095 643 3143 5
682 3088 893 3142 fatiunt
927 3090 981 3142 A
1110 3088 1277 3141 haras
1318 3089 1369 3141 V
1401 3105 1526 3142 aras
1555 3089 1678 3143 AB
1807 3092 1906 3143 aut
1942 3090 2139 3159 suptus
2169 3090 2285 3144 PA
2322 3091 2423 3145 aut
2467 3092 2661 3146 subtus
2689 3093 2787 3147 Bv

629 3176 687 3230 in
735 3194 877 3245 quae
924 3193 1037 3231 non
1083 3177 1354 3232 inducant
1391 3177 1572 3232 PAB
1620 3178 1679 3232 in
1727 3194 1869 3248 quae
1915 3195 2027 3233 nou
2069 3179 2363 3234 includant
2397 3197 2446 3234 v.
2524 3180 2788 3249 ‘Antiqui

487 3266 648 3333 libri,
686 3264 750 3318 In
789 3282 932 3334 quae
970 3283 1078 3319 non
1118 3253 1409 3320 inducant’
1456 3266 1745 3322 Victorius,
1802 3267 1859 3320 in
1899 3284 2036 3335 quas
2070 3285 2184 3322 non
2221 3266 2515 3323 includant
2552 3269 2786 3323 Ursinus

484 3369 488 3374 ·
596 3359 627 3407 6
666 3372 735 3407 ne
772 3354 1020 3408 habeant
1059 3354 1171 3407 VB
1207 3372 1320 3409 non
1356 3354 1605 3409 habeant
1635 3355 1754 3410 Am
1865 3362 1894 3410 7
1933 3372 2184 3410 umorem
2218 3355 2335 3409 PA
2371 3356 2655 3410 humorem
2685 3358 2785 3411 Bv

658 3448 690 3498 8
730 3461 841 3512 qua
877 3462 937 3498 re
978 3475 1043 3484 —-
1083 3443 1299 3499 aliaeve
1337 3460 1437 3500 om.
1481 3446 1537 3497 A
1700 3452 1731 3498 9
1771 3443 1978 3498 umidis
2020 3429 2203 3500 PAR
2237 3444 2484 3499 humidis
2519 3462 2551 3499 v
2716 3451 2785 3500 10

488 3534 638 3601 quod
677 3549 777 3589 om.
817 3534 871 3586 A
1016 3533 1262 3604 aliquem
1300 3534 1485 3587 ferant
1520 3534 1765 3589 fructum
1799 3535 1981 3588 PAB
2020 3534 2268 3604 aliquem
2306 3536 2548 3589 fructum
2581 3534 2727 3589 ferat
2753 3552 2784 3589 v

570 3628 577 3636 “
663 3628 726 3676 11
770 3625 1003 3677 uocatur
1043 3624 1180 3678 seris
1220 3625 1516 3679 Iucundus
1551 3627 1786 3680 uocatur
1821 3610 1972 3692 fieris
2020 3624 2199 3678 VAB
2371 3631 2437 3677 12
2476 3623 2525 3679 si
2562 3640 2627 3678 eo
2665 3624 2784 3678 ine-

487 3712 666 3767 cerint
703 3713 760 3767 A
807 3713 853 3766 si
901 3729 967 3767 eo
1002 3699 1308 3767 'iniecerint
1358 3714 1472 3769 VB
1518 3713 1567 3768 si
1615 3713 1959 3769 comederint
1994 3731 2047 3767 m
2086 3714 2395 3769 Iucundus.
2474 3713 2581 3767 ‘Ne
2631 3712 2679 3767 si
2716 3729 2784 3768 eo

484 3800 778 3872 inegerint.
863 3802 1192 3872 Eleqantior
1246 3804 1379 3857 haec
1431 3808 1507 3858 est
1557 3803 1712 3858 lectio
1757 3820 1921 3873 quam
1966 3803 2208 3869 restitui,
2264 3818 2291 3855 e
2335 3803 2608 3856 ueteribus
2651 3819 2786 3857 sane

486 3892 644 3946 libris
690 3899 924 3961 accepta.
965 3923 1032 3931 —
1063 3910 1255 3962 parua
1301 3893 1447 3947 labes
1494 3894 1557 3947 in
1606 3893 1841 3962 antiqua
1886 3893 2165 3961 scriptura
2211 3896 2355 3958 erat,
2401 3893 2451 3945 si
2497 3892 2642 3946 labes
2682 3893 2788 3946 illa

485 3982 599 4035 dici
634 3982 810 4047 debet,
855 3981 939 4035 Ne
978 3982 1027 4035 si
1065 3999 1130 4036 eo
1168 3981 1457 4036 inecerint.
1542 3982 1721 4036 Vnius
1755 3983 1932 4052 ἐρίων
1969 3982 2157 4036 literae
2194 3982 2477 4047 correctiO,
2521 3982 2788 4050 quicquid

485 4072 603 4122 erat
648 4069 919 4136 maculae,
964 4069 1210 4124 sustulit’
1273 4069 1549 4125 Victorius
1732 4076 1798 4124 14
1848 4087 1957 4139 quo
2004 4088 2104 4125 om.
2144 4070 2263 4124 Am
2445 4075 2513 4123 16
2560 4069 2788 4123 abrum-

485 4158 628 4226 punt
685 4157 799 4212 VB
846 4161 1189 4228 oprumpunt
1226 4160 1281 4213 A
1327 4159 1668 4229 obrumpunt
1709 4178 1761 4213 m
1939 4160 2367 4229 perinbecillum
2403 4159 2460 4213 A
2507 4158 2790 4228 perimbe-

485 4244 675 4298 cillum
727 4246 841 4300 VB
1020 4248 1213 4317 caput]
1254 4250 1360 4317 cap
1394 4249 1449 4302 A
1642 4255 1706 4303 17
1745 4249 1920 4302 herba
1967 4249 2066 4302 Bv
2106 4248 2242 4302 erba
2278 4248 2394 4304 PA
2547 4245 2694 4300 aliut
2734 4249 2794 4301 P

487 4334 639 4388 aliud
670 4336 832 4389 ABv
945 4340 1010 4390 18
1049 4335 1317 4405 faraginis
1346 4336 1402 4390 A
1508 4338 1566 4390 in
1607 4335 1738 4392 serii
1766 4336 1880 4391 dixi
1914 4337 2031 4391 PA
2058 4336 2255 4391 inserit
2281 4337 2397 4391 dixi
2423 4337 2479 4390 B
2505 4336 2565 4390 in
2592 4353 2791 4406 supra-

488 4423 711 4492 scriptis
742 4424 855 4478 dixi
883 4442 916 4479 v
1028 4430 1092 4478 19
1132 4425 1524 4493 apponendum
1560 4425 1738 4480 VAB
1846 4431 1915 4479 20
1953 4426 2253 4497 apponitur
2293 4426 2472 4480 VAB
2568 4428 2794 4480 nastur-

485 4512 627 4565 tium
665 4530 697 4566 v
734 4512 1076 4568 nasturcium
1121 4512 1302 4566 PAB
