3178 5185
637 413 766 479 132
1325 423 1708 479 COMMENT.
1748 424 1826 478 IN
1863 424 2237 480 VARRONIS

635 579 807 638 modo
865 578 1008 639 haec
1056 580 1112 639 in
1162 579 1479 659 archetypo
1538 581 1756 659 scripta
1814 579 2050 640 fuerint.
2144 579 2247 640 sed
2306 583 2409 642 illa
2464 583 2588 640 tria
2649 597 2899 657 compro-

634 685 808 746 batur
854 706 966 747 usu
1012 686 1318 767 VarroniS‚
1383 686 1407 746 1
1447 683 1505 768 6,
1543 683 1584 746 2
1652 704 1731 747 ex
1786 688 1860 745 iis
1916 688 2110 746 tribus
2166 694 2477 767 quartum,
2523 686 2632 746 ubi
2688 688 2747 744 in
2791 703 2900 745 uno

623 793 822 869 fundo
869 796 1023 855 haec
1070 797 1190 856 duo
1238 800 1347 855 aut
1391 797 1515 854 tria
1574 800 1739 868 sunt,
1807 790 1863 876 7,
1900 789 1944 853 4
2006 811 2160 869 quas
2214 812 2314 855 res
2369 797 2525 855 duas
2581 800 2903 867 sequuntur

631 905 830 963 altera
878 905 981 963 illa
1031 905 1176 977 duc,
1223 898 1326 983 23,
1370 899 1403 962 1
1457 904 1561 963 illa
1620 903 1739 962 duo
1788 904 2028 977 primm·
2084 908 2289 961 contra
2337 899 2362 959 1
2402 897 2459 983 7,
2496 896 2539 963 5
2585 902 2902 961 secundum

631 1011 796 1084 illud,
846 1004 905 1089 9,
947 1007 981 1069 7
1033 1012 1275 1070 tertium
1323 1011 1486 1071 illud.

809 1114 971 1176 Cum
1038 1123 1315 1195 poetam
1382 1134 1617 1177 sesum
1684 1116 1925 1176 uisere
1993 1117 2451 1176 uenissemus
2513 1097 2902 1175 ne'medici

629 1222 981 1283 aduentus
1029 1242 1156 1283 nos
1202 1220 1629 1299 inredisset]
1677 1221 1919 1283 Aldinae
1967 1223 2243 1283 editionis
2290 1221 2465 1283 lectio
2514 1239 2654 1283 cum
2703 1222 2897 1281 Petam

622 1329 850 1405 fessum
905 1333 1102 1392 visere
1156 1334 1542 1404 venissemuS,
1602 1333 1669 1390 ni
1721 1332 1944 1391 medici
1997 1332 2288 1391 adventus
2339 1348 2448 1391 nos
2495 1331 2907 1405 interrupisset

629 1437 802 1516 vulgo
852 1446 1088 1517 recepta
1146 1446 1296 1517 erat,
1358 1435 1459 1497 ubi
1508 1435 1737 1512 fessum
1792 1454 1902 1516 pro
1960 1444 2200 1514 aegroto
2247 1435 2471 1496 dictum
2518 1455 2653 1497 esse
2702 1435 2908 1514 volunt,

627 1552 696 1605 ut
742 1544 766 1604 1
812 1541 909 1620 13,
951 1542 982 1605 1
1042 1543 1196 1620 fessi
1248 1561 1457 1623 opere,
1522 1542 1603 1601 111
1648 1539 1743 1622 16,
1783 1540 1821 1603 8
1875 1542 2102 1619 fessum
2161 1544 2498 1620 sublevant,
2565 1561 2905 1622 quamquam

624 1649 772 1710 haec
822 1649 1054 1710 diversa
1104 1667 1234 1709 esse
1282 1657 1543 1728 apparet.
1618 1648 1942 1727 probabilis
1989 1649 2320 1710 emendatio
2369 1661 2687 1729 corruptae
2737 1652 2905 1729 scrip-

626 1765 795 1817 turae
843 1757 1079 1816 inventa
1128 1774 1244 1815 non
1293 1766 1409 1837 est,
1459 1755 1561 1815 sed
1612 1759 1939 1833 inpedisset
1993 1755 2375 1817 scribendum
2433 1776 2565 1818 esse
2622 1758 2768 1819 vidit
2812 1757 2908 1817 Ur·

533 1885 537 1889 ·
625 1866 809 1924 sinus,
899 1871 1208 1941 praeterea
1281 1866 1403 1923 nisi
1473 1866 1696 1924 medici
1768 1865 2005 1943 scripsi:
2085 1866 2196 1923 nisi
2261 1867 2458 1944 potius
2534 1868 2640 1926 nei
2703 1866 2912 1925 medici

630 1970 1011 2031 scribendum
1053 1978 1197 2032 erat.
1262 1973 1331 2031 ni
1365 1978 1603 2050 praeter
1643 1970 1955 2031 formulam
1995 1960 2340 2032 adfirmandi
2378 1969 2547 2054 1113,
2578 1969 2618 2032 9
2651 1990 2907 2050 peream,

627 2083 696 2140 ni
733 2082 962 2157 piscem
993 2081 1211 2155 putavi
1255 2097 1384 2140 esse
1429 2077 1646 2157 legitur
1682 2076 1762 2138 111
1805 2075 1859 2158 1,
1896 2075 1976 2139 10
2021 2082 2090 2141 ni
2133 2082 2251 2141 luis
2289 2097 2525 2154 quoque
2561 2082 2781 2141 litteris
2816 2097 2906 2139 ex-

624 2190 834 2248 ornati
874 2189 1145 2263 parietes
1192 2191 1403 2247 essent.

804 2292 846 2353 2
911 2292 1001 2353 De
1050 2295 1272 2354 tertia
1321 2300 1528 2372 parte
1579 2291 1700 2353 ubi
1746 2300 1858 2353 est
1915 2292 1996 2353 de
2052 2293 2244 2371 arte]
2302 2295 2470 2367 Quae
2516 2302 2606 2355 est
2654 2293 2906 2354 Ursinus,

785 2393 904 2472 Ὃς
948 2397 1115 2479 περ]
1165 2398 1332 2460 Hom.
1371 2399 1435 2460 ΙΙ.
1476 2396 1719 2461 Η114.
1760 2401 1836 2459 Π
1869 2397 2013 2461 709.
2070 2399 2133 2460 Φ
2177 2398 2298 2462 107
2350 2392 2389 2460 ὅ
2434 2418 2556 2480 περ
2605 2395 2719 2461 σέο
2765 2400 2907 2461 πολ-

628 2497 751 2566 λὸν
796 2497 1105 2585 ἀμείνων.
1704 2538 1707 2541 *
2182 2558 2193 2572 .

805 2613 848 2674 C
896 2613 1140 2674 lucilii
1204 2614 1422 2694 hipri]
1498 2617 1742 2675 Clucilii
1787 2613 1876 2675 vel
1932 2618 2142 2676 clucili
2195 2614 2556 2693 apographa,
2612 2617 2662 2675 C
2704 2616 2911 2675 Lucilli

624 2720 980 2800 PolitianuS‚
1028 2721 1101 2781 de
1151 2738 1267 2799 quo
1319 2720 1458 2781 falsa
1518 2720 1748 2782 rettulit
1794 2719 2122 2782 Gesnerus:
2185 2740 2317 2781 nam
2365 2723 2592 2782 Lucilli
2645 2724 2706 2782 in
2761 2723 2905 2800 prin·

625 2828 755 2906 cipe
821 2826 1081 2888 editione
1151 2845 1267 2887 non
1346 2830 1618 2905 mutavit,
1679 2826 1779 2885 sed
1856 2829 1906 2887 C
1963 2827 2202 2891 addidit.
2293 2829 2479 2905 Hirpi
2551 2847 2619 2888 ex
2688 2825 2903 2888 ‘vetere

624 2930 861 2995 codice'
909 2934 1165 3008 Ursin‘us
1218 2937 1453 2995 notavit.
1530 2933 1686 2994 unde
1743 2935 1802 2994 C.
1851 2935 2079 2996 Lucilii
2121 2936 2306 3012 Hirpi
2350 2934 2752 2996 Schneiderus
2796 2935 2902 2995 edi-

624 3041 737 3122 dit3
791 3042 851 3102 C.
890 3042 1153 3103 Lucceii
1190 3042 1374 3101 Hirri
1415 3043 1474 3100 in
1525 3040 2005 3102 adnotationibus
2051 3040 2219 3100 idem.
2257 3042 2528 3124 coniecit,
2569 3044 2722 3102 sicut
2764 3039 2901 3121 apud

624 3147 969 3209 Ciceronem
1022 3150 1198 3227 epist.
1247 3146 1320 3208 ad
1367 3147 1500 3209 fam.
1539 3145 1768 3228 vl118‚
1806 3144 1847 3209 5
1902 3151 1964 3208 in
2021 3160 2261 3209 senatus
2318 3148 2589 3209 consulto
2646 3147 2781 3208 olim
2839 3166 2901 3206 ex

624 3257 971 3317 coniectura
1016 3255 1263 3315 Manutii
1315 3253 1643 3333 legebatur.
1737 3255 1840 3314 sed
1898 3253 1980 3315 ibi
2037 3240 2406 3315 in'Mediceo
2464 3255 2668 3316 codice
2724 3257 2903 3317 lucius

625 3365 914 3441 scriptum
955 3370 1063 3442 est,
1102 3363 1375 3423 Lucilius
1426 3360 1822 3441 NIpperdeius
1870 3364 1927 3421 in
1971 3361 2135 3422 Caes,
2173 3380 2229 3440 p.
2262 3359 2388 3423 136
2437 3364 2725 3443 restituit3
2762 3361 2900 3422 idem

624 3468 777 3548 apud
817 3468 1139 3529 Varronem
1187 3470 1246 3529 C.
1290 3469 1488 3529 Lucili
1524 3469 1707 3529 Hirri
1751 3467 2132 3528 scribendum
2182 3486 2313 3528 esse
2363 3472 2609 3530 monuit.
2680 3477 2902 3548 praeter

623 3574 948 3636 Varronem
1015 3594 1232 3636 verum.
1282 3593 1497 3636 nomen
1554 3574 1797 3636 tradidit
1851 3574 2203 3635 Plutarchus
2259 3574 2519 3654 Pompei.
2613 3595 2660 3636 c.
2699 3572 2783 3637 54
2836 3575 2899 3635 de

623 3680 938 3743 tribunatu·
968 3681 1131 3742 Hirri
1178 3701 1226 3742 a.
1270 3679 1392 3744 701
1451 3680 1742 3763 scribenS‚
1778 3674 1889 3742 καὶ
1934 3676 2139 3761 λόγος
2185 3674 2397 3755 εὐθὺς
2441 3677 2672 3763 ἐχώρει
2707 3672 2901 3752 πολὺς

621 3780 788 3867 ὑπὲρ
846 3780 1260 3869 δικτάτορος,
1316 3780 1399 3849 ὃν
1458 3792 1717 3868 πρῶτος
1773 3786 1867 3862 εἰς
1919 3783 2126 3869 μέσον
2192 3784 2555 3870 ἐξενεγκεῖν
2603 3781 2899 3870 ἐτόλμησε

623 3893 1023 3966 Λουκίλλιος
1081 3886 1116 3954 ὁ
1179 3886 1515 3974 δήμαρχος
1568 3899 1660 3978 τῷ
1721 3888 1910 3979 δήμῳ
1965 3900 2315 3977 παραινῶν
2370 3890 2642 3957 ἑλέσθαι
2696 3887 2897 3957 δικτά-

621 4020 786 4082 τορα
816 3993 1188 4081 Πομπήιον.
1246 4000 1382 4061 inde
1429 4011 1486 4061 et
1525 4001 1916 4082 Giandorpius
1955 4003 2093 4063 olim
2132 4003 2285 4082 apud
2327 4002 2636 4064 Caesarem
2672 4004 2742 4064 de
2778 4001 2896 4062 hen.

623 4111 734 4171 civ.
773 4108 798 4168 1
840 4103 921 4169 15
963 4107 1119 4167 idem
1167 4126 1381 4168 nomen
1435 4110 1699 4169 restituit
1745 4116 1804 4169 et
1851 4108 2245 4189 Nipperdeius
2292 4109 2368 4170 ib.
2408 4108 2488 4170 III
2525 4108 2627 4173 82.
2700 4128 2827 4172 nam
2866 4126 2895 4167 a

624 4214 871 4294 reliquis
919 4213 1131 4275 Hirrus
1178 4213 1395 4275 dicitur
1444 4226 1501 4274 et
1547 4214 1620 4274 ab
1692 4217 1821 4294 ipso
1874 4215 2129 4276 Varrone
2190 4218 2407 4276 iteruin
2465 4216 2785 4296 appellatur
2825 4211 2895 4273 111

629 4320 730 4405 17,
761 4321 819 4403 3,
858 4320 960 4381 ubi
999 4322 1248 4381 Hirrius
1294 4324 1352 4381 in
1392 4320 1697 4381 codicibus
1746 4323 2034 4401 scriptum
2075 4331 2181 4383 est.
2256 4322 2330 4383 de
2369 4325 2498 4384 eius
2537 4342 2667 4384 cum
2707 4321 2893 4382 Scrofa

625 4430 881 4489 amicitia
928 4426 1135 4488 scribit
1173 4427 1379 4488 Cicero
1420 4427 1495 4487 ad
1534 4427 1783 4488 Att.V11
1828 4427 1885 4510 1,
1925 4426 1963 4489 8
2012 4433 2196 4490 redeo
2245 4432 2330 4490 ad
2365 4431 2636 4491 Hirrum.
2700 4445 2888 4504 coepe-

626 4553 734 4594 ras
781 4552 913 4595 eum
960 4535 1108 4593 mihi
1143 4537 1420 4608 placare,·
1456 4539 1720 4610 persice:
1767 4537 1953 4596 habes
1993 4536 2296 4617 Scrofam,
2342 4539 2528 4599 habes
2575 4538 2794 4598 Silium.
