3178 5185
593 396 719 460 194
1142 447 1144 450 ι
1283 404 1663 459 ΟΟΜΜΕΝΤ.
1701 404 1781 457 IN
1816 402 2190 457 VARRONIS

767 558 963 619 Alios
1012 558 1227 639 eligit
1272 559 1495 638 adque
1544 558 1672 618 alit
1719 576 1794 618 ac
1842 557 2052 618 docet
2096 556 2313 618 aliter
2352 554 2869 635 quadrigarius

590 664 996 743 adesultor]
1046 667 1370 728 Adesultor
1416 665 1667 744 plurima
1717 664 2067 744 apographa,
2114 666 2468 725 addesultor
2505 664 2688 724 codex
2727 662 2867 723 Cae-

590 792 779 854 senaS,
828 791 905 834 ac
963 776 1229 833 desultor
1275 772 1600 833 Politianus
1657 774 1717 832 in
1774 774 2042 852 principe
2099 772 2357 832 editione
2416 789 2536 831 non
2592 773 2869 831 correxit.

590 884 771 941 aliter
818 882 994 942 docet
1037 899 1146 960 pro
1195 884 1307 942 alit
1351 899 1427 941 ac
1475 884 1653 942 docet
1697 878 2075 940 scribendum
2125 881 2378 939 coniecit
2425 879 2745 940 GesneruS.

766 986 1007 1066 Neque
1057 987 1237 1048 idem
1286 990 1405 1067 qui
1454 989 1823 1048 uectorios
1863 987 2100 1046 facere
2139 985 2296 1046 uult
2334 986 2412 1046 ad
2453 986 2867 1066 ephippium

592 1103 712 1156 aut
759 1095 835 1154 ad
886 1095 1214 1174 praedam
1264 1094 1445 1174 quod
1499 1104 1570 1155 ut
1617 1094 1694 1154 ad
1756 1112 1896 1154 rem
1953 1092 2334 1154 militarem
2391 1092 2576 1172 quod
2632 1091 2736 1152 ibi
2795 1091 2869 1152 ad

592 1213 827 1262 castra
874 1201 1138 1262 habere
1171 1200 1422 1262 uolunt
1459 1219 1660 1261 acres
1699 1203 1802 1261 sic
1840 1211 2089 1262 contra
2135 1203 2203 1261 in
2244 1202 2384 1260 uiis
2423 1199 2690 1260 habere
2736 1218 2869 1259 ma-

592 1311 748 1371 lunt
794 1308 1153 1388 placidos]
1205 1310 1306 1370 Ibi
1346 1311 1574 1370 habere
1621 1310 1707 1369 ad
1749 1316 1960 1369 castra
2001 1312 2205 1369 volunt
2254 1311 2433 1369 acies,
2508 1309 2615 1369 Sic
2653 1316 2871 1369 eontra

593 1416 832 1477 Merula.
907 1435 1101 1492 neque
1157 1418 1330 1491 idem,
1396 1419 1504 1492 qui
1565 1419 1866 1477 vectarios
1915 1415 2133 1491 facere
2187 1419 2328 1477 vult.
2409 1433 2602 1490 neque
2666 1418 2872 1477 eodem

593 1526 765 1585 modo
800 1531 1119 1600 parantur
1156 1527 1242 1584 ad
1283 1525 1644 1601 ephippium,
1691 1531 1760 1584 ut
1803 1524 1889 1583 ad
1925 1524 2252 1603 praedam,
2297 1524 2461 1598 quod
2502 1530 2570 1583 at
2614 1526 2702 1585 ad
2745 1541 2873 1584 rem

594 1634 946 1705 militarem,
993 1633 1157 1705 quod
1203 1633 1289 1691 ibi
1332 1634 1419 1693 ad
1461 1638 1673 1692 eastra
1718 1631 1948 1692 habere
1992 1633 2198 1691 volunt
2242 1648 2436 1691 acres,
2510 1631 2618 1690 Sic
2656 1638 2876 1692 contra

597 1741 658 1797 in
706 1740 817 1798 viis
872 1739 1102 1799 habere
1157 1743 1387 1799 malunt
1436 1740 1716 1814 placidos
1771 1736 2123 1817 IucunduS,
2166 1736 2266 1798 ubi
2314 1735 2564 1798 Ursinus
2619 1740 2876 1799 rhedam

595 1862 704 1923 pro
747 1847 1048 1926 praedam
1096 1843 1476 1905 scribendum
1534 1854 1594 1905 et
1640 1843 1855 1904 deinde
1903 1846 2068 1919 quod
2110 1833 2199 1905 ibi
2242 1847 2328 1905 ad
2370 1853 2580 1906 castra
2627 1844 2874 1906 delenda

596 1969 727 2012 esse
765 1951 1083 2012 adnotavit.
1155 1929 1457 2031 archetypi
1499 1952 1817 2012 lectionem
1848 1950 2144 2012 Victorius
2182 1955 2460 2034 restituit,
2499 1953 2603 2013 sed
2636 1971 2873 2032 pravam

599 2059 866 2120 vocabuli
923 2060 1169 2119 formam
1237 2063 1538 2121 vectarios
1605 2080 1675 2121 ex
1739 2059 1947 2120 Aldina
2012 2059 2272 2120 editione
2336 2063 2600 2121 retinuit.
2683 2079 2876 2136 neque

596 2168 734 2229 item
772 2166 956 2227 voluit
994 2145 1321 2248 Gesnerus3
1358 2166 1571 2227 deinde
1612 2176 1881 2227 correcta
1910 2185 2086 2246 prava
2126 2166 2439 2227 verborum
2479 2167 2874 2247 distinctione,

598 2292 747 2352 quae
794 2273 931 2333 inde
979 2293 1010 2334 a
1056 2276 1326 2353 principe
1376 2275 1634 2334 editione
1682 2260 1838 2356 erat,
1893 2283 1953 2334 et
2001 2273 2196 2334 verbis
2243 2275 2330 2334 ad
2370 2292 2498 2336 rem
2554 2279 2873 2336 militarem

604 2391 898 2459 tamquam
948 2380 1140 2459 glossa
1189 2382 1406 2440 notatis
1454 2380 1638 2440 edidit
1675 2383 1839 2455 quod
1872 2388 1940 2441 at
1976 2376 2101 2461 [ad
2135 2399 2263 2442 rem
2301 2383 2638 2456 militarem,
2677 2375 2871 2460 quod]

598 2489 684 2546 ibi
728 2490 815 2547 ad
858 2495 1068 2548 eastra
1114 2489 1342 2549 habere
1388 2492 1595 2548 volunt
1631 2505 1825 2565 aereS,
1870 2491 1962 2548 sie
1998 2495 2218 2548 eontra
2264 2506 2392 2567 sqq.
2466 2487 2872 2567 interpolatam

597 2594 836 2655 Aldinae
886 2594 1162 2665 editionis
1208 2595 1543 2677 lectionem,
1591 2598 1750 2656 sicut
1804 2596 1971 2677 solet,
2011 2595 2413 2657 Schneiderus
2450 2596 2738 2677 probavit,
2774 2598 2873 2675 qui

597 2702 741 2762 haec
797 2705 875 2763 ita
934 2703 1143 2784 edidit,
1199 2722 1392 2779 neque
1451 2708 1615 2779 item,
1682 2707 1789 2778 qai
1841 2706 2142 2764 vectarios
2190 2703 2410 2779 facere
2463 2708 2591 2766 vult
2598 2726 2622 2776 ;
2685 2723 2871 2779 neque

601 2810 807 2870 eodem
851 2812 1025 2871 modo
1073 2819 1388 2887 parantur
1443 2814 1529 2872 ad
1581 2814 1924 2888 ephippium
1981 2818 2089 2872 aut
2134 2814 2220 2871 ad
2262 2814 2545 2872 rhedam:
2609 2815 2771 2887 quod
2809 2820 2873 2872 at

596 2914 718 2991 [ad
759 2934 890 2976 rem
945 2920 1292 2991 militarem,
1348 2913 1548 2997 quod]
1605 2921 1692 2978 ibi
1735 2919 1821 2978 ad
1875 2925 2085 2979 eastra
2144 2920 2373 2979 habere
2425 2922 2632 2979 volunt
2685 2937 2871 2993 acreS,

598 3025 691 3083 sie
738 3031 955 3084 contra
994 3042 1121 3104 sqq.
1163 3028 1551 3086 vecturarios
1600 3024 1755 3084 idem
1806 3028 1867 3084 in
1914 3024 2288 3086 adnotatione
2346 3026 2616 3086 coniecit.
2691 3034 2869 3086 trans-

600 3132 789 3207 posita
837 3140 907 3192 ut
952 3131 1235 3211 particula
1286 3134 1500 3210 scripsi
1554 3150 1749 3207 neque
1804 3135 1961 3194 idem
2007 3136 2115 3208 qai
2157 3108 2454 3196 vectdrios
2492 3132 2713 3208 faeere
2757 3137 2873 3193 vult

599 3240 685 3297 ad
728 3239 1071 3315 ephippium
1117 3246 1227 3299 aut
1272 3241 1357 3300 ad
1400 3240 1675 3320 raedam,
1721 3242 1887 3313 quod
1929 3242 2014 3300 ad
2057 3257 2186 3300 rem
2223 3242 2562 3320 militarent,
2609 3242 2771 3315 quod
2811 3246 2872 3298 ut

599 3345 686 3404 ibi
748 3348 834 3405 ad
895 3352 1105 3406 castra
1160 3348 1389 3407 habere
1442 3350 1649 3407 volunt
1702 3363 1908 3428 acres‘,
1962 3349 2054 3407 sic
2104 3353 2321 3408 eontra
2379 3350 2440 3407 in
2495 3350 2608 3407 viis
2652 3349 2872 3407 habere

600 3455 831 3512 malunt
866 3455 1164 3528 placidos,
1238 3471 1591 3532 quamquam
1638 3452 2001 3532 probabilius
2048 3453 2230 3514 fuerit
2275 3456 2440 3528 quod
2481 3457 2590 3528 qm·
2622 3456 2709 3515 ad
2750 3471 2871 3514 rem

599 3561 939 3619 militarem.
1025 3562 1125 3639 qui
1174 3579 1359 3640 equos
1409 3562 1700 3620 vectorios
1750 3560 1837 3619 vel
1877 3560 1948 3620 ad
1997 3560 2339 3640 ephippium
2389 3560 2477 3620 vel
2524 3562 2595 3621 ad
2644 3561 2869 3622 raedam

601 3666 794 3725 facere
845 3661 968 3726 vult
1016 3685 1131 3727 non
1179 3666 1334 3727 idem
1375 3668 1533 3749 facit,
1580 3667 1736 3746 quod
1784 3669 1835 3726 is
1875 3651 1977 3745 qui
2015 3668 2254 3727 eosdem
2293 3667 2362 3727 ad
2402 3686 2528 3727 rem
2568 3668 2871 3728 militarem

601 3774 845 3833 idoneos
895 3773 1087 3833 facere
1137 3772 1277 3852 vult,
1323 3783 1640 3853 propterea
1696 3772 1853 3852 quod
1912 3782 1976 3832 ut
2031 3774 2092 3831 in
2140 3771 2293 3833 bello
2350 3772 2421 3832 ad
2469 3782 2661 3835 castra
2713 3791 2874 3834 acres

527 3913 528 3916 =
600 3879 817 3940 habere
870 3878 1071 3939 volunt
1117 3898 1322 3961 equos,
1370 3882 1450 3940 ita
1497 3882 1625 3940 ruri
1670 3882 1731 3939 in
1780 3881 1887 3938 viis
1934 3877 2195 3958 placidos
2243 3878 2461 3941 habere
2509 3881 2749 3942 malunt.

778 3986 1093 4065 Demptis
1178 3988 1362 4047 enim
1428 3985 1801 4048 testiculis
1866 3986 2057 4046 fiunt
2114 3989 2521 4065 quietiores
2586 3998 2656 4048 et
2718 3987 2868 4048 ideo

600 4094 782 4173 quod
835 4095 1104 4155 semine
1154 4103 1405 4154 carent
1450 4096 1501 4154 ii
1549 4093 1910 4154 cantherii
1957 4091 2336 4172 appellati]
2397 4095 2704 4171 Appellali
2745 4112 2870 4173 apo-

601 4201 838 4282 grapha,
877 4220 996 4261 non
1045 4205 1447 4278 appellantur,
1476 4200 1651 4286 „quod
1693 4203 1752 4260 in
1791 4202 2061 4280 principe
2101 4200 2357 4260 editione
2395 4199 2722 4261 Politianus
2762 4219 2867 4260 non

602 4310 877 4368 correxit.
953 4316 1013 4369 et
1049 4309 1184 4369 ideo
1229 4311 1395 4384 quod
1427 4311 1653 4369 semine
1691 4315 1923 4383 carent,
1963 4310 2009 4367 iz·
2043 4310 2312 4367 canterii
2345 4311 2637 4384 appellati
2671 4307 2870 4368 Iucun-

602 4415 714 4474 dus
762 4421 822 4473 et
868 4413 1079 4473 deinde
1128 4414 1344 4493 reliqui
1391 4414 1668 4493 editoreS‚
1715 4417 1884 4493 quasi
1932 4434 1963 4474 a
2010 4413 2265 4475 carendo
2314 4417 2559 4475 canterii
2608 4414 2868 4495 appellati

601 4530 819 4580 essent.
910 4520 1103 4579 deleto
1161 4528 1219 4580 et
1274 4521 1710 4582 distinctionem
1762 4521 2075 4581 verborum
2134 4539 2283 4601 quae
2339 4524 2399 4582 in
2453 4523 2869 4601 antiquissimis
