3178 5185
884 395 1145 450 RERVM
1190 394 1671 451 RVSTICARVM
1707 395 1842 451 LIB.
1882 396 1960 450 III
2000 394 2035 451 5
2474 386 2606 452 243

322 552 565 612 tabulae
602 552 924 612 literariae
959 554 1217 628 speciem
1256 569 1393 612 cum
1431 555 1717 629 capitulo,
1749 551 1957 628 forma
1994 571 2116 628 qua
2155 559 2243 614 est
2277 553 2606 627 quadrata,

312 662 482 733 patet
530 660 592 718 in
631 661 1008 720 latitudinem
1035 678 1098 735 p.
1129 659 1242 718 XL
1260 659 1430 733 VIII,
1479 644 1539 719 in
1587 660 2022 734 lonqitudinem
2061 679 2123 736 p.
2163 659 2421 719 LXXII
2424 680 2448 730 ;
2484 677 2608 733 qua

321 766 404 823 ad
446 767 782 842 capitulum
827 769 1126 827 rotundus
1172 772 1276 845 est,
1315 785 1377 842 p.
1418 766 1687 825 XXVII
1726 765 2144 828 SchneideruS.
2220 765 2398 826 verba
2455 783 2608 844 quae

320 873 377 929 in
425 870 748 952 archetypo
787 872 878 933 bis
908 875 1129 952 scripta
1160 881 1346 954 erant,
1386 880 1560 949 patet
1598 876 1660 933 in
1691 876 2070 934 latitudinem
2091 876 2281 949 pedes
2301 872 2415 932 XL
2433 873 2603 952 VIII,

318 979 521 1055 priore
551 978 682 1040 loco
721 982 919 1058 potius
959 999 1135 1059 quam
1170 981 1503 1059 posteriore
1544 978 1793 1039 delenda
1833 997 1962 1040 esse
1995 979 2247 1041 Ursinus
2276 988 2336 1041 et
2365 979 2606 1040 Schnei-

317 1084 498 1146 derus
545 1075 984 1147 intellexerunt.
1057 1094 1365 1166 praeterea
1413 1089 1626 1162 quaad
1659 1089 1992 1163 capitulum
2038 1090 2372 1148 rutundum
2410 1092 2498 1148 est
2535 1104 2605 1146 ex

318 1190 640 1271 archetypo
687 1195 952 1275 restitui3
999 1192 1227 1272 reliqua
1275 1201 1438 1254 recte
1486 1193 1731 1254 dederat
1761 1193 2182 1255 SchneideruS.
2266 1212 2400 1254 nam
2442 1193 2609 1261 locus

322 1298 676 1378 ornithoniS,
733 1301 835 1380 qui
882 1309 974 1360 est
1020 1302 1176 1360 inter
1234 1302 1520 1361 macerias
1568 1299 1638 1361 ad
1688 1303 1948 1379 speciem
2008 1300 2241 1362 tabulae
2289 1300 2610 1361 litterariae

325 1404 641 1487 formatus,
696 1406 842 1468 duas
902 1406 1081 1467 habet
1134 1415 1359 1488 parteS,
1423 1406 1668 1467 alteram
1737 1407 2079 1487 quadratam
2136 1407 2228 1468 vel
2282 1406 2610 1488 oblongam,

319 1511 563 1572 alteram
611 1513 946 1575 rotundam.
1017 1515 1079 1573 in
1118 1516 1317 1593 priore
1355 1522 1541 1596 parte,
1579 1513 1684 1574 ubi
1728 1514 1913 1574 forma
1953 1513 2238 1593 quadrata
2278 1520 2386 1595 est,
2426 1532 2609 1593 quan·

322 1625 445 1680 tum
495 1620 558 1679 in
604 1618 979 1681 latitudinem
1027 1630 1087 1681 et
1132 1622 1194 1681 in
1241 1621 1672 1699 longitudinem
1720 1621 1886 1682 locus
1931 1630 2129 1701 pateat
2175 1620 2497 1702 indicatur3
2544 1622 2605 1681 in

317 1727 668 1808 posteriore,
697 1727 885 1806 quaad
916 1727 1239 1788 rotundum
1269 1727 1592 1807 capitulum
1632 1735 1740 1809 est,
1771 1727 2026 1808 simplici
2058 1746 2305 1789 numero
2344 1729 2606 1807 spatium

321 1831 619 1893 definitur.

500 1936 579 2000 11
648 1940 742 2001 Ad
792 1940 964 2002 haec
1010 1944 1109 2002 ita
1158 1951 1234 2002 ut
1280 1943 1350 2002 in
1398 1944 1720 2020 margine
1768 1945 1974 2022 quasi
2019 1943 2271 2004 infimo
2318 1941 2607 2003 tabulae

318 2045 694 2126 descripta
761 2046 856 2109 sit
920 2048 1305 2110 ambulatio
1372 2048 1452 2109 ab
1508 2049 1897 2132 ornithone
1957 2049 2272 2130 plumula
2336 2051 2410 2109 in
2475 2068 2608 2129 qua

319 2152 546 2214 media
594 2163 763 2215 sunt
809 2158 1053 2217 cauiae
1104 2175 1235 2236 qua
1282 2158 1633 2217 introitus
1680 2159 1830 2218 itur
1876 2159 1947 2218 in
1995 2175 2230 2217 aream
2271 2155 2415 2232 est]
2474 2158 2608 2228 Qua

320 2263 605 2322 introitus
653 2264 714 2322 in
763 2241 975 2325 areum
1022 2272 1110 2325 est
1154 2263 1396 2344 Merula,
1442 2282 1566 2338 qua
1613 2267 1733 2324 iter
1780 2268 1841 2325 in
1888 2282 2101 2325 aream
2147 2270 2236 2325 est
2282 2283 2353 2323 ex
2400 2262 2606 2323 Aldina

322 2367 581 2427 editione
621 2366 934 2452 Victorius,
981 2389 1104 2446 qua
1152 2373 1455 2432 introrsus
1502 2373 1622 2432 iter
1669 2373 1730 2432 in
1779 2389 1990 2432 aream
2038 2378 2128 2432 est
2172 2365 2267 2430 ‘ex
2308 2370 2608 2450 Ryckiano

319 2468 555 2533 codice'
596 2473 896 2536 Gesnerus
926 2476 1127 2539 edidit.
1191 2476 1339 2537 >vera
1378 2496 1508 2538 esse
1538 2477 1683 2538 haec
1724 2476 1866 2558 sola,
1907 2479 2148 2557 quaein
2180 2479 2610 2557 antiquissimis

319 2580 678 2643 editionibus
740 2600 1018 2662 expressa
1068 2591 1262 2665 erant,
1317 2600 1440 2658 qua
1488 2585 1773 2645 introitus
1829 2586 1891 2644 in
1940 2601 2151 2645 aream
2208 2590 2321 2659 est,
2380 2585 2610 2645 monuit

320 2685 597 2766 Scaliger.
690 2687 762 2748 de
828 2688 1128 2768 Ryckiano
1195 2697 1391 2750 autem
1457 2689 1696 2772 codice,
1760 2689 1817 2750 h.
1867 2708 1917 2751 e.
1973 2689 2268 2772 Parisino,
2334 2710 2512 2771 quem
2577 2710 2609 2752 a

317 2792 540 2873 Ryckio
588 2794 864 2855 collatum
913 2795 1347 2877 Schoettgenus
1395 2805 1453 2857 et
1491 2796 1793 2857 Gesnerus
1831 2796 2189 2879 habuerunt,
2236 2797 2319 2858 illi
2376 2817 2607 2859 errave·

317 2910 474 2962 runt.
549 2902 611 2961 in
641 2920 691 2961 v,
723 2906 996 2979 plumula
1036 2904 1255 2964 frustra
1292 2902 1711 2964 laboraverunt
1738 2902 2057 2964 Turnebus
2095 2903 2322 2965 advers,
2359 2903 2467 2987 21,
2497 2901 2603 2986 23,

319 3006 598 3090 Scaliger,
644 3007 929 3070 Pithoeus
975 3010 1203 3071 advers,
1243 3009 1531 3072 subseciv.
1574 3008 1765 3093 1,·12,
1814 2995 2140 3093 GesneruS,
2188 3029 2322 3072 cum
2368 3013 2431 3071 in
2478 3030 2607 3072 cor-

317 3123 491 3195 rupto
540 3114 825 3176 vocabulo
874 3124 1042 3177 notas
1086 3119 1351 3198 numeri,
1409 3136 1526 3197 quo
1578 3136 1866 3179 mensura
1913 3116 2326 3179 ambulationis
2382 3117 2604 3179 indica·

315 3230 499 3305 retur,
546 3222 729 3283 latere
775 3230 1073 3303 putarent.
1164 3224 1400 3285 videtur
1452 3227 1653 3304 potius
1706 3227 1936 3305 species
1996 3225 2286 3304 quaedam
2334 3224 2604 3307 aedificii,

316 3328 471 3410 quod
528 3330 601 3390 ad
647 3331 1021 3392 ornithonem
1067 3330 1365 3402 adiectum
1413 3339 1564 3413 erat,
1614 3333 1948 3411 significari.
2026 3350 2160 3392 nam
2206 3330 2278 3392 ad
2331 3350 2400 3392 ea
2447 3350 2597 3411 quae

316 3436 387 3497 de
425 3437 557 3498 loco
588 3437 921 3499 ornithonis
959 3457 1139 3518 supra
1176 3440 1398 3518 scripta
1436 3446 1576 3500 sunt
1613 3438 1763 3500 duae
1803 3458 1901 3499 res
1934 3438 2246 3521 accedunt,
2284 3438 2604 3500 ambulatio

276 3534 485 3625 ’quasi
532 3545 594 3604 in
643 3544 842 3605 infimo
890 3545 1121 3607 tabulae
1180 3548 1441 3625 margine
1499 3545 1797 3624 descripta
1854 3555 1914 3606 et
1969 3564 1999 3605 a
2048 3555 2214 3626 parte
2264 3547 2599 3607 ornithonis

317 3650 658 3712 adstructus
705 3651 889 3734 locus,
937 3655 999 3713 in
1047 3672 1164 3733 quo
1214 3652 1406 3713 medio
1454 3661 1596 3713 sunt
1641 3670 1849 3713 caveae
1897 3655 2109 3735 avium,
2165 3672 2196 3714 a
2244 3652 2468 3732 quibus
2517 3654 2604 3713 in·

317 3759 533 3819 troitus
579 3760 641 3818 in
688 3776 884 3819 aream
930 3767 1111 3838 patet.
1186 3758 1289 3819 sed
1339 3777 1405 3820 ea
1452 3777 1589 3838 pars
1629 3777 1738 3820 cur
1776 3763 2050 3836 plumula
2088 3760 2318 3822 dicatur
2355 3761 2446 3822 vel
2485 3780 2604 3841 quo

319 3866 556 3926 nomine
607 3864 893 3945 appellata
941 3866 1140 3942 fuerit,
1187 3868 1537 3927 nescimus,⁴

493 3971 828 4033 Porticus
902 3981 1074 4033 sunt
1145 3972 1588 4053 primoribus
1665 3972 2022 4034 columnis
2095 3971 2401 4051 lapideis
2476 3992 2605 4053 pro

199 4066 207 4076 ’
318 4079 569 4141 mediis
616 4079 1093 4140 artibusculis
1139 4078 1540 4141 humilibus
1587 4077 2002 4156 ordinatae]
2069 4080 2456 4140 Intermediis
2503 4098 2605 4140 ar-

318 4189 584 4269 busculis
620 4185 922 4247 Iucundus
962 4195 1022 4247 et
1057 4185 1269 4247 deinde
1312 4186 1528 4266 reliqui
1565 4186 1841 4247 editores,
1907 4204 2026 4263 pro
2055 4188 2272 4248 mediis
2301 4205 2372 4246 ex
2401 4186 2605 4247 arche-

320 4302 455 4374 typo
503 4295 761 4375 restitui,
805 4292 862 4354 h.
900 4312 952 4355 e.
997 4312 1107 4373 pro
1156 4293 1366 4354 mediis
1414 4293 1720 4355 columnis,
1807 4311 1941 4353 nam
1986 4294 2257 4372 porticus
2302 4295 2364 4354 in
2409 4294 2603 4373 prima

318 4408 483 4478 parte
533 4399 837 4461 columnas
882 4399 1139 4480 lapideas
1193 4399 1440 4483 habent,
1494 4401 1556 4460 in
1605 4399 1796 4461 media
1841 4408 2035 4482 parte,
2092 4418 2242 4479 quae
2300 4408 2391 4461 est
2450 4401 2606 4461 inter

319 4505 609 4586 primores
639 4506 942 4569 columnas
981 4514 1040 4568 et
1075 4509 1411 4588 maceriem,
1449 4505 1771 4567 humilibus
1811 4504 2123 4567 arboribus
2160 4524 2269 4584 pro
2310 4505 2601 4568 columnis

2077 4606 2181 4660 16*
