3178 5185
543 418 622 479 21
633 416 674 479 2
1525 413 1901 469 VARRONIS

544 592 765 645 cuntur
812 601 878 643 ac
926 588 1345 643 remanserunt
1390 583 1453 641 in
1490 580 1674 641 volvis
1712 582 1957 641 intimis,
2005 599 2040 638 *
2087 588 2299 641 vocant
2337 581 2601 661 chorion‚
2650 600 2682 641 a
2723 600 2850 661 quo

448 695 532 752 20
553 691 720 751 cordi
766 689 1058 769 appellati.
1150 690 1326 749 tertia
1374 706 1471 749 res
1519 696 1628 769 est,
1677 691 1746 758 in,
1787 689 2087 749 nutricatu
2135 706 2287 768 quae
2324 687 2629 749 observari
2667 707 2850 767 opor-

432 859 437 862 ,
547 806 684 879 teat,
729 799 791 857 in
839 815 955 875 quo
1005 804 1149 875 quot
1196 795 1408 856 diebus
1456 797 1664 855 matris
1712 802 1926 872 sugant
1973 813 2284 855 mammam
2332 802 2393 856 et
2437 796 2498 856 id
2538 814 2657 874 quo
2699 803 2849 856 tem-

546 921 691 983 pore
755 909 815 962 et
869 901 999 982 ubi3
1063 909 1122 961 et
1179 904 1231 961 si
1286 920 1497 979 parum
1552 900 1731 962 habet
1785 900 1955 961 lactis
2011 910 2226 983 mater,
2292 910 2359 962 ut
2415 902 2670 964 subiciat
2731 902 2848 963 sub

547 1009 793 1071 alterius
839 1027 1183 1089 mammam,
1241 1010 1344 1088 qui
1390 1007 1764 1087 appellantur
1811 1007 2110 1089 subrumi‚
2167 1009 2225 1069 id
2275 1018 2366 1071 est
2413 1009 2523 1070 sub
2571 1028 2844 1070 mamma.
2914 1029 2945 1069 5

546 1119 791 1196 antiquo
840 1118 1000 1176 enim
1045 1115 1329 1177 vocabulo
1378 1134 1628 1176 mamma
1677 1118 1892 1197 rumiS,
1949 1125 2016 1176 ut
2062 1118 2291 1195 opinor.
2381 1117 2506 1177 fere
2554 1116 2625 1176 ad
2679 1124 2848 1195 quat-

549 1232 689 1285 tuor
743 1241 980 1284 menses
1036 1242 1068 1283 a
1126 1240 1376 1283 mamma
1423 1240 1542 1282 non
1592 1223 1985 1301 diiunguntur
2032 1225 2194 1303 agni,
2249 1223 2422 1284 haedi
2467 1231 2620 1304 treS‚
2676 1226 2849 1302 porci

549 1332 685 1392 duo,
777 1349 810 1390 e
866 1332 1001 1409 quis
1058 1332 1335 1410 quoniam
1391 1332 1529 1408 puri
1584 1338 1755 1411 sunt,
1810 1330 1881 1390 ad
1940 1330 2298 1390 sacrificium
2352 1338 2421 1391 ut
2465 1330 2847 1411 inmolentur‚

549 1439 689 1499 olim
736 1436 1013 1516 appellati
1059 1454 1284 1511 sacreS‚
1333 1454 1483 1515 quos
1528 1436 1784 1515 appellat
1820 1435 2063 1497 Plautus
2075 1484 2092 1516 ‚
2139 1456 2273 1497 cum
2312 1439 2393 1498 ait
2440 1433 2669 1516 equanti
2707 1447 2849 1499 sunt

549 1546 719 1624 porci
793 1539 1056 1605 sacres?
1133 1546 1220 1604 sic
1295 1544 1475 1605 boves
1551 1544 1741 1604 altiles
1806 1545 1876 1605 ad
1944 1544 2231 1605 sacrificia
2294 1544 2530 1623 publica
2597 1548 2850 1624 saginati
2882 1562 2939 1603 ιο

455 1654 534 1710 21
561 1652 843 1712 dicuntur
897 1652 1096 1730 opimi.
1188 1659 1396 1729 quarta
1452 1669 1591 1729 pars
1648 1660 1738 1712 est
1793 1651 1865 1711 de
1922 1654 2198 1732 sanitate,
2262 1670 2361 1712 res
2416 1652 2723 1732 multiplex
2781 1672 2846 1713 ac

553 1760 916 1837 necessaria,
963 1758 1119 1837 quod
1179 1757 1521 1818 morbosum
1567 1776 1755 1836 pecus
1803 1767 1894 1819 est
1939 1749 2244 1839 vitiosum,¹
2298 1767 2359 1819 et
2405 1762 2681 1839 quoniam
2730 1778 2846 1821 non

553 1866 724 1946 valet,
780 1884 955 1944 saepe
1004 1883 1209 1943 magna
1259 1866 1620 1926 adficiuntur
1658 1864 2005 1925 calamitate.
2098 1868 2270 1926 cuius
2310 1868 2592 1928 scientiae
2631 1886 2847 1946 genera

555 1974 702 2054 duo,
783 1980 848 2033 ut
905 1974 966 2032 in
1023 1973 1291 2053 homine,
1347 1990 1531 2032 unum
1588 1972 1662 2031 ad
1720 1990 1870 2050 quae
1928 1972 2247 2033 adhibendi
2300 1973 2543 2054 medici,
2600 1973 2849 2036 alterum

556 2098 704 2159 quae
761 2082 888 2158 ipse
945 2081 1122 2140 etiam
1168 2087 1372 2157 pastor
1418 2077 1670 2157 diligens
1716 2077 1944 2139 mederi
1988 2079 2194 2157 possit.
2287 2081 2415 2139 eius
2462 2088 2661 2159 partes
2708 2089 2847 2142 sunt
2877 2095 2932 2135 15

556 2196 695 2248 tres,
796 2204 932 2246 nam
997 2185 1612 2267 animadvertendum,
1682 2204 1831 2266 quae
1898 2188 2188 2265 cuiusque
2252 2186 2447 2247 morbi
2511 2190 2589 2248 sit
2654 2207 2846 2270 causa,

558 2312 826 2374 quaeque
884 2295 1050 2371 signa
1109 2312 1314 2353 earum
1360 2310 1676 2353 causarum
1724 2295 1869 2375 sint,
1926 2302 1986 2354 et
2032 2311 2182 2371 quae
2230 2312 2524 2373 quemque
2574 2295 2846 2357 morbum

739 2542 771 2590 5
822 2512 920 2606 qui
958 2535 1319 2606 appellantur
1354 2535 1605 2589 subrumi
1644 2536 1729 2588 II
1763 2541 1850 2605 11,
1890 2540 1925 2591 5
2104 2543 2136 2591 8
2194 2554 2224 2592 e
2262 2534 2387 2606 quis
2425 2535 2689 2606 quoniam
2724 2539 2850 2610 puri

562 2626 646 2681 II
672 2632 725 2694 4,
762 2632 835 2682 16
979 2633 1010 2680 Ο
1047 2624 1285 2680 Plautus
1320 2625 1655 2681 Menaechm.
1693 2630 1813 2681 289

706 2865 739 2913 2
797 2858 952 2913 cordi
1005 2858 1304 2926 posteriore
1366 2858 1480 2912 loco
1525 2856 1648 2911 AB
1703 2856 1898 2912 chordi
1946 2857 1999 2911 V
2171 2857 2348 2913 tercia
2393 2859 2448 2912 A
2625 2862 2853 2928 fortasse

561 2949 731 3005 tertia.
783 2965 915 3017 pars
971 2949 1060 3001 est
1200 2947 1259 3000 in
1313 2952 1440 3001 ante
1485 2943 1773 3001 nutricatu
1822 2962 1921 3001 om.
1973 2946 2150 3000 VAB
2292 2965 2434 3016 quae
2490 2950 2776 3004 obseruari
2819 2969 2852 3006 v

561 3057 674 3108 qua
709 3035 995 3093 adseruari
1035 3037 1092 3090 P
1125 3057 1165 3110 q
1203 3033 1489 3091 obseruari
1516 3037 1571 3090 A
1603 3052 1722 3105 ‘qua
1759 3034 2045 3092 obseruari
2073 3036 2129 3090 B
2166 3037 2300 3106 quid
2338 3038 2622 3093 obseruari
2661 3057 2714 3093 m
2819 3046 2850 3093 3

563 3131 703 3198 quot
739 3127 936 3182 diebus
964 3125 1062 3180 Bv
1102 3125 1252 3194 quod
1289 3124 1486 3180 diebus
1519 3125 1640 3179 PA
1746 3142 1855 3193 quo
1892 3128 2143 3194 tempore
2183 3126 2296 3180 VB
2334 3127 2482 3196 quod
2518 3129 2771 3197 tempore
2799 3128 2853 3181 A

671 3221 702 3270 5
743 3213 991 3270 subrumi
1021 3215 1316 3281 Iucundus
1353 3213 1645 3283 subgrumi
1680 3213 1802 3267 AB
1828 3214 2096 3283 subgruni
2123 3216 2180 3269 P
2202 3215 2451 3270 submini
2476 3233 2510 3271 v
2620 3223 2653 3270 6
2680 3217 2853 3271 rumis

564 3305 744 3360 PAB
773 3301 946 3358 ruinis
973 3321 1006 3358 v
1116 3309 1146 3356 7
1178 3301 1544 3371 diiunguntur
1562 3302 1743 3355 PAB
1773 3301 2166 3372 disiunguntur
2192 3321 2224 3358 v
2323 3310 2357 3359 8
2387 3306 2497 3360 duo
2526 3323 2557 3360 e
2587 3306 2714 3375 quis
2745 3306 2853 3360 VB

565 3395 696 3450 duo'
733 3411 763 3448 e
800 3392 924 3462 quis
962 3392 1017 3445 A
1054 3391 1194 3446 duos
1231 3389 1329 3459 qui
1362 3407 1417 3444 m
1561 3391 1851 3462 quoniam]
1901 3409 2068 3460 quom
2118 3392 2352 3447 Ursinus
2492 3393 2620 3464 puri
2656 3411 2688 3448 v
2734 3393 2853 3464 pori

569 3482 751 3537 PAB
860 3480 1184 3535 sacrifitium
1219 3479 1277 3533 A
1384 3478 1723 3535 inmolentur
1759 3480 1817 3534 A
1850 3481 2212 3536 immolentur
2260 3482 2371 3536 VB
2483 3489 2550 3537 10
2587 3477 2848 3553 sacrifici!

567 3571 655 3626 cia
682 3571 736 3624 A
848 3575 912 3624 11
954 3569 1128 3639 opimi
1153 3568 1235 3623 A²
1265 3569 1560 3624 Iucundus
1599 3569 1800 3640 optimi
1839 3570 2014 3624 VAB
2122 3570 2419 3640 multiplex
2448 3588 2514 3625 ac
2542 3573 2853 3627 necessaria

570 3661 684 3715 Pm
719 3658 1052 3729 multiplexa
1087 3657 1403 3713 necessaria
1430 3660 1549 3713 AB
1577 3659 1876 3728 multiplex
1904 3661 1960 3714 et
1984 3660 2301 3714 necessaria
2327 3677 2360 3714 v
2472 3667 2537 3714 12
2576 3678 2745 3730 pecus
2773 3664 2859 3716 est

566 3748 835 3804 uitiosum
870 3747 988 3801 PB
1025 3764 1196 3817 pecus
1234 3747 1499 3801 uitiosum
1537 3748 1593 3801 A
1630 3764 1801 3818 pecus
1839 3749 1899 3802 et
1934 3748 2201 3803 uitiosum
2237 3765 2271 3803 v
2389 3751 2447 3804 et
2484 3749 2709 3818 quando
2746 3768 2855 3805 non

569 3837 747 3906 ualet,
804 3853 971 3906 saepe
1026 3853 1233 3905 magna
1287 3852 1515 3905 gregem
1564 3836 1743 3892 afficit
1788 3838 2114 3893 calamitate
2159 3839 2469 3893 Iucundus.
2547 3838 2858 3907 ‘Receptam

569 3928 844 3982 lectionem
878 3926 1104 3992 retinui,
1140 3931 1410 3980 uetustam
1445 3943 1598 3981 nunc
1632 3927 1893 3982 studiosis
1928 3944 2213 3996 exponam,
2250 3945 2413 3998 quam
2448 3943 2581 3982 sane
2607 3928 2857 3981 mendum

569 4017 794 4084 aliquod
838 4015 1110 4070 continere
1154 4016 1374 4071 omnino
1411 4017 1568 4071 credo
1598 4037 1614 4069 :
1642 4022 1834 4071 contra
1879 4022 2057 4072 autem
2086 4018 2422 4086 peruulyata
2448 4017 2629 4085 plana
2665 4021 2741 4070 est
2759 4016 2858 4069 :id

570 4110 787 4159 tantum
823 4104 960 4159 mali
994 4105 1059 4159 in
1094 4106 1220 4173 illa,
1259 4107 1404 4175 quod
1441 4106 1511 4160 ab
1548 4107 1784 4175 antiqua
1818 4107 2069 4161 dissentit
2097 4127 2110 4160 ε
2149 4105 2223 4160 Et
2258 4107 2521 4174 quoniam
2557 4121 2667 4159 non
2705 4105 2860 4159 ualet

572 4211 738 4264 saepe
786 4209 990 4262 magna
1037 4193 1374 4249 adficiuntur
1420 4193 1770 4250 calamitate’
1833 4194 2110 4249 Victorius
2271 4195 2331 4249 et
2378 4195 2642 4264 quoniam
2701 4194 2753 4246 V
2802 4196 2860 4248 et

571 4289 665 4355 qffi
685 4285 805 4339 AB
833 4286 892 4339 et
919 4291 995 4353 ᾗ
1020 4301 1075 4338 m
1169 4289 1234 4337 13
1263 4283 1599 4337 adficiuntur
1621 4284 1729 4338 PA
1758 4284 2077 4338 afficiuntur
2102 4283 2200 4338 Bv
2295 4289 2362 4339 14
2390 4284 2448 4338 in
2474 4282 2700 4338 homine
2719 4284 2773 4337 B
2800 4283 2859 4337 in

570 4374 853 4432 hominem
901 4374 1013 4428 VA
1122 4372 1194 4426 ad
1232 4389 1397 4441 quem
1445 4372 1622 4427 VAB
1730 4373 1910 4427 altera
1949 4389 2093 4441 quae
2140 4373 2192 4427 V
2222 4373 2401 4428 altera
2437 4391 2545 4446 que
2580 4373 2637 4426 B
2681 4372 2859 4427 altera

574 4482 682 4534 que
700 4465 758 4519 A
776 4465 1013 4519 alterum
1032 4479 1144 4530 quo
1163 4461 1452 4518 Iucundus
1554 4467 1621 4516 15
1650 4463 1844 4531 pastor
1861 4478 1955 4516 mv
1975 4461 2153 4516 fastor
2175 4461 2358 4515 PAB
2449 4468 2512 4517 17
2546 4461 2658 4516 sint
2673 4478 2857 4532 supcr-

574 4556 839 4624 scriptum
874 4551 957 4606 ΑΒ
992 4557 1055 4606 ut
1089 4553 1307 4608 videtur
1449 4553 1752 4625 quemque]
1792 4569 2046 4622 quenque
2092 4551 2203 4605 VB
2359 4549 2370 4558 ’

196 4722 467 4921 “x
1486 4806 1515 4822 κ
