3178 5185
562 377 595 439 1
606 380 642 439 8
651 378 690 439 2
1543 377 1918 432 VARRONIS

558 544 743 603 modii
789 559 895 604 1111
942 546 1004 603 in
1053 545 1280 626 iugero,
1327 546 1516 604 tritici
1550 560 1616 624 v,
1663 544 1871 604 hordei
1910 559 2001 623 VI,
2049 545 2224 603 farris
2261 559 2326 625 x,
2374 544 2477 603 sed
2517 563 2638 604 non
2677 543 2866 604 nullis

558 650 705 710 locis
758 650 932 730 paulo
990 649 1242 727 amplius
1299 658 1400 711 aut
1458 652 1673 711 minus.
1766 653 1817 710 si
1865 653 2020 711 enim
2068 651 2234 711 locus
2283 669 2539 731 crassus,
2586 651 2748 731 plus3
2811 653 2869 711 si

558 775 783 837 macer,
837 759 1052 818 minus,
1138 775 1320 835 quare
1368 756 1739 838 observabiS‚
1788 766 2074 837 quantum
2124 760 2184 818 in
2233 777 2301 817 ea
2348 760 2592 836 regione
2642 776 2864 818 consu--

561 864 739 924 etudo
808 863 922 924 eri't
988 864 1252 945 serendi,
1317 873 1383 924 ut
1448 872 1675 924 tantum
1745 866 1949 925 facias:
2018 873 2303 943 quantum
2361 865 2510 924 valet
2567 866 2731 943 regio
2792 884 2863 924 ac

560 989 748 1048 genus
815 979 1036 1053 terrae,
1102 979 1170 1031 ut
1234 991 1305 1031 ex
1363 971 1568 1031 eodem
1627 973 1851 1031 semine
1914 971 2096 1032 aliubi
2153 990 2287 1033 cum
2346 972 2574 1032 decimo
2633 972 2863 1053 redeat,
2921 991 2947 1030 5

509 1077 749 1138 2aliubi
805 1097 939 1139 cum
989 1080 1193 1157 quinto
1241 1079 1496 1161 decim0‚
1552 1086 1619 1138 ut
1663 1080 1726 1140 in
1775 1078 2013 1139 Etruria
2060 1078 2205 1139 locis
2235 1078 2491 1157 aliquot.
2582 1080 2645 1138 in
2692 1078 2863 1140 Italia

560 1186 620 1243 in
680 1183 1032 1246 Subaritano
1097 1186 1305 1246 dicunt
1369 1188 1543 1245 etiam
1609 1204 1745 1246 cum
1818 1188 2142 1247 centesimo
2200 1185 2397 1246 redire
2455 1187 2721 1265 solitum,
2797 1188 2863 1245 in

562 1291 730 1370 Syria
785 1292 854 1352 ad
905 1291 1130 1352 Gadara
1187 1300 1246 1352 et
1301 1294 1361 1351 in
1409 1292 1605 1352 Africa
1661 1292 1731 1352 ad
1780 1292 2090 1372 Byzacium
2138 1295 2280 1353 item
2329 1311 2399 1351 ex
2446 1293 2643 1353 modio
2692 1294 2867 1353 nasci

562 1405 819 1458 centum.
911 1398 1043 1459 illut
1100 1417 1336 1478 quoque
1383 1399 1634 1459 multum
1684 1402 1963 1481 interest,
2020 1402 2082 1459 in
2129 1400 2267 1460 rudi
2315 1410 2499 1480 terra,
2555 1419 2629 1459 an
2677 1400 2739 1459 in
2789 1418 2863 1459 ea

562 1522 752 1586 seraS‚
809 1524 958 1584 quae
1015 1507 1330 1584 quotannis
1387 1505 1576 1566 obsita
1635 1508 1742 1587 sit,
1800 1526 1947 1586 quae
2008 1515 2249 1567 vocatur
2307 1506 2615 1587 restibiliS‚
2673 1525 2747 1566 an
2797 1509 2862 1566 in
2894 1526 2947 1565 ιο

510 1615 862 1693 3vervacto‚
909 1631 1058 1691 quae
1104 1613 1404 1674 interdum
1453 1615 1759 1693 requierit.
1852 1612 1962 1674 Cui
2006 1615 2239 1694 Agrius,
2286 1617 2345 1673 in
2395 1613 2667 1693 Olynthia
2719 1632 2865 1693 quo-

563 1719 759 1777 tannis
836 1719 1122 1780 restibilia
1193 1739 1359 1781 esse
1399 1721 1630 1801 dicunt,
1707 1721 1808 1781 sed
1881 1723 1960 1781 ita
2026 1733 2094 1781 ut
2160 1724 2334 1781 tertio
2402 1740 2638 1800 quoque
2705 1740 2862 1781 anno

564 1822 873 1884 uberiores
920 1826 1114 1887 serant
1159 1828 1403 1888 fructos,
1495 1827 1780 1908 Licinius
1826 1828 2048 1905 Agrum
2098 1828 2342 1888 alternis
2389 1830 2558 1888 annis
2600 1828 2864 1906 relinqui

563 1938 799 2008 oportet
874 1933 1047 2010 paulo
1126 1933 1278 2011 [aut]
1346 1934 1667 1994 levioribus
1733 1933 2089 2015 sationibuS,
2164 1935 2220 1995 id
2289 1942 2379 1995 est
2445 1954 2594 2014 quae
2658 1937 2864 2020 minus

564 2046 786 2116 sugunt
834 2046 1070 2101 terram.
1256 2015 1259 2022 y
2891 2058 2942 2098 15

742 2144 1012 2228 Dicetur,
1067 2149 1261 2226 inquit
1306 2149 1549 2230 Agrius,
1608 2149 1680 2209 de
1736 2150 1914 2209 tertio
1963 2146 2177 2226 gradu,
2236 2146 2307 2206 de
2354 2148 2861 2209 nutricationibus

507 2254 748 2331 4atque
805 2251 1098 2314 alimoniis
1154 2252 1406 2315 eorum?
1496 2254 1626 2335 Ille,
1675 2254 1835 2325 Quae
1885 2262 2019 2315 nata
2067 2261 2231 2333 sunt,
2289 2255 2508 2334 inquit7
2563 2255 2626 2314 in
2675 2254 2860 2314 fundo

704 2554 735 2602 2
793 2550 988 2622 paulo]
1047 2549 1280 2620 pabule,
1335 2552 1430 2606 sed
1484 2550 1522 2604 b
1580 2551 1763 2606 littera
1818 2552 1992 2605 deleta
2035 2550 2092 2605 A
2270 2556 2303 2603 4
2360 2552 2630 2618 quantum
2678 2552 2858 2624 valet]

561 2636 712 2706 quod
765 2639 987 2692 tantum
1042 2640 1196 2694 valet
1262 2641 1497 2695 Ursinus
1712 2647 1742 2694 5
1802 2638 1977 2694 aliubi
2031 2645 2258 2709 utroque
2313 2641 2425 2694 loeo
2491 2640 2603 2694 VA
2649 2640 2861 2695 alieubi

561 2732 787 2796 utroque
824 2729 936 2781 loeo
973 2728 1090 2783 Bm
1237 2736 1267 2782 6
1303 2729 1522 2797 aliquot
1565 2748 1598 2784 v
1636 2730 1863 2798 aliquod
1912 2729 2092 2783 PAB
2238 2735 2267 2782 7
2307 2728 2631 2784 subaritano
2674 2731 2859 2785 PAB

561 2815 886 2884 sybaritano
914 2835 947 2872 v
1091 2824 1123 2872 8
1162 2817 1309 2887 syria
1351 2818 1461 2872 VA
1490 2817 1625 2872 siria
1653 2820 1706 2872 Β
1851 2818 1923 2872 ad
1951 2818 2163 2887 garada
2195 2817 2379 2872 PAB
2408 2819 2655 2888 agarada.
2682 2837 2715 2873 v

559 2905 851 2974 byzacium
887 2908 943 2961 Β
980 2907 1310 2976 byzachium
1337 2908 1394 2961 P
1422 2906 1731 2962 bizantium
1761 2908 1814 2960 A
1852 2906 2170 2961 bizancium
2207 2924 2259 2960 m
2287 2906 2616 2976 byraehium
2654 2926 2687 2962 v
2719 2949 2730 2961 .
2765 2908 2859 2962 ‘Et

561 2995 619 3047 in
655 2993 846 3049 Africa
892 2996 964 3049 ad
999 2995 1300 3065 Byzacium
1333 3039 1343 3049 .
1375 2997 1470 3051 Sic
1516 2998 1716 3050 habent
1763 2997 1982 3064 antiqui
2028 2997 2185 3062 libri,
2235 3012 2349 3050 non
2392 3002 2456 3050 ut
2501 3001 2628 3051 ante
2672 3000 2860 3051 excusi

561 3099 739 3138 omnes
764 3084 1130 3155 Byrachiwm’
1175 3084 1452 3139 Victorius
1562 3092 1593 3139 9
1622 3084 1753 3138 illut
1783 3085 1839 3139 P
1860 3084 2003 3138 illud
2034 3085 2196 3140 ABv
2310 3091 2374 3138 10
2404 3085 2542 3154 quot
2569 3085 2728 3139 annis
2759 3088 2857 3141 Bv

563 3174 711 3241 quod
741 3173 900 3227 annis
930 3189 1067 3229 corr.
1105 3179 1168 3227 ut
1207 3175 1421 3227 videtur
1459 3177 1598 3242 quot
1634 3172 1793 3228 annis
1820 3174 1877 3228 A
1904 3175 2052 3242 quod
2080 3175 2242 3227 annis
2277 3175 2330 3226 P
2438 3179 2503 3227 11
2544 3173 2734 3244 agrius
2763 3193 2857 3229 mv

563 3263 746 3315 acrius
784 3261 897 3316 ΡΑ
936 3261 1116 3316 aei-uis
1151 3262 1206 3316 Β
1350 3262 1490 3329 quot
1524 3262 1686 3316 annis
1728 3263 1779 3315 V
1812 3263 1960 3331 quod
2002 3263 2163 3316 annis
2194 3264 2250 3317 Β
2288 3263 2439 3330 quod
2476 3263 2678 3318 animis
2717 3280 2855 3319 corr.

563 3350 717 3419 quod
765 3350 926 3405 annis
955 3352 1009 3404 A
1158 3356 1221 3404 12
1272 3351 1367 3405 sed
1407 3351 1489 3404 ita
1525 3353 1589 3405 ui.
1627 3351 1796 3406 tertio
1837 3352 1893 3406 P
1923 3351 2019 3406 sed
2056 3351 2137 3406 ita
2175 3353 2237 3405 ut
2273 3353 2448 3408 tercio
2485 3352 2542 3406 A
2577 3352 2724 3407 sedit
2762 3357 2861 3408 aut

562 3439 728 3494 tertio
761 3441 817 3494 Β
858 3439 955 3494 sed
994 3441 1052 3493 id
1091 3440 1191 3494 aui:
1225 3440 1395 3495 tertio
1427 3458 1460 3494 v
1607 3458 1752 3496 anno
1782 3458 2000 3510 quoque
2030 3458 2169 3498 corr.
2202 3458 2422 3510 quoque
2453 3458 2599 3496 anno
2627 3441 2683 3496 A
2711 3460 2857 3497 anno

564 3545 786 3597 quoque
832 3547 884 3582 m
1031 3535 1097 3583 13
1153 3529 1361 3583 fructos
1407 3530 1588 3585 PAB
1634 3531 1845 3585 fruetus
1891 3548 1983 3586 mv
2131 3537 2197 3587 14
2242 3530 2411 3600 paulo
2458 3534 2557 3585 aut
2592 3531 2714 3585 AB
2760 3534 2861 3586 aut

564 3654 735 3722 paulo
787 3654 839 3708 V
1014 3620 1311 3708 saiionibus
1349 3654 1406 3708 A
1455 3656 1810 3710 sancionibus
1848 3673 1900 3709 m
2083 3660 2147 3709 15
2194 3657 2415 3710 ternam
2452 3661 2515 3710 ut
2550 3656 2765 3715 videtur
2801 3657 2855 3709 A

564 3758 702 3797 corr.
742 3744 952 3797 terram
990 3743 1074 3796 A2

710 3838 774 3886 16
814 3832 1065 3903 Dicetur]
1107 3833 1188 3886 De
1225 3833 1537 3888 nutricand'
1575 3835 1640 3888 ivi
1675 3834 1921 3903 maryine
1957 3835 2182 3888 rubrica
2211 3832 2265 3887 A
2406 3833 2592 3903 inquit
2625 3834 2736 3889 VB
2771 3833 2855 3887 in·
2911 3871 2916 3875 -

565 3955 700 4026 quid
736 3956 792 4011 A
916 3957 1091 4011 tercio
1116 3955 1185 4010 Ἀ
1308 3930 1746 4019 ῃῃὺτῗαὺίοηίὺυε
1786 3956 1840 4011 Α
1972 3964 2033 4012 17
2075 3961 2242 4026 atque
2281 3960 2378 4014 Βυ
2415 3960 2597 4028 adque
2635 3960 2751 4015 PA

568 4046 744 4112 ‘Quae
791 4048 929 4101 nata
975 4048 1105 4099 sunt
1151 4045 1337 4114 inquit
1364 4089 1377 4102 .
1409 4047 1555 4103 Ante
1602 4049 1733 4102 haec
1768 4048 1937 4101 uerba
1974 4049 2037 4102 i‘n
2073 4050 2302 4114 exousia,
2339 4048 2599 4104 Licinius
2628 4071 2639 4103 ε
2670 4052 2733 4104 in
2767 4068 2854 4104 ue-

564 4137 880 4191 tustissimis
917 4136 1097 4202 Ebria,
1146 4135 1251 4190 Ille
1283 4157 1296 4190 :
1325 4138 1483 4204 infra
1512 4142 1641 4206 post
1680 4138 2082 4207 Praeynantia‚
2121 4138 2303 4191 eadem
2340 4139 2441 4192 illa
2480 4140 2683 4206 littera,
2720 4157 2857 4209 quae

490 4262 507 4279 .
564 4226 720 4279 nobis
761 4241 920 4294 saepe
963 4226 1183 4280 molesta
1220 4231 1295 4281 est
1325 4247 1338 4279 ε
1370 4227 1605 4295 antiqua
1642 4227 1784 4281 enim
1822 4227 1976 4280 lectio
2012 4228 2170 4293 haee,
2216 4226 2598 4294 Praegnantia.
2632 4226 2689 4283 L.
2733 4246 2854 4283 cum

565 4315 694 4366 sunt
739 4352 750 4365 .
789 4315 1079 4369 Praeterea
1135 4316 1210 4369 ad
1254 4316 1400 4369 hunc
1447 4317 1622 4369 Iocum
1668 4315 1731 4369 in
1777 4316 2024 4384 maryine
2068 4316 2262 4384 optimi
2306 4317 2631 4385 exemplaris
2676 4318 2859 4372 mendi

564 4407 698 4455 nota
752 4404 1026 4471 adposita’
1117 4403 1392 4458 Victorius
1535 4402 1633 4456 ille
1692 4403 1803 4457 VA
1860 4421 1994 4459 corr.
2043 4402 2147 4459 illa
2192 4404 2273 4458 A²
2319 4405 2451 4458 illae
2503 4406 2558 4460 Β
2606 4405 2857 4460 Licinius

563 4491 853 4548 Iucundus
995 4493 1178 4562 inquit
1212 4494 1308 4548 Bv
1343 4491 1542 4563 inquid
1583 4493 1700 4547 PA
2809 4497 2816 4503 '
