3178 5185
564 404 693 468 236
1248 411 1631 468 COMMENT.
1668 414 1749 468 IN
1787 413 2162 469 VARRONIS

564 567 586 626 l
633 564 689 647 1,
718 563 803 628 95
844 614 856 627 .
895 586 929 628 e
975 570 1174 628 vicino
1214 570 1468 641 flumine
1514 567 1817 628 Iucundus
1874 587 1946 628 ex
1995 566 2316 628 Columella
2353 568 2482 630 VIII
2522 568 2626 652 16,
2657 568 2698 631 3
2753 569 2853 631 ubi

564 673 638 734 de
686 674 891 734 eadem
939 693 1004 734 re
1053 676 1272 753 scripta
1320 684 1460 735 sunt
1505 675 1670 755 haec,
1716 679 1996 736 lautitiae
2041 679 2426 753 locupletium
2470 681 2674 739 maria
2723 681 2854 755 ipsa

562 782 1021 869 Neptunumque
1049 785 1409 843 clauserunt
1435 785 1555 843 iam
1596 790 1719 843 tum
1767 801 2019 844 avorum
2056 787 2364 859 memoria,
2412 803 2549 846 cum
2589 788 2849 846 circum·

555 887 837 963 ferretur
875 889 1111 950 Marcii
1146 890 1417 966 Philippi
1449 894 1611 950 velut
1647 891 2133 964 urbanissimum‚
2172 893 2337 965 quod
2372 899 2510 953 erat
2536 894 2854 953 luxuriose

555 994 793 1071 sactum
842 1004 1025 1071 atque
1071 998 1314 1057 dictum.
1390 1014 1531 1057 nam
1585 1000 1637 1056 is
1676 996 1844 1072 forte
1896 998 2107 1058 Casini
2159 1016 2296 1058 cum
2352 1001 2522 1075 apud
2563 1001 2853 1075 hospitem

562 1109 818 1163 cenaret
863 1105 1323 1179 adpositumque
1369 1122 1402 1163 e
1448 1106 1648 1164 vicino
1688 1106 1944 1178 flumine
1990 1107 2194 1179 lupum
2249 1107 2627 1179 dequstasset
2673 1111 2853 1179 atque

562 1212 897 1289 expuisset,
954 1211 1274 1286 inprobum
1313 1208 1553 1284 factum
1602 1211 1764 1271 dicto
1804 1217 2201 1286 prosecutus,
2258 1204 2584 1287 ‘peream'‚
2643 1214 2852 1291 inquit,

562 1311 715 1375 ‘nisi
750 1319 979 1393 piscem
1000 1311 1259 1393 putavi'.
1334 1315 1490 1394 apud
1534 1315 1857 1377 Varronem
1906 1324 2008 1377 tuo
2047 1320 2301 1391 flumine
2346 1316 2610 1377 defendit
2656 1315 2851 1376 Victo-

562 1423 690 1482 rius
746 1421 1032 1502 adpositis
1079 1424 1152 1483 iis
1201 1441 1350 1501 quae
1399 1422 1473 1483 de
1521 1441 1592 1484 eo
1648 1423 1891 1484 flumine
1941 1426 2163 1501 scripta
2220 1432 2359 1485 sunt
2410 1420 2587 1503 1115,
2627 1421 2669 1485 9
2718 1442 2851 1485 cum

562 1530 820 1589 habeam
865 1530 978 1590 sub
1024 1532 1244 1606 oppido
1299 1531 1517 1591 Casino
1557 1533 1804 1606 flumen,
1852 1534 2017 1606 quod
2051 1550 2170 1609 per
2216 1536 2418 1593 villam
2457 1535 2636 1606 fluat.

743 1632 826 1696 10
892 1635 1007 1697 Sic
1066 1645 1310 1697 nostra
1359 1645 1556 1697 aetas
1622 1639 1692 1696 in
1749 1656 1951 1717 quam
2009 1637 2372 1699 luxuriam
2427 1640 2852 1717 propagavit

561 1742 964 1822 leporarias
1020 1762 1097 1804 ac
1129 1718 1467 1823 ‘piscinas
1515 1743 1831 1822 protulit
1878 1744 1955 1804 ad
2006 1740 2233 1824 mare]
2292 1745 2670 1822 Leporarias
2718 1763 2851 1823 apo·

560 1848 808 1930 grapha,
864 1853 1179 1927 leporaria
1234 1852 1295 1910 in
1351 1851 1625 1930 principe
1692 1850 1952 1911 editione
2008 1850 2334 1912 Politianus
2399 1870 2517 1911 non
2583 1854 2849 1912 mutavit.

562 1959 808 2031 inquam
864 1958 924 2016 in
989 1959 1259 2037 principe
1317 1955 1576 2017 editione
1635 1975 1984 2037 expressum
2041 1968 2184 2019 erat.
2266 1961 2357 2019 sic
2413 1966 2626 2019 nostra
2683 1967 2852 2021 aetas

561 2066 826 2143 inquam,
863 2067 1120 2125 luxuria
1141 2066 1515 2140 propagavit
1542 2062 1865 2144 IucunduS,
1900 2068 1993 2125 sic
2032 2072 2261 2145 nostra,
2294 2067 2558 2143 inquam,
2597 2068 2850 2126 luxuria

552 2174 926 2248 propaqavit
988 2169 1257 2231 Ursinus,
1362 2174 1609 2246 inquam
1685 2172 1764 2231 ita
1839 2171 2105 2232 defendit
2171 2171 2501 2251 GesneruS,
2576 2181 2645 2231 ut
2708 2172 2849 2232 haec

561 2276 810 2337 Varroni
864 2279 1191 2337 orationem
1249 2277 1508 2338 Merulae
1566 2277 1970 2357 interpellanti
2034 2278 2447 2340 tribuerentur
2512 2286 2572 2338 et
2639 2278 2847 2339 deinde

560 2391 696 2443 ante
734 2401 932 2458 quare
970 2401 1187 2444 nomen
1215 2383 1474 2444 Merulae
1514 2385 2018 2465 interponeretur,
2056 2402 2265 2463 parum
2297 2392 2448 2467 apta,
2487 2393 2554 2445 ut
2588 2394 2850 2466 apparet,

563 2489 1001 2550 distributione.
1076 2492 1275 2570 itaque
1324 2493 1538 2571 scripsi
1581 2495 1673 2553 sic
1720 2499 1932 2553 nostra
1980 2498 2152 2552 aetas
2197 2494 2260 2552 in
2309 2509 2490 2567 quam
2535 2495 2847 2552 luxuriam

550 2600 928 2674 propayava
970 2601 1301 2678 leporaria,
1358 2602 1478 2661 hac
1516 2603 1794 2677 piscinas
1842 2602 2102 2676 protulit
2156 2602 2241 2659 ad
2291 2616 2480 2660 mare.
2562 2601 2625 2660 in
2675 2618 2845 2679 quam

559 2704 853 2764 luxuriam
918 2704 1066 2764 haec
1131 2713 1291 2765 aetas
1346 2704 1637 2785 leporaria
1694 2707 2064 2785 propagavit,
2121 2705 2326 2765 eadem
2385 2723 2490 2765 usa
2540 2714 2661 2786 est,
2717 2725 2845 2767 cum

559 2813 817 2890 piscinas
865 2811 937 2872 ad
986 2829 1146 2871 mare
1193 2811 1510 2890 proferret.

738 2919 912 2990 Quis
960 2919 1143 2978 enim
1192 2927 1491 2998 propter
1539 2919 1969 2980 nobilitates
2006 2921 2294 2998 ignorat
2329 2921 2653 2998 piscinas
2692 2920 2845 2999 phi·

561 3025 738 3104 lippi
785 3025 1116 3086 hortensi
1163 3025 1643 3104 lucullorum]
1694 3024 2080 3088 Nobilitatem
2118 3026 2273 3096 edita
2313 3025 2450 3087 inde
2498 3045 2530 3087 a
2578 3030 2845 3106 principe

560 3132 819 3193 editione
878 3133 1249 3213 exemplaria.
1335 3136 1573 3194 restitui
1638 3134 1926 3213 pluralem
1985 3151 2328 3216 numerum,
2394 3152 2571 3212 quem
2627 3136 2690 3195 in
2752 3133 2844 3194 ab·

559 3242 798 3301 stractis
844 3239 1182 3301 nominibus
1243 3242 1480 3319 saepius
1536 3243 1739 3320 posuit
1786 3240 1999 3322 Varr0,
2053 3240 2080 3300 1
2116 3237 2234 3321 44,
2266 3237 2313 3300 4
2351 3245 2845 3317 praeynationes,

557 3345 638 3406 111
681 3343 780 3429 14,
808 3343 851 3406 4
897 3349 1434 3422 magnitudinibus.

735 3459 814 3513 IV
867 3452 895 3514 1
970 3453 1112 3533 Ego
1180 3473 1353 3515 uero
1419 3456 1660 3534 inquit
1724 3463 1802 3515 ut
1866 3455 2069 3515 aiunt
2130 3462 2294 3534 post
2348 3456 2718 3534 principia
2776 3459 2842 3515 in

561 3561 824 3620 castris
869 3560 938 3619 id
986 3569 1095 3621 est
1141 3560 1222 3620 ab
1271 3564 1362 3620 iis
1409 3560 1862 3639 temporibus
1910 3578 2113 3639 quam
2153 3553 2714 3639 superio-ribus]
2754 3563 2843 3623 Ab

558 3669 653 3727 his
707 3668 1072 3743 temporibus
1127 3666 1380 3749 Merula,
1446 3669 1524 3728 ab
1579 3670 1674 3728 his
1732 3670 1936 3744 potius
2002 3669 2413 3744 incipiendum
2478 3671 2843 3746 temporibus

561 3772 879 3835 lucuudus,
970 3793 1009 3834 a
1049 3777 1536 3851 postprincipiis,
1594 3777 1661 3834 id
1706 3781 1795 3835 est
1839 3775 1918 3834 ab
1963 3777 2058 3834 his
2110 3776 2521 3850 incipiendum
2569 3778 2843 3851 tempori-

561 3883 671 3941 bus
717 3879 985 3941 Ursinus,
1059 3880 1362 3960 archetypi
1410 3883 1768 3960 scripturam
1814 3879 2112 3941 Victorius
2159 3882 2448 3960 restituit,
2497 3880 2601 3941 sed
2642 3884 2843 3958 potius

559 4005 631 4047 ex
677 3986 884 4047 Aldina
926 3987 1183 4047 editione
1230 3988 1497 4068 retinuit,
1544 3990 1622 4048 ab
1671 3990 1746 4048 iis
1785 3990 1989 4065 potius
2035 3988 2418 4064 temporibus,
2475 3984 2580 4047 ubi
2627 3990 2707 4049 ab
2752 3991 2842 4049 his

560 4094 721 4155 dedit
768 4094 1085 4155 GesneruS.
1161 4112 1271 4170 eqo
1318 4113 1479 4170 vero,
1526 4097 1740 4176 inquit,
1787 4113 1827 4155 a
1863 4096 2341 4171 postprincipiis,
2398 4100 2466 4154 ut
2512 4097 2575 4154 in
2623 4098 2840 4156 castris

561 4201 840 4282 Scaliger,
887 4219 996 4278 eqo
1043 4220 1205 4282 vero,
1251 4203 1462 4277 inquit,
1519 4220 1559 4262 a
1597 4204 2087 4281 postprincipiis,
2144 4208 2211 4261 ut
2256 4202 2456 4280 aiunt,
2513 4204 2576 4261 in
2625 4204 2840 4262 castris

559 4309 891 4370 Gronovius
948 4309 1020 4369 de
1077 4310 1387 4388 principiis
1434 4317 1495 4369 et
1547 4309 1997 4386 postprincipiis
2053 4306 2362 4386 disputans
2408 4306 2543 4368 lect.
2591 4307 2837 4368 Plautin.

559 4436 613 4495 p.
654 4412 783 4478 303
832 4423 893 4475 et
941 4414 1232 4476 observat.
1262 4411 1332 4495 4,
1371 4412 1479 4495 103
1526 4432 1638 4488 eqo
1684 4432 1827 4475 vero
1876 4416 2094 4494 inquit,
2152 4420 2218 4474 ut
2265 4417 2441 4475 aiunt
2496 4417 2557 4475 in
2606 4417 2839 4493 castris,

552 4528 690 4599 post
735 4524 1051 4599 principia
1097 4520 1426 4600 Nettlesbip
1485 4520 1675 4583 annal.
1722 4519 1923 4600 philol.
1972 4518 2242 4581 Cantabr.
2286 4538 2336 4581 a.
2379 4516 2547 4582 1877
2597 4540 2653 4600 p.
2698 4516 2833 4582 175.
