3178 5185
1242 425 1659 480 PRAEFATIO
2527 423 2605 477 IX

284 597 441 654 libri
489 597 891 655 continentur
922 643 934 654 .
966 598 1113 656 dere
1150 596 1405 655 Rustica
1447 594 1456 669 Ι
1500 595 1583 654 Μ.
1622 595 1865 655 Catonis
1895 640 1908 653 .
1938 595 2094 654 liber
2132 611 2289 653 unus
2319 641 2331 653 .
2362 594 2610 653 terentii

301 703 617 762 Varronis
647 749 659 762 .
689 703 842 762 libri
869 749 882 762 .
917 703 1027 761 III
1051 750 1063 761 .
1094 704 1366 780 sequitur
1412 703 1671 780 primum
1719 701 1896 761 index
1944 699 2339 778 capitulorum
2370 699 2606 759 Catonis

290 817 638 869 atramento
704 812 969 888 scriptus
1032 810 1306 888 praefixis
1374 812 1639 870 numeris
1701 810 1802 887 qui
1867 806 2106 868 rubrica
2170 809 2379 886 scripti
2449 814 2607 886 sunt,

295 917 522 977 deinde
563 919 937 995 prooemium
978 916 1214 976 Catonis
1255 916 1428 977 simili
1469 919 1716 997 ratione,
1763 923 1940 994 atque
1980 933 2094 994 qua
2132 917 2192 975 in
2236 913 2424 976 titulis
2462 915 2607 974 scri-

298 1023 518 1083 bendis
567 1022 848 1083 librarius
898 1041 1044 1083 usus
1083 1033 1227 1104 erat,
1274 1025 1633 1083 intermissis
1673 1023 2023 1103 quibusdam
2065 1024 2269 1102 spatiis
2300 1025 2607 1102 scriptum,

301 1131 466 1211 quod
516 1139 835 1210 propterea
865 1129 983 1190 huc
1018 1130 1566 1191 transscribendum
1598 1133 1817 1212 curavi,
1866 1141 1992 1192 tum
2021 1134 2146 1211 ipse
2178 1130 2417 1191 Catonis
2455 1128 2607 1190 liber

302 1247 363 1299 et
413 1238 699 1298 Varronis
748 1236 886 1298 libri
943 1245 1068 1297 tres
1116 1257 1252 1298 cum
1309 1237 1499 1298 titulis
1544 1240 1738 1317 primo
1787 1237 1938 1298 libro
1995 1239 2272 1317 praefixis
2312 1286 2325 1298 .
2362 1256 2498 1297 nam
2545 1240 2604 1297 in

303 1347 573 1408 secundo
623 1354 683 1406 et
730 1347 909 1405 tertio
957 1345 1108 1406 libro
1157 1364 1275 1406 non
1324 1346 1559 1406 additus
1599 1353 1690 1406 est
1728 1345 2121 1425 capitulorum
2161 1345 2336 1406 index
2368 1393 2380 1405 .
2412 1346 2607 1404 omnia

304 1457 490 1534 igitur
534 1453 649 1514 hoc
697 1453 907 1513 ordine
954 1456 1174 1532 scripta
1215 1463 1371 1532 sunt,
1421 1457 1461 1515 I
1499 1456 1806 1528 Quomodo
1854 1473 2072 1529 aqrum
2112 1457 2231 1515 emi
2266 1456 2611 1530 pararique

305 1568 591 1638 oporteat
613 1594 687 1603 —-
719 1562 955 1621 CLXX
976 1563 1067 1623 De
1092 1566 1336 1623 salsura
1366 1562 1543 1638 ofelle
1563 1567 1890 1639 puteolane
1930 1562 1940 1638 Ι
1982 1561 2143 1622 EST
2164 1561 2479 1622 INTERD
2496 1561 2616 1619 VM

307 1668 760 1758 PRESTARE
808 1670 1298 1731 MECATURIS
1352 1671 1544 1729 REM
1609 1671 1953 1743 QERERE
1995 1670 2175 1730 NISI
2230 1669 2403 1728 TAM
2445 1670 2609 1744 peri-

306 1781 582 1838 culosum
629 1779 724 1836 sit.
774 1775 783 1851 Ι
826 1777 908 1836 Et
952 1780 1030 1836 ite·
1069 1775 1358 1852 fenerari
1391 1781 1448 1838 si
1491 1785 1613 1837 tam
1649 1780 1960 1839 honestum
2006 1781 2101 1841 sit.
2140 1777 2306 1837 XVI
2340 1776 2611 1835 Maiores

307 1886 509 1944 nostri
552 1886 645 1944 sic
692 1885 1041 1944 habuerunt
1085 1891 1144 1944 et
1190 1887 1276 1945 ita
1324 1888 1385 1944 in
1426 1887 1658 1960 leqibus
1696 1885 1901 1945 XVII
1931 1886 1939 1960 Ι
1975 1888 2339 1961 posiuerunt
2367 1929 2380 1942 .
2405 1882 2610 1958 furem

307 1994 481 2068 dupli
516 1972 990 2067 condempnari.
1007 1990 1421 2066 feneratorem
1449 1995 1816 2069 quadrupli.
1837 2000 2063 2068 quanto
2086 1995 2358 2069 peiorem
2382 1985 2389 2073 Ι
2415 1994 2610 2052 ciuem

308 2102 746 2160 existimarunt
811 2097 1226 2173 feneratorem
1300 2117 1481 2175 quam
1550 2099 1754 2170 furem
1828 2103 1972 2161 hinc
2044 2103 2184 2161 licet
2258 2101 2612 2159 existimare

310 2206 553 2266 XVIII
648 2207 658 2282 Ι
715 2206 767 2265 V
826 2212 887 2266 et
948 2208 1152 2266 uirum
1217 2208 1434 2267 bonum
1496 2224 1634 2268 cum
1701 2209 2042 2268 laudabant
2104 2209 2191 2267 ita
2256 2206 2611 2266 laudabant.

280 2314 376 2373 ‘X
387 2313 590 2374 VIIII
667 2313 677 2389 Ι
720 2315 940 2375 bonum
988 2317 1324 2389 aqricolam
1373 2315 1709 2389 bonumque
1755 2317 2028 2374 colonum
2076 2315 2437 2389 amplissime
2482 2316 2610 2372 lau-

309 2424 456 2482 dari
480 2423 957 2482 existimabatur
996 2417 1006 2500 Ι
1048 2424 1156 2496 qui
1181 2425 1267 2481 ita
1296 2423 1674 2482 laudabatur
1703 2422 1835 2480 XX
1913 2421 1921 2495 Ι
1965 2420 2383 2482 Mercaturem
2412 2426 2612 2480 autem

308 2535 626 2590 strenuum
679 2530 1133 2604 studiosumque
1188 2531 1286 2589 rei
1337 2531 1649 2605 querende
1705 2531 2199 2590 existimouerum
2241 2521 2249 2610 Ι
2300 2534 2368 2588 ut
2420 2545 2613 2605 supra

311 2640 447 2697 dixi
459 2701 471 2708 ,
492 2639 912 2713 periculosum
959 2642 1017 2697 et
1063 2639 1479 2697 calamitosum
1517 2637 1690 2696 XXI
1730 2644 1735 2647 ’
1766 2637 1776 2710 Ι
1819 2637 1898 2696 At
1943 2655 2024 2696 ex
2062 2638 2354 2712 aqricolis
2393 2643 2452 2697 et
2486 2639 2616 2696 uiri

306 2745 631 2820 fortissimi
673 2751 733 2805 et
777 2747 995 2805 milites
1040 2748 1446 2805 strenuissimi
1482 2748 1827 2820 qiqnuntur
1863 2747 2246 2820 maximeque
2293 2741 2428 2816 (uel
2457 2746 2614 2804 alias

307 2856 444 2928 plus
465 2853 527 2912 in
549 2845 850 2933 margine)
864 2854 1008 2928 pius
1026 2858 1270 2927 questus
1289 2853 1828 2927 stabilissimusque
1847 2855 2237 2927 consequitur
2256 2854 2614 2927 minimeque

313 2956 655 3020 inuidiosus
692 2959 905 3019 XXII
937 2958 947 3033 Ι
988 2959 1358 3034 Minimeque
1394 2963 1551 3019 male
1588 2962 1894 3034 aqitantes
1921 2966 2063 3019 sunt
2088 2961 2197 3035 qui
2222 2962 2284 3019 in
2315 2977 2384 3021 eo
2412 2961 2613 3019 studio

312 3069 603 3143 occupati
640 3073 784 3127 sunt
819 3084 985 3127 nunc
1021 3074 1090 3126 ut
1125 3068 1213 3126 ad
1245 3084 1373 3126 rem
1412 3085 1483 3127 re
1521 3062 1531 3146 Ι
1575 3069 1750 3127 deam
1789 3071 1953 3142 quod
1980 3068 2241 3144 promisi
2277 3070 2613 3127 institutum

309 3175 685 3250 principium
731 3175 848 3234 boc
895 3175 1015 3234 erit
1053 3169 1062 3252 Ι
1106 3175 1146 3232 I
1177 3175 1480 3246 Quomodo
1528 3192 1750 3249 aarum
1798 3178 1917 3235 emi
1943 3178 2285 3250 pararique
2319 3181 2612 3250 oporteat.

317 3282 654 3341 Praedium
724 3313 802 3322 —
874 3286 1181 3354 tanqetur.
1232 3273 1240 3362 Ι
1294 3280 1377 3340 M.
1452 3282 1697 3342 Catonis
1764 3283 1839 3342 de
1904 3283 2297 3356 ayricultura
2363 3285 2616 3359 explicit

311 3387 583 3462 feliciter
624 3383 633 3466 Ι
689 3387 987 3447 Varronis
1034 3387 1265 3448 Rerum
1305 3388 1706 3448 Rusticarum
1753 3391 1829 3449 de
1876 3391 2267 3464 aqricultura
2315 3389 2511 3450 liber.
2547 3390 2614 3450 I.

317 3497 534 3571 incipit
579 3493 853 3569 feliciter
894 3488 902 3574 Ι
955 3495 1073 3566 Qui
1130 3498 1312 3570 qreci
1370 3497 1446 3556 de
1504 3498 1897 3570 ayricultura
1957 3498 2319 3572 scripserint
2374 3528 2457 3538 —
2508 3503 2617 3555 aut

319 3603 803 3662 aduendendum.
847 3604 856 3674 Ι
898 3602 1108 3661 Potius
1174 3619 1359 3663 essem
1419 3609 1778 3663 consecutus
1835 3635 1900 3643 —-
1959 3605 2075 3663 boc
2138 3620 2306 3677 quem
2362 3606 2620 3679 exposui

318 3709 540 3768 habito.
584 3702 593 3786 Ι
638 3708 723 3769 M.
777 3707 1072 3768 Varronis
1110 3726 1319 3769 rerum
1358 3712 1735 3770 rusticarum
1770 3712 1868 3771 lib.
1901 3711 2012 3770 III
2035 3712 2301 3788 explicit.
2376 3708 2615 3769 Catonis

320 3813 468 3874 liber
516 3814 815 3875 distinctis
863 3817 1203 3876 intermisso
1253 3819 1442 3895 spatio
1491 3815 1765 3896 capitulis
1813 3825 1873 3877 et
1919 3817 2202 3895 adpositis
2249 3818 2310 3875 in
2349 3818 2614 3895 margine

326 3923 591 3981 numeris
653 3922 1051 4001 capitulorum
1102 3925 1361 4003 scriptus
1410 3931 1518 3984 est.
1611 3923 1791 4004 tituli,
1839 3924 1994 3983 sicut
2040 3924 2099 3982 in
2147 3922 2342 3983 indice
2391 3924 2614 4002 capitu-

322 4027 513 4089 lorum
579 4031 789 4109 scripti
856 4038 1052 4111 erant,
1119 4032 1243 4091 suis
1307 4030 1454 4091 locis
1520 4032 1762 4109 repetiti
1830 4038 1889 4090 et
1953 4028 2303 4109 plerumque
2368 4031 2431 4089 in
2497 4030 2615 4090 fine

324 4155 628 4218 versuum,
688 4137 792 4197 ubi
841 4139 1096 4217 spatium
1147 4140 1443 4218 scriptura
1491 4155 1744 4197 vacuum
1793 4138 1921 4196 eius
1970 4139 2058 4196 rei
2118 4155 2293 4196 causa
2340 4136 2616 4198 relictum

326 4251 467 4318 erat,
515 4247 708 4305 rarius
755 4247 817 4305 in
867 4244 1233 4325 marginibus
1281 4247 1490 4325 scripti
1529 4252 1687 4333 snut,
1733 4246 2068 4323 praeposita
2107 4246 2167 4303 in
2206 4246 2406 4323 priore
2444 4253 2614 4324 parte

326 4349 458 4411 libri
526 4370 715 4431 usque
785 4352 857 4412 ad
926 4371 974 4412 c.
1042 4349 1124 4413 68
1191 4354 1301 4413 ubi
1361 4355 1665 4413 vindemia
1731 4359 1867 4432 etc„
1934 4350 2090 4429 quod
2146 4352 2207 4409 in
2264 4350 2469 4411 codice
2526 4360 2617 4412 est

324 4471 582 4533 LXXVII,
630 4460 687 4519 R
735 4458 960 4520 littera:
1009 4477 1143 4519 nam
1192 4462 1253 4519 in
1292 4458 1521 4539 reliqua
1557 4467 1727 4538 parte
1767 4468 2001 4538 praeter
2039 4475 2261 4536 paucos
2301 4456 2507 4518 titulos
2546 4475 2613 4517 ea

329 4562 518 4625 littera
577 4568 797 4627 omissa
856 4574 962 4626 est.
1057 4577 1116 4627 et
1172 4568 1408 4627 numeri
1455 4575 1514 4627 et
1558 4568 1677 4645 ipsi
1723 4565 1878 4626 tituli
1927 4565 2110 4625 rubro
2159 4564 2358 4626 colore
2407 4567 2615 4644 scripti
