<?xml version="1.0" encoding="UTF-8"?>
<!DOCTYPE html PUBLIC "-//W3C//DTD XHTML 1.0 Transitional//EN"
    "http://www.w3.org/TR/xhtml1/DTD/xhtml1-transitional.dtd">
<html xmlns="http://www.w3.org/1999/xhtml" xml:lang="en" lang="en">
 <head>
  <title>
</title>
<meta http-equiv="Content-Type" content="text/html;charset=utf-8" />
  <meta name='ocr-system' content='tesseract 3.04.00' />
  <meta name='ocr-capabilities' content='ocr_page ocr_carea ocr_par ocr_line ocrx_word'/>
</head>
<body>
  <div class='ocr_page' id='page_1' title='image "./mporcicatonisde01catogoog_0455.png"; bbox 0 0 3178 5185; ppageno 0'>
   <div class='ocr_carea' id='block_1_1' title="bbox 879 413 2576 477">
    <p class='ocr_par' dir='ltr' id='par_1_1' title="bbox 879 413 2576 477">
     <span class='ocr_line' id='line_1_1' title="bbox 879 413 2576 477; baseline 0.002 -4"><span class='ocrx_word' id='word_1_1' title='bbox 879 419 1139 473; x_wconf 87' lang='lat' dir='ltr'>RERVM</span> <span class='ocrx_word' id='word_1_2' title='bbox 1176 420 1655 475; x_wconf 86' lang='lat' dir='ltr'><strong>RVSTICARVM</strong></span> <span class='ocrx_word' id='word_1_3' title='bbox 1691 421 1828 476; x_wconf 89' lang='lat' dir='ltr'><strong>LIB.</strong></span> <span class='ocrx_word' id='word_1_4' title='bbox 1867 423 1919 475; x_wconf 94' lang='lat' dir='ltr'>II</span> <span class='ocrx_word' id='word_1_5' title='bbox 1959 420 1994 476; x_wconf 88' lang='grc'>9</span> <span class='ocrx_word' id='word_1_6' title='bbox 2452 413 2576 477; x_wconf 76' lang='grc'>201</span> 
     </span>
    </p>
   </div>
   <div class='ocr_carea' id='block_1_2' title="bbox 209 566 2629 4624">
    <p class='ocr_par' dir='ltr' id='par_1_2' title="bbox 297 566 2583 658">
     <span class='ocr_line' id='line_1_2' title="bbox 297 566 2583 658; baseline 0 -21"><span class='ocrx_word' id='word_1_7' title='bbox 297 566 680 658; x_wconf 77' lang='grc' dir='ltr'><strong><em>τραχήλους.</em></strong></span> <span class='ocrx_word' id='word_1_8' title='bbox 773 584 832 636; x_wconf 90' lang='lat' dir='ltr'>et</span> <span class='ocrx_word' id='word_1_9' title='bbox 892 574 1105 636; x_wconf 88' lang='lat' dir='ltr'>deinde</span> <span class='ocrx_word' id='word_1_10' title='bbox 1152 572 1196 635; x_wconf 91' lang='lat'>4</span> <span class='ocrx_word' id='word_1_11' title='bbox 1258 573 1394 637; x_wconf 79' lang='grc' dir='ltr'>τῶν</span> <span class='ocrx_word' id='word_1_12' title='bbox 1459 570 1534 636; x_wconf 76' lang='grc' dir='ltr'>δὲ</span> <span class='ocrx_word' id='word_1_13' title='bbox 1606 577 1901 655; x_wconf 77' lang='grc' dir='ltr'><strong><em>θηλειῶν</em></strong></span> <span class='ocrx_word' id='word_1_14' title='bbox 1976 568 2400 655; x_wconf 78' lang='grc' dir='ltr'><strong><em>δοκιμάζουσι</em></strong></span> <span class='ocrx_word' id='word_1_15' title='bbox 2465 569 2583 649; x_wconf 80' lang='grc' dir='ltr'>τὰς</span> 
     </span>
    </p>

    <p class='ocr_par' dir='ltr' id='par_1_3' title="bbox 234 667 2584 977">
     <span class='ocr_line' id='line_1_3' title="bbox 234 667 2582 763; baseline 0 -19"><span class='ocrx_word' id='word_1_16' title='bbox 234 667 239 671; x_wconf 52' lang='grc'><strong>’</strong></span> <span class='ocrx_word' id='word_1_17' title='bbox 298 677 793 762; x_wconf 78' lang='grc' dir='ltr'><strong><em>κεκοσμημένας</em></strong></span> <span class='ocrx_word' id='word_1_18' title='bbox 836 689 977 755; x_wconf 81' lang='grc' dir='ltr'><strong><em>τοῖς</em></strong></span> <span class='ocrx_word' id='word_1_19' title='bbox 1035 675 1537 762; x_wconf 80' lang='grc' dir='ltr'><strong><em>προειρημένοις</em></strong></span> <span class='ocrx_word' id='word_1_20' title='bbox 1589 677 2138 763; x_wconf 80' lang='grc' dir='ltr'><strong><em>πλεονεκτήμασι,</em></strong></span> <span class='ocrx_word' id='word_1_21' title='bbox 2184 677 2453 763; x_wconf 83' lang='grc' dir='ltr'><strong><em>προσέτι</em></strong></span> <span class='ocrx_word' id='word_1_22' title='bbox 2509 676 2582 744; x_wconf 77' lang='grc' dir='ltr'>δὲ</span> 
     </span>
     <span class='ocr_line' id='line_1_4' title="bbox 298 781 2584 871; baseline 0 -20"><span class='ocrx_word' id='word_1_23' title='bbox 298 783 400 851; x_wconf 83' lang='grc' dir='ltr'>καὶ</span> <span class='ocrx_word' id='word_1_24' title='bbox 471 782 1033 870; x_wconf 75' lang='grc' dir='ltr'><strong><em>μεγαλομοέσθους</em></strong></span> <span class='ocrx_word' id='word_1_25' title='bbox 1096 781 1215 862; x_wconf 75' lang='grc' dir='ltr'>τοὶς</span> <span class='ocrx_word' id='word_1_26' title='bbox 1276 808 1345 851; x_wconf 86' lang='grc' dir='ltr'>τε</span> <span class='ocrx_word' id='word_1_27' title='bbox 1410 781 1514 851; x_wconf 85' lang='grc' dir='ltr'>ἐπ’</span> <span class='ocrx_word' id='word_1_28' title='bbox 1585 781 1808 852; x_wconf 78' lang='grc' dir='ltr'><strong><em>αὐτῶν</em></strong></span> <span class='ocrx_word' id='word_1_29' title='bbox 1879 783 2097 870; x_wconf 82' lang='grc' dir='ltr'><strong><em>θηλὰς</em></strong></span> <span class='ocrx_word' id='word_1_30' title='bbox 2171 786 2584 871; x_wconf 79' lang='grc' dir='ltr'><strong><em>ἰσομεγέθεις</em></strong></span> 
     </span>
     <span class='ocr_line' id='line_1_5' title="bbox 302 889 599 977; baseline 0.003 -19"><span class='ocrx_word' id='word_1_31' title='bbox 302 889 599 977; x_wconf 81' lang='grc' dir='ltr'><strong><em>ἐχούσας.</em></strong></span> 
     </span>
    </p>

    <p class='ocr_par' dir='ltr' id='par_1_4' title="bbox 296 1002 2586 1192">
     <span class='ocr_line' id='line_1_6' title="bbox 480 1002 2586 1089; baseline 0.001 -25"><span class='ocrx_word' id='word_1_32' title='bbox 480 1004 622 1065; x_wconf 91' lang='lat' dir='ltr'>Nec</span> <span class='ocrx_word' id='word_1_33' title='bbox 670 1004 965 1083; x_wconf 83' lang='lat' dir='ltr'>penduli</span> <span class='ocrx_word' id='word_1_34' title='bbox 1003 1002 1285 1082; x_wconf 83' lang='lat' dir='ltr'><strong>subtus]</strong></span> <span class='ocrx_word' id='word_1_35' title='bbox 1327 1006 1451 1065; x_wconf 88' lang='lat' dir='ltr'>Nec</span> <span class='ocrx_word' id='word_1_36' title='bbox 1482 1007 1741 1080; x_wconf 82' lang='lat' dir='ltr'><em>penduli</em></span> <span class='ocrx_word' id='word_1_37' title='bbox 1774 1007 1966 1065; x_wconf 88' lang='lat' dir='ltr'>omnia</span> <span class='ocrx_word' id='word_1_38' title='bbox 2005 1006 2356 1089; x_wconf 82' lang='lat' dir='ltr'>apographa,</span> <span class='ocrx_word' id='word_1_39' title='bbox 2392 1024 2586 1082; x_wconf 81' lang='lat' dir='ltr'>neque</span> 
     </span>
     <span class='ocr_line' id='line_1_7' title="bbox 296 1111 2177 1192; baseline -0.001 -17"><span class='ocrx_word' id='word_1_40' title='bbox 296 1116 583 1192; x_wconf 84' lang='lat' dir='ltr'>pendulis</span> <span class='ocrx_word' id='word_1_41' title='bbox 630 1114 691 1172; x_wconf 89' lang='lat' dir='ltr'>in</span> <span class='ocrx_word' id='word_1_42' title='bbox 739 1113 1007 1191; x_wconf 83' lang='lat' dir='ltr'>principe</span> <span class='ocrx_word' id='word_1_43' title='bbox 1057 1111 1314 1173; x_wconf 81' lang='lat' dir='ltr'>editione</span> <span class='ocrx_word' id='word_1_44' title='bbox 1364 1111 1690 1172; x_wconf 86' lang='lat' dir='ltr'>Politianus</span> <span class='ocrx_word' id='word_1_45' title='bbox 1738 1130 1854 1172; x_wconf 91' lang='lat' dir='ltr'>non</span> <span class='ocrx_word' id='word_1_46' title='bbox 1903 1115 2177 1174; x_wconf 85' lang='lat' dir='ltr'>correxit.</span> 
     </span>
    </p>

    <p class='ocr_par' dir='ltr' id='par_1_5' title="bbox 306 1218 2629 4192">
     <span class='ocr_line' id='line_1_8' title="bbox 481 1218 2585 1300; baseline 0 -20"><span class='ocrx_word' id='word_1_47' title='bbox 481 1218 528 1280; x_wconf 92' lang='lat'>4</span> <span class='ocrx_word' id='word_1_48' title='bbox 594 1218 945 1280; x_wconf 90' lang='lat' dir='ltr'>Cruribus</span> <span class='ocrx_word' id='word_1_49' title='bbox 1018 1237 1093 1279; x_wconf 94' lang='lat' dir='ltr'>ac</span> <span class='ocrx_word' id='word_1_50' title='bbox 1167 1218 1357 1279; x_wconf 93' lang='lat' dir='ltr'>collo</span> <span class='ocrx_word' id='word_1_51' title='bbox 1433 1218 1841 1279; x_wconf 90' lang='lat' dir='ltr'>internodis</span> <span class='ocrx_word' id='word_1_52' title='bbox 1915 1222 2139 1280; x_wconf 88' lang='lat' dir='ltr'>rectis</span> <span class='ocrx_word' id='word_1_53' title='bbox 2212 1230 2281 1281; x_wconf 91' lang='lat' dir='ltr'>et</span> <span class='ocrx_word' id='word_1_54' title='bbox 2345 1223 2585 1300; x_wconf 88' lang='lat' dir='ltr'>potius</span> 
     </span>
     <span class='ocr_line' id='line_1_9' title="bbox 306 1324 2589 1407; baseline 0.001 -19"><span class='ocrx_word' id='word_1_55' title='bbox 306 1329 536 1406; x_wconf 85' lang='lat' dir='ltr'>uariis</span> <span class='ocrx_word' id='word_1_56' title='bbox 594 1344 794 1405; x_wconf 88' lang='lat' dir='ltr'>quam</span> <span class='ocrx_word' id='word_1_57' title='bbox 852 1327 1072 1386; x_wconf 87' lang='lat' dir='ltr'>uatiis</span> <span class='ocrx_word' id='word_1_58' title='bbox 1127 1324 1432 1404; x_wconf 89' lang='lat' dir='ltr'>pedibus</span> <span class='ocrx_word' id='word_1_59' title='bbox 1488 1327 1761 1405; x_wconf 86' lang='lat' dir='ltr'>magnis</span> <span class='ocrx_word' id='word_1_60' title='bbox 1817 1335 1885 1386; x_wconf 87' lang='lat' dir='ltr'>et</span> <span class='ocrx_word' id='word_1_61' title='bbox 1940 1326 2105 1387; x_wconf 91' lang='lat' dir='ltr'>altis</span> <span class='ocrx_word' id='word_1_62' title='bbox 2162 1330 2281 1406; x_wconf 90' lang='lat' dir='ltr'>qui</span> <span class='ocrx_word' id='word_1_63' title='bbox 2345 1330 2589 1407; x_wconf 83' lang='lat' dir='ltr'>ingre·.</span> 
     </span>
     <span class='ocr_line' id='line_1_10' title="bbox 306 1431 2584 1513; baseline 0.001 -19"><span class='ocrx_word' id='word_1_64' title='bbox 306 1434 540 1494; x_wconf 89' lang='lat' dir='ltr'>dienti</span> <span class='ocrx_word' id='word_1_65' title='bbox 599 1435 661 1493; x_wconf 91' lang='lat' dir='ltr'>ei</span> <span class='ocrx_word' id='word_1_66' title='bbox 717 1431 1241 1512; x_wconf 91' lang='lat' dir='ltr'>displorantur]</span> <span class='ocrx_word' id='word_1_67' title='bbox 1293 1434 1371 1493; x_wconf 71' lang='grc' dir='ltr'>Εἰ</span> <span class='ocrx_word' id='word_1_68' title='bbox 1419 1437 1622 1510; x_wconf 86' lang='lat' dir='ltr'>potius</span> <span class='ocrx_word' id='word_1_69' title='bbox 1677 1432 1812 1492; x_wconf 84' lang='lat' dir='ltr'>libri</span> <span class='ocrx_word' id='word_1_70' title='bbox 1869 1452 2040 1494; x_wconf 86' lang='lat' dir='ltr'>manu</span> <span class='ocrx_word' id='word_1_71' title='bbox 2099 1435 2305 1513; x_wconf 90' lang='lat' dir='ltr'>scripti</span> <span class='ocrx_word' id='word_1_72' title='bbox 2354 1443 2414 1495; x_wconf 86' lang='lat' dir='ltr'>et</span> <span class='ocrx_word' id='word_1_73' title='bbox 2458 1434 2584 1496; x_wconf 89' lang='lat' dir='ltr'>Vic-</span> 
     </span>
     <span class='ocr_line' id='line_1_11' title="bbox 307 1538 2587 1622; baseline 0 -21"><span class='ocrx_word' id='word_1_74' title='bbox 307 1544 517 1622; x_wconf 79' lang='lat' dir='ltr'>toriuS‚</span> <span class='ocrx_word' id='word_1_75' title='bbox 565 1559 642 1603; x_wconf 90' lang='lat' dir='ltr'>ac</span> <span class='ocrx_word' id='word_1_76' title='bbox 682 1543 884 1617; x_wconf 78' lang='lat' dir='ltr'>potius</span> <span class='ocrx_word' id='word_1_77' title='bbox 932 1538 1087 1600; x_wconf 90' lang='lat' dir='ltr'>edita</span> <span class='ocrx_word' id='word_1_78' title='bbox 1135 1548 1269 1600; x_wconf 91' lang='lat' dir='ltr'>ante</span> <span class='ocrx_word' id='word_1_79' title='bbox 1317 1539 1642 1600; x_wconf 90' lang='lat' dir='ltr'>Victorium</span> <span class='ocrx_word' id='word_1_80' title='bbox 1689 1540 2068 1622; x_wconf 85' lang='lat' dir='ltr'>exemplaria,</span> <span class='ocrx_word' id='word_1_81' title='bbox 2115 1541 2271 1621; x_wconf 90' lang='lat' dir='ltr'>quod</span> <span class='ocrx_word' id='word_1_82' title='bbox 2319 1543 2381 1601; x_wconf 92' lang='lat' dir='ltr'>in</span> <span class='ocrx_word' id='word_1_83' title='bbox 2427 1543 2587 1620; x_wconf 91' lang='lat' dir='ltr'>prin-</span> 
     </span>
     <span class='ocr_line' id='line_1_12' title="bbox 311 1646 2597 1726; baseline 0.001 -18"><span class='ocrx_word' id='word_1_84' title='bbox 311 1651 441 1726; x_wconf 89' lang='lat' dir='ltr'>cipe</span> <span class='ocrx_word' id='word_1_85' title='bbox 491 1648 749 1708; x_wconf 81' lang='lat' dir='ltr'>editione</span> <span class='ocrx_word' id='word_1_86' title='bbox 799 1646 1124 1707; x_wconf 86' lang='lat' dir='ltr'>Politianus</span> <span class='ocrx_word' id='word_1_87' title='bbox 1171 1665 1289 1707; x_wconf 91' lang='lat' dir='ltr'>non</span> <span class='ocrx_word' id='word_1_88' title='bbox 1338 1648 1615 1706; x_wconf 87' lang='lat' dir='ltr'>correxit.</span> <span class='ocrx_word' id='word_1_89' title='bbox 1690 1651 1925 1723; x_wconf 73' lang='lat' dir='ltr'>maqnis</span> <span class='ocrx_word' id='word_1_90' title='bbox 1964 1656 2022 1709; x_wconf 87' lang='lat' dir='ltr'>et</span> <span class='ocrx_word' id='word_1_91' title='bbox 2059 1653 2199 1710; x_wconf 84' lang='lat' dir='ltr'>altis</span> <span class='ocrx_word' id='word_1_92' title='bbox 2249 1647 2383 1709; x_wconf 83' lang='lat' dir='ltr'>libri</span> <span class='ocrx_word' id='word_1_93' title='bbox 2423 1668 2597 1710; x_wconf 89' lang='lat' dir='ltr'>mann</span> 
     </span>
     <span class='ocr_line' id='line_1_13' title="bbox 311 1752 2598 1835; baseline 0.002 -20"><span class='ocrx_word' id='word_1_94' title='bbox 311 1757 538 1835; x_wconf 85' lang='lat' dir='ltr'>scripti,</span> <span class='ocrx_word' id='word_1_95' title='bbox 585 1758 822 1830; x_wconf 73' lang='lat' dir='ltr'>maqnis</span> <span class='ocrx_word' id='word_1_96' title='bbox 868 1757 1009 1815; x_wconf 86' lang='lat' dir='ltr'>altis</span> <span class='ocrx_word' id='word_1_97' title='bbox 1055 1754 1233 1814; x_wconf 89' lang='lat' dir='ltr'>editio</span> <span class='ocrx_word' id='word_1_98' title='bbox 1280 1755 1561 1832; x_wconf 88' lang='lat' dir='ltr'>princeps</span> <span class='ocrx_word' id='word_1_99' title='bbox 1600 1772 1630 1813; x_wconf 86' lang='lat' dir='ltr'>a</span> <span class='ocrx_word' id='word_1_100' title='bbox 1669 1752 1954 1815; x_wconf 91' lang='lat' dir='ltr'>Politiano</span> <span class='ocrx_word' id='word_1_101' title='bbox 2004 1774 2119 1816; x_wconf 90' lang='lat' dir='ltr'>non</span> <span class='ocrx_word' id='word_1_102' title='bbox 2161 1765 2446 1818; x_wconf 86' lang='lat' dir='ltr'>correcta.</span> <span class='ocrx_word' id='word_1_103' title='bbox 2521 1776 2598 1819; x_wconf 90' lang='lat' dir='ltr'>ac</span> 
     </span>
     <span class='ocr_line' id='line_1_14' title="bbox 311 1860 2601 1942; baseline -0 -17"><span class='ocrx_word' id='word_1_104' title='bbox 311 1868 465 1925; x_wconf 85' lang='lat' dir='ltr'>collo</span> <span class='ocrx_word' id='word_1_105' title='bbox 532 1863 896 1935; x_wconf 87' lang='lat' dir='ltr'>internodis‚</span> <span class='ocrx_word' id='word_1_106' title='bbox 965 1879 1115 1940; x_wconf 87' lang='lat' dir='ltr'>quae</span> <span class='ocrx_word' id='word_1_107' title='bbox 1182 1879 1253 1920; x_wconf 86' lang='lat' dir='ltr'>ex</span> <span class='ocrx_word' id='word_1_108' title='bbox 1320 1860 1729 1939; x_wconf 85' lang='lat' dir='ltr'>superioribus</span> <span class='ocrx_word' id='word_1_109' title='bbox 1797 1864 2048 1941; x_wconf 83' lang='lat' dir='ltr'>repetita</span> <span class='ocrx_word' id='word_1_110' title='bbox 2123 1871 2314 1942; x_wconf 88' lang='lat' dir='ltr'>erant,</span> <span class='ocrx_word' id='word_1_111' title='bbox 2379 1864 2601 1924; x_wconf 82' lang='lat' dir='ltr'>Merula</span> 
     </span>
     <span class='ocr_line' id='line_1_15' title="bbox 314 1968 2603 2047; baseline 0.001 -16"><span class='ocrx_word' id='word_1_112' title='bbox 314 1971 547 2033; x_wconf 86' lang='lat' dir='ltr'>delevit.</span> <span class='ocrx_word' id='word_1_113' title='bbox 608 1968 820 2030; x_wconf 88' lang='lat' dir='ltr'>deinde</span> <span class='ocrx_word' id='word_1_114' title='bbox 860 1972 1028 2029; x_wconf 85' lang='lat' dir='ltr'>varis</span> <span class='ocrx_word' id='word_1_115' title='bbox 1065 1987 1173 2047; x_wconf 90' lang='lat' dir='ltr'>pro</span> <span class='ocrx_word' id='word_1_116' title='bbox 1211 1971 1404 2028; x_wconf 85' lang='lat' dir='ltr'>variis</span> <span class='ocrx_word' id='word_1_117' title='bbox 1445 1986 1515 2027; x_wconf 87' lang='lat' dir='ltr'>ex</span> <span class='ocrx_word' id='word_1_118' title='bbox 1554 1986 1658 2028; x_wconf 86' lang='lat' dir='ltr'>sua</span> <span class='ocrx_word' id='word_1_119' title='bbox 1699 1971 2039 2030; x_wconf 85' lang='lat' dir='ltr'>coniectura</span> <span class='ocrx_word' id='word_1_120' title='bbox 2078 1970 2241 2032; x_wconf 80' lang='lat' dir='ltr'>dedit</span> <span class='ocrx_word' id='word_1_121' title='bbox 2278 1970 2603 2033; x_wconf 87' lang='lat' dir='ltr'>Victorius:</span> 
     </span>
     <span class='ocr_line' id='line_1_16' title="bbox 313 2074 2601 2158; baseline 0 -20"><span class='ocrx_word' id='word_1_122' title='bbox 313 2096 447 2138; x_wconf 91' lang='lat' dir='ltr'>nam</span> <span class='ocrx_word' id='word_1_123' title='bbox 500 2077 657 2157; x_wconf 93' lang='lat' dir='ltr'>quod</span> <span class='ocrx_word' id='word_1_124' title='bbox 706 2076 778 2136; x_wconf 91' lang='lat' dir='ltr'>de</span> <span class='ocrx_word' id='word_1_125' title='bbox 827 2075 1046 2136; x_wconf 88' lang='lat' dir='ltr'>codicis</span> <span class='ocrx_word' id='word_1_126' title='bbox 1095 2077 1389 2154; x_wconf 86' lang='lat' dir='ltr'>scriptura</span> <span class='ocrx_word' id='word_1_127' title='bbox 1439 2074 1764 2156; x_wconf 80' lang='lat' dir='ltr'>adnotavit,</span> <span class='ocrx_word' id='word_1_128' title='bbox 1810 2075 1879 2136; x_wconf 89' lang='lat' dir='ltr'>ad</span> <span class='ocrx_word' id='word_1_129' title='bbox 1928 2081 2106 2138; x_wconf 84' lang='lat' dir='ltr'>vatiis</span> <span class='ocrx_word' id='word_1_130' title='bbox 2159 2080 2445 2158; x_wconf 83' lang='lat' dir='ltr'>pertinet,</span> <span class='ocrx_word' id='word_1_131' title='bbox 2492 2097 2601 2158; x_wconf 91' lang='lat' dir='ltr'>pro</span> 
     </span>
     <span class='ocr_line' id='line_1_17' title="bbox 316 2181 2601 2266; baseline -0.001 -19"><span class='ocrx_word' id='word_1_132' title='bbox 316 2205 434 2266; x_wconf 92' lang='lat' dir='ltr'>quo</span> <span class='ocrx_word' id='word_1_133' title='bbox 482 2187 683 2246; x_wconf 88' lang='lat' dir='ltr'>uaciis</span> <span class='ocrx_word' id='word_1_134' title='bbox 730 2186 790 2243; x_wconf 90' lang='lat' dir='ltr'>in</span> <span class='ocrx_word' id='word_1_135' title='bbox 838 2181 1201 2243; x_wconf 86' lang='lat' dir='ltr'>editionibus</span> <span class='ocrx_word' id='word_1_136' title='bbox 1248 2190 1416 2242; x_wconf 91' lang='lat' dir='ltr'>antea</span> <span class='ocrx_word' id='word_1_137' title='bbox 1463 2182 1771 2259; x_wconf 87' lang='lat' dir='ltr'>impressis</span> <span class='ocrx_word' id='word_1_138' title='bbox 1816 2183 2167 2246; x_wconf 87' lang='lat' dir='ltr'>inveniebat.</span> <span class='ocrx_word' id='word_1_139' title='bbox 2244 2204 2379 2245; x_wconf 90' lang='lat' dir='ltr'>vara</span> <span class='ocrx_word' id='word_1_140' title='bbox 2426 2204 2601 2246; x_wconf 87' lang='lat' dir='ltr'>crura</span> 
     </span>
     <span class='ocr_line' id='line_1_18' title="bbox 317 2288 2601 2368; baseline 0 -14"><span class='ocrx_word' id='word_1_141' title='bbox 317 2300 514 2354; x_wconf 89' lang='lat' dir='ltr'>autem</span> <span class='ocrx_word' id='word_1_142' title='bbox 555 2300 696 2352; x_wconf 91' lang='lat' dir='ltr'>sunt</span> <span class='ocrx_word' id='word_1_143' title='bbox 735 2291 981 2351; x_wconf 88' lang='lat' dir='ltr'>distorta</span> <span class='ocrx_word' id='word_1_144' title='bbox 1020 2297 1082 2349; x_wconf 87' lang='lat' dir='ltr'>et</span> <span class='ocrx_word' id='word_1_145' title='bbox 1119 2289 1394 2349; x_wconf 85' lang='lat' dir='ltr'>distantia</span> <span class='ocrx_word' id='word_1_146' title='bbox 1431 2288 1683 2368; x_wconf 89' lang='lat' dir='ltr'>pedibus</span> <span class='ocrx_word' id='word_1_147' title='bbox 1720 2291 2045 2350; x_wconf 87' lang='lat' dir='ltr'>introrsum</span> <span class='ocrx_word' id='word_1_148' title='bbox 2086 2295 2354 2354; x_wconf 87' lang='lat' dir='ltr'>retortis:</span> <span class='ocrx_word' id='word_1_149' title='bbox 2401 2293 2601 2354; x_wconf 88' lang='lat' dir='ltr'>Horat.</span> 
     </span>
     <span class='ocr_line' id='line_1_19' title="bbox 321 2395 2599 2480; baseline -0.001 -19"><span class='ocrx_word' id='word_1_150' title='bbox 321 2408 425 2461; x_wconf 87' lang='lat' dir='ltr'>sat.</span> <span class='ocrx_word' id='word_1_151' title='bbox 473 2400 500 2459; x_wconf 95' lang='lat' dir='ltr'>I</span> <span class='ocrx_word' id='word_1_152' title='bbox 539 2398 597 2480; x_wconf 86' lang='lat'>3,</span> <span class='ocrx_word' id='word_1_153' title='bbox 636 2396 719 2459; x_wconf 83' lang='lat'>47</span> <span class='ocrx_word' id='word_1_154' title='bbox 779 2397 1064 2477; x_wconf 87' lang='lat' dir='ltr'>Porphyr.</span> <span class='ocrx_word' id='word_1_155' title='bbox 1122 2399 1183 2456; x_wconf 91' lang='lat' dir='ltr'>in</span> <span class='ocrx_word' id='word_1_156' title='bbox 1228 2395 1369 2456; x_wconf 87' lang='lat' dir='ltr'>Hor.</span> <span class='ocrx_word' id='word_1_157' title='bbox 1418 2396 1453 2455; x_wconf 87' lang='grc' dir='ltr'>Ι.</span> <span class='ocrx_word' id='word_1_158' title='bbox 1492 2415 1541 2456; x_wconf 89' lang='lat' dir='ltr'>c.</span> <span class='ocrx_word' id='word_1_159' title='bbox 1599 2395 1747 2457; x_wconf 91' lang='lat' dir='ltr'>Non.</span> <span class='ocrx_word' id='word_1_160' title='bbox 1794 2416 1849 2476; x_wconf 91' lang='lat' dir='ltr'>p.</span> <span class='ocrx_word' id='word_1_161' title='bbox 1889 2395 1992 2479; x_wconf 81' lang='lat'>26,</span> <span class='ocrx_word' id='word_1_162' title='bbox 2034 2396 2090 2459; x_wconf 86' lang='lat'>7.</span> <span class='ocrx_word' id='word_1_163' title='bbox 2166 2401 2313 2459; x_wconf 86' lang='lat' dir='ltr'>vatia</span> <span class='ocrx_word' id='word_1_164' title='bbox 2362 2402 2599 2461; x_wconf 90' lang='lat' dir='ltr'>suntin</span> 
     </span>
     <span class='ocr_line' id='line_1_20' title="bbox 321 2502 2600 2587; baseline 0 -19"><span class='ocrx_word' id='word_1_165' title='bbox 321 2508 666 2568; x_wconf 89' lang='lat' dir='ltr'>interiorem</span> <span class='ocrx_word' id='word_1_166' title='bbox 713 2514 941 2584; x_wconf 86' lang='lat' dir='ltr'>partem</span> <span class='ocrx_word' id='word_1_167' title='bbox 988 2521 1271 2564; x_wconf 86' lang='lat' dir='ltr'>conversa</span> <span class='ocrx_word' id='word_1_168' title='bbox 1320 2502 1676 2564; x_wconf 88' lang='lat' dir='ltr'>distantibus</span> <span class='ocrx_word' id='word_1_169' title='bbox 1733 2503 2012 2586; x_wconf 79' lang='lat' dir='ltr'>pedibuS‚</span> <span class='ocrx_word' id='word_1_170' title='bbox 2060 2506 2216 2567; x_wconf 89' lang='lat' dir='ltr'>unde</span> <span class='ocrx_word' id='word_1_171' title='bbox 2273 2526 2600 2587; x_wconf 85' lang='lat' dir='ltr'>cognomen</span> 
     </span>
     <span class='ocr_line' id='line_1_21' title="bbox 320 2610 2603 2693; baseline 0.001 -19"><span class='ocrx_word' id='word_1_172' title='bbox 320 2615 480 2677; x_wconf 87' lang='lat' dir='ltr'>Vatia</span> <span class='ocrx_word' id='word_1_173' title='bbox 528 2615 773 2676; x_wconf 89' lang='lat' dir='ltr'>ductum</span> <span class='ocrx_word' id='word_1_174' title='bbox 821 2623 937 2674; x_wconf 88' lang='lat' dir='ltr'>est:</span> <span class='ocrx_word' id='word_1_175' title='bbox 986 2613 1149 2673; x_wconf 88' lang='lat' dir='ltr'>Varr.</span> <span class='ocrx_word' id='word_1_176' title='bbox 1198 2612 1270 2672; x_wconf 89' lang='lat' dir='ltr'>de</span> <span class='ocrx_word' id='word_1_177' title='bbox 1319 2612 1457 2690; x_wconf 83' lang='lat' dir='ltr'>ling.</span> <span class='ocrx_word' id='word_1_178' title='bbox 1504 2611 1600 2673; x_wconf 89' lang='lat' dir='ltr'>lat.</span> <span class='ocrx_word' id='word_1_179' title='bbox 1639 2611 1720 2672; x_wconf 90' lang='lat' dir='ltr'>lX</span> <span class='ocrx_word' id='word_1_180' title='bbox 1764 2610 1844 2673; x_wconf 92' lang='lat'>10</span> <span class='ocrx_word' id='word_1_181' title='bbox 1888 2617 2078 2689; x_wconf 83' lang='lat' dir='ltr'>siquis</span> <span class='ocrx_word' id='word_1_182' title='bbox 2117 2633 2455 2692; x_wconf 84' lang='lat' dir='ltr'>puerorum</span> <span class='ocrx_word' id='word_1_183' title='bbox 2489 2635 2603 2693; x_wconf 84' lang='lat' dir='ltr'>per</span> 
     </span>
     <span class='ocr_line' id='line_1_22' title="bbox 322 2722 2605 2800; baseline 0 -16"><span class='ocrx_word' id='word_1_184' title='bbox 322 2726 571 2785; x_wconf 79' lang='lat' dir='ltr'>delicias</span> <span class='ocrx_word' id='word_1_185' title='bbox 622 2725 810 2800; x_wconf 83' lang='lat' dir='ltr'>pedes</span> <span class='ocrx_word' id='word_1_186' title='bbox 864 2725 1021 2782; x_wconf 85' lang='lat' dir='ltr'>male</span> <span class='ocrx_word' id='word_1_187' title='bbox 1068 2738 1302 2797; x_wconf 84' lang='lat' dir='ltr'>ponere</span> <span class='ocrx_word' id='word_1_188' title='bbox 1365 2727 1546 2795; x_wconf 86' lang='lat' dir='ltr'>atque</span> <span class='ocrx_word' id='word_1_189' title='bbox 1612 2722 1846 2781; x_wconf 87' lang='lat' dir='ltr'>imitari</span> <span class='ocrx_word' id='word_1_190' title='bbox 1898 2725 2094 2783; x_wconf 80' lang='lat' dir='ltr'>vatias</span> <span class='ocrx_word' id='word_1_191' title='bbox 2150 2727 2441 2800; x_wconf 82' lang='lat' dir='ltr'>coeperit,</span> <span class='ocrx_word' id='word_1_192' title='bbox 2497 2726 2605 2785; x_wconf 80' lang='lat' dir='ltr'>hos</span> 
     </span>
     <span class='ocr_line' id='line_1_23' title="bbox 322 2826 2601 2907; baseline -0.001 -15"><span class='ocrx_word' id='word_1_193' title='bbox 322 2834 558 2906; x_wconf 73' lang='lat' dir='ltr'>corriqi</span> <span class='ocrx_word' id='word_1_194' title='bbox 601 2836 883 2907; x_wconf 83' lang='lat' dir='ltr'>oportere</span> <span class='ocrx_word' id='word_1_195' title='bbox 927 2832 982 2889; x_wconf 91' lang='lat' dir='ltr'>si</span> <span class='ocrx_word' id='word_1_196' title='bbox 1026 2830 1340 2902; x_wconf 85' lang='lat' dir='ltr'>concedat,</span> <span class='ocrx_word' id='word_1_197' title='bbox 1388 2835 1606 2888; x_wconf 87' lang='lat' dir='ltr'>contra</span> <span class='ocrx_word' id='word_1_198' title='bbox 1651 2830 1843 2902; x_wconf 83' lang='lat' dir='ltr'>siquis</span> <span class='ocrx_word' id='word_1_199' title='bbox 1889 2826 1952 2889; x_wconf 82' lang='lat' dir='ltr'>in</span> <span class='ocrx_word' id='word_1_200' title='bbox 2000 2833 2434 2891; x_wconf 81' lang='lat' dir='ltr'>consuetudine</span> <span class='ocrx_word' id='word_1_201' title='bbox 2480 2848 2601 2890; x_wconf 85' lang='lat' dir='ltr'>am-</span> 
     </span>
     <span class='ocr_line' id='line_1_24' title="bbox 324 2934 2604 3012; baseline -0 -13"><span class='ocrx_word' id='word_1_202' title='bbox 324 2939 574 3000; x_wconf 85' lang='lat' dir='ltr'>bulandi</span> <span class='ocrx_word' id='word_1_203' title='bbox 618 2940 740 2997; x_wconf 87' lang='lat' dir='ltr'>iam</span> <span class='ocrx_word' id='word_1_204' title='bbox 780 2934 990 3011; x_wconf 84' lang='lat' dir='ltr'>factus</span> <span class='ocrx_word' id='word_1_205' title='bbox 1035 2938 1114 2995; x_wconf 87' lang='lat' dir='ltr'>sit</span> <span class='ocrx_word' id='word_1_206' title='bbox 1157 2937 1325 2995; x_wconf 85' lang='lat' dir='ltr'>vatia</span> <span class='ocrx_word' id='word_1_207' title='bbox 1375 2942 1483 2995; x_wconf 84' lang='lat' dir='ltr'>aut</span> <span class='ocrx_word' id='word_1_208' title='bbox 1527 2938 1878 3011; x_wconf 83' lang='lat' dir='ltr'>conpernis,</span> <span class='ocrx_word' id='word_1_209' title='bbox 1926 2939 1982 2995; x_wconf 88' lang='lat' dir='ltr'>si</span> <span class='ocrx_word' id='word_1_210' title='bbox 2025 2954 2157 2996; x_wconf 89' lang='lat' dir='ltr'>eum</span> <span class='ocrx_word' id='word_1_211' title='bbox 2206 2940 2444 3012; x_wconf 73' lang='lat' dir='ltr'>corriqi</span> <span class='ocrx_word' id='word_1_212' title='bbox 2486 2955 2604 2998; x_wconf 90' lang='lat' dir='ltr'>non</span> 
     </span>
     <span class='ocr_line' id='line_1_25' title="bbox 324 3038 2609 3118; baseline -0.001 -12"><span class='ocrx_word' id='word_1_213' title='bbox 324 3048 635 3118; x_wconf 88' lang='lat' dir='ltr'>concedat,</span> <span class='ocrx_word' id='word_1_214' title='bbox 674 3041 820 3103; x_wconf 89' lang='lat' dir='ltr'>Plin.</span> <span class='ocrx_word' id='word_1_215' title='bbox 852 3041 929 3101; x_wconf 90' lang='lat' dir='ltr'>XI</span> <span class='ocrx_word' id='word_1_216' title='bbox 959 3038 1089 3103; x_wconf 80' lang='lat'>254</span> <span class='ocrx_word' id='word_1_217' title='bbox 1135 3060 1393 3117; x_wconf 84' lang='lat' dir='ltr'>namque</span> <span class='ocrx_word' id='word_1_218' title='bbox 1431 3048 1489 3102; x_wconf 81' lang='lat' dir='ltr'>et</span> <span class='ocrx_word' id='word_1_219' title='bbox 1523 3044 1668 3102; x_wconf 82' lang='lat' dir='ltr'>hinc</span> <span class='ocrx_word' id='word_1_220' title='bbox 1706 3046 2063 3117; x_wconf 70' lang='lat' dir='ltr'>coynomina</span> <span class='ocrx_word' id='word_1_221' title='bbox 2105 3047 2348 3104; x_wconf 83' lang='lat' dir='ltr'>inventa</span> <span class='ocrx_word' id='word_1_222' title='bbox 2388 3044 2609 3104; x_wconf 81' lang='lat' dir='ltr'>Planci</span> 
     </span>
     <span class='ocr_line' id='line_1_26' title="bbox 325 3150 2606 3225; baseline -0 -13"><span class='ocrx_word' id='word_1_223' title='bbox 325 3154 530 3214; x_wconf 85' lang='lat' dir='ltr'>Plauti</span> <span class='ocrx_word' id='word_1_224' title='bbox 558 3153 799 3212; x_wconf 83' lang='lat' dir='ltr'>Pansae</span> <span class='ocrx_word' id='word_1_225' title='bbox 827 3152 1072 3224; x_wconf 81' lang='lat' dir='ltr'>Scauri,</span> <span class='ocrx_word' id='word_1_226' title='bbox 1117 3152 1278 3210; x_wconf 88' lang='lat' dir='ltr'>sicut</span> <span class='ocrx_word' id='word_1_227' title='bbox 1314 3168 1353 3209; x_wconf 89' lang='lat' dir='ltr'>a</span> <span class='ocrx_word' id='word_1_228' title='bbox 1390 3151 1680 3210; x_wconf 81' lang='lat' dir='ltr'>cruribus</span> <span class='ocrx_word' id='word_1_229' title='bbox 1724 3150 1875 3210; x_wconf 88' lang='lat' dir='ltr'>Vari</span> <span class='ocrx_word' id='word_1_230' title='bbox 1915 3151 2127 3211; x_wconf 86' lang='lat' dir='ltr'>Vatiae</span> <span class='ocrx_word' id='word_1_231' title='bbox 2170 3151 2409 3224; x_wconf 85' lang='lat' dir='ltr'>Vatinii,</span> <span class='ocrx_word' id='word_1_232' title='bbox 2448 3168 2606 3225; x_wconf 81' lang='lat' dir='ltr'>quae</span> 
     </span>
     <span class='ocr_line' id='line_1_27' title="bbox 323 3255 2605 3336; baseline -0.002 -16"><span class='ocrx_word' id='word_1_233' title='bbox 323 3263 468 3320; x_wconf 82' lang='lat' dir='ltr'>vitia</span> <span class='ocrx_word' id='word_1_234' title='bbox 498 3262 648 3320; x_wconf 83' lang='lat' dir='ltr'>etin</span> <span class='ocrx_word' id='word_1_235' title='bbox 686 3259 1183 3334; x_wconf 80' lang='lat' dir='ltr'>quadripedibus.</span> <span class='ocrx_word' id='word_1_236' title='bbox 1236 3255 1459 3335; x_wconf 83' lang='lat' dir='ltr'>glossas</span> <span class='ocrx_word' id='word_1_237' title='bbox 1500 3255 1706 3316; x_wconf 87' lang='lat' dir='ltr'>eodem</span> <span class='ocrx_word' id='word_1_238' title='bbox 1745 3259 2114 3336; x_wconf 81' lang='lat' dir='ltr'>pertinentes</span> <span class='ocrx_word' id='word_1_239' title='bbox 2144 3256 2305 3317; x_wconf 88' lang='lat' dir='ltr'>dedit</span> <span class='ocrx_word' id='word_1_240' title='bbox 2332 3256 2605 3317; x_wconf 87' lang='lat' dir='ltr'>Loewius</span> 
     </span>
     <span class='ocr_line' id='line_1_28' title="bbox 326 3361 2607 3445; baseline -0.001 -19"><span class='ocrx_word' id='word_1_241' title='bbox 326 3365 623 3445; x_wconf 88' lang='lat' dir='ltr'>prodrom.</span> <span class='ocrx_word' id='word_1_242' title='bbox 664 3363 840 3443; x_wconf 64' lang='lat' dir='ltr'>gloss</span> <span class='ocrx_word' id='word_1_243' title='bbox 888 3384 942 3444; x_wconf 90' lang='lat' dir='ltr'>p.</span> <span class='ocrx_word' id='word_1_244' title='bbox 981 3361 1128 3426; x_wconf 88' lang='lat'><strong>388.</strong></span> <span class='ocrx_word' id='word_1_245' title='bbox 1204 3362 1417 3423; x_wconf 90' lang='lat' dir='ltr'>deinde</span> <span class='ocrx_word' id='word_1_246' title='bbox 1467 3361 1617 3423; x_wconf 92' lang='lat' dir='ltr'>altos</span> <span class='ocrx_word' id='word_1_247' title='bbox 1663 3382 1782 3423; x_wconf 90' lang='lat' dir='ltr'>non</span> <span class='ocrx_word' id='word_1_248' title='bbox 1828 3381 2002 3442; x_wconf 89' lang='lat' dir='ltr'>posse</span> <span class='ocrx_word' id='word_1_249' title='bbox 2053 3363 2168 3424; x_wconf 92' lang='lat' dir='ltr'>dici</span> <span class='ocrx_word' id='word_1_250' title='bbox 2216 3364 2398 3443; x_wconf 89' lang='lat' dir='ltr'>pedes</span> <span class='ocrx_word' id='word_1_251' title='bbox 2447 3365 2607 3423; x_wconf 90' lang='lat' dir='ltr'>canis</span> 
     </span>
     <span class='ocr_line' id='line_1_29' title="bbox 321 3470 2603 3552; baseline 0 -20"><span class='ocrx_word' id='word_1_252' title='bbox 321 3471 610 3534; x_wconf 86' lang='lat' dir='ltr'>intellexit</span> <span class='ocrx_word' id='word_1_253' title='bbox 670 3471 1095 3552; x_wconf 79' lang='lat' dir='ltr'>SchneideruS,</span> <span class='ocrx_word' id='word_1_254' title='bbox 1154 3472 1257 3549; x_wconf 91' lang='lat' dir='ltr'>qui</span> <span class='ocrx_word' id='word_1_255' title='bbox 1311 3472 1683 3550; x_wconf 89' lang='lat' dir='ltr'>transpositis</span> <span class='ocrx_word' id='word_1_256' title='bbox 1739 3470 1935 3531; x_wconf 86' lang='lat' dir='ltr'>verbis</span> <span class='ocrx_word' id='word_1_257' title='bbox 1972 3478 2049 3532; x_wconf 18' lang='lat' dir='ltr'>*et</span> <span class='ocrx_word' id='word_1_258' title='bbox 2104 3475 2244 3532; x_wconf 85' lang='lat' dir='ltr'>altis</span> <span class='ocrx_word' id='word_1_259' title='bbox 2299 3471 2368 3531; x_wconf 89' lang='lat' dir='ltr'>ad</span> <span class='ocrx_word' id='word_1_260' title='bbox 2428 3490 2603 3532; x_wconf 89' lang='lat' dir='ltr'>crura</span> 
     </span>
     <span class='ocr_line' id='line_1_30' title="bbox 323 3579 2604 3659; baseline -0.001 -19"><span class='ocrx_word' id='word_1_261' title='bbox 323 3581 465 3641; x_wconf 86' lang='lat' dir='ltr'>haec</span> <span class='ocrx_word' id='word_1_262' title='bbox 514 3580 729 3640; x_wconf 85' lang='lat' dir='ltr'>referri</span> <span class='ocrx_word' id='word_1_263' title='bbox 776 3579 976 3659; x_wconf 85' lang='lat' dir='ltr'>voluit,</span> <span class='ocrx_word' id='word_1_264' title='bbox 1015 3581 1304 3640; x_wconf 83' lang='lat' dir='ltr'>cruribus</span> <span class='ocrx_word' id='word_1_265' title='bbox 1350 3581 1535 3639; x_wconf 85' lang='lat' dir='ltr'>rectis</span> <span class='ocrx_word' id='word_1_266' title='bbox 1574 3585 1633 3639; x_wconf 82' lang='lat' dir='ltr'>et</span> <span class='ocrx_word' id='word_1_267' title='bbox 1679 3582 1816 3639; x_wconf 82' lang='lat' dir='ltr'>altis</span> <span class='ocrx_word' id='word_1_268' title='bbox 1863 3587 1923 3640; x_wconf 86' lang='lat' dir='ltr'>et</span> <span class='ocrx_word' id='word_1_269' title='bbox 1962 3582 2166 3656; x_wconf 88' lang='lat' dir='ltr'>potius</span> <span class='ocrx_word' id='word_1_270' title='bbox 2210 3581 2378 3638; x_wconf 83' lang='lat' dir='ltr'>varis</span> <span class='ocrx_word' id='word_1_271' title='bbox 2423 3596 2604 3653; x_wconf 84' lang='lat' dir='ltr'>quam</span> 
     </span>
     <span class='ocr_line' id='line_1_31' title="bbox 325 3684 2603 3770; baseline -0.002 -21"><span class='ocrx_word' id='word_1_272' title='bbox 325 3691 520 3770; x_wconf 72' lang='lat' dir='ltr'>valiis,</span> <span class='ocrx_word' id='word_1_273' title='bbox 550 3688 810 3763; x_wconf 80' lang='lat' dir='ltr'>pedibus</span> <span class='ocrx_word' id='word_1_274' title='bbox 855 3689 1091 3761; x_wconf 73' lang='lat' dir='ltr'>maqnis</span> <span class='ocrx_word' id='word_1_275' title='bbox 1137 3689 1243 3760; x_wconf 84' lang='lat' dir='ltr'>qui</span> <span class='ocrx_word' id='word_1_276' title='bbox 1278 3703 1425 3766; x_wconf 86' lang='lat' dir='ltr'>sqq.‚</span> <span class='ocrx_word' id='word_1_277' title='bbox 1472 3684 1651 3764; x_wconf 91' lang='lat' dir='ltr'>idque</span> <span class='ocrx_word' id='word_1_278' title='bbox 1699 3686 2036 3746; x_wconf 87' lang='lat' dir='ltr'>confirmari</span> <span class='ocrx_word' id='word_1_279' title='bbox 2075 3688 2301 3765; x_wconf 89' lang='lat' dir='ltr'>putavit</span> <span class='ocrx_word' id='word_1_280' title='bbox 2338 3687 2411 3745; x_wconf 86' lang='lat' dir='ltr'>iis</span> <span class='ocrx_word' id='word_1_281' title='bbox 2456 3704 2603 3764; x_wconf 91' lang='lat' dir='ltr'>quae</span> 
     </span>
     <span class='ocr_line' id='line_1_32' title="bbox 327 3791 2605 3874; baseline -0.002 -19"><span class='ocrx_word' id='word_1_282' title='bbox 327 3814 396 3855; x_wconf 87' lang='lat' dir='ltr'>ex</span> <span class='ocrx_word' id='word_1_283' title='bbox 460 3796 803 3874; x_wconf 85' lang='lat' dir='ltr'>geoponiois</span> <span class='ocrx_word' id='word_1_284' title='bbox 867 3794 1095 3871; x_wconf 86' lang='lat' dir='ltr'>graecis</span> <span class='ocrx_word' id='word_1_285' title='bbox 1161 3810 1339 3871; x_wconf 90' lang='lat' dir='ltr'>supra</span> <span class='ocrx_word' id='word_1_286' title='bbox 1406 3793 1635 3870; x_wconf 88' lang='lat' dir='ltr'>scripsi.</span> <span class='ocrx_word' id='word_1_287' title='bbox 1727 3791 1834 3852; x_wconf 87' lang='lat' dir='ltr'>sed</span> <span class='ocrx_word' id='word_1_288' title='bbox 1889 3795 1946 3852; x_wconf 91' lang='lat' dir='ltr'>in</span> <span class='ocrx_word' id='word_1_289' title='bbox 2005 3792 2097 3853; x_wconf 91' lang='lat' dir='ltr'>his</span> <span class='ocrx_word' id='word_1_290' title='bbox 2160 3811 2274 3852; x_wconf 89' lang='lat' dir='ltr'>non</span> <span class='ocrx_word' id='word_1_291' title='bbox 2333 3801 2605 3852; x_wconf 86' lang='lat' dir='ltr'>accurate</span> 
     </span>
     <span class='ocr_line' id='line_1_33' title="bbox 327 3898 2607 3979; baseline -0 -19"><span class='ocrx_word' id='word_1_292' title='bbox 327 3901 608 3962; x_wconf 86' lang='lat' dir='ltr'>Varronis</span> <span class='ocrx_word' id='word_1_293' title='bbox 655 3899 834 3961; x_wconf 87' lang='lat' dir='ltr'>verba</span> <span class='ocrx_word' id='word_1_294' title='bbox 881 3917 1159 3979; x_wconf 85' lang='lat' dir='ltr'>expressa</span> <span class='ocrx_word' id='word_1_295' title='bbox 1206 3917 1337 3959; x_wconf 90' lang='lat' dir='ltr'>esse</span> <span class='ocrx_word' id='word_1_296' title='bbox 1386 3908 1646 3977; x_wconf 85' lang='lat' dir='ltr'>apparet.</span> <span class='ocrx_word' id='word_1_297' title='bbox 1738 3899 1920 3961; x_wconf 86' lang='lat' dir='ltr'>Varro</span> <span class='ocrx_word' id='word_1_298' title='bbox 1977 3908 2172 3960; x_wconf 87' lang='lat' dir='ltr'>autem</span> <span class='ocrx_word' id='word_1_299' title='bbox 2220 3898 2359 3978; x_wconf 92' lang='lat' dir='ltr'>quid</span> <span class='ocrx_word' id='word_1_300' title='bbox 2425 3902 2607 3979; x_wconf 90' lang='lat' dir='ltr'>scrip·</span> 
     </span>
     <span class='ocr_line' id='line_1_34' title="bbox 328 4004 2609 4088; baseline -0 -20"><span class='ocrx_word' id='word_1_301' title='bbox 328 4011 498 4088; x_wconf 86' lang='lat' dir='ltr'>serit,</span> <span class='ocrx_word' id='word_1_302' title='bbox 547 4026 617 4067; x_wconf 85' lang='lat' dir='ltr'>ex</span> <span class='ocrx_word' id='word_1_303' title='bbox 664 4008 737 4067; x_wconf 91' lang='lat' dir='ltr'>iis</span> <span class='ocrx_word' id='word_1_304' title='bbox 786 4025 937 4087; x_wconf 86' lang='lat' dir='ltr'>quae</span> <span class='ocrx_word' id='word_1_305' title='bbox 984 4024 1163 4086; x_wconf 85' lang='lat' dir='ltr'>supra</span> <span class='ocrx_word' id='word_1_306' title='bbox 1210 4007 1281 4067; x_wconf 90' lang='lat' dir='ltr'>de</span> <span class='ocrx_word' id='word_1_307' title='bbox 1331 4006 1525 4067; x_wconf 90' lang='lat' dir='ltr'>bubus</span> <span class='ocrx_word' id='word_1_308' title='bbox 1572 4009 1791 4086; x_wconf 88' lang='lat' dir='ltr'>scripta</span> <span class='ocrx_word' id='word_1_309' title='bbox 1840 4016 2036 4087; x_wconf 83' lang='lat' dir='ltr'>erant,</span> <span class='ocrx_word' id='word_1_310' title='bbox 2081 4005 2135 4066; x_wconf 93' lang='lat'>11</span> <span class='ocrx_word' id='word_1_311' title='bbox 2173 4004 2230 4087; x_wconf 84' lang='lat'>5,</span> <span class='ocrx_word' id='word_1_312' title='bbox 2271 4004 2309 4068; x_wconf 89' lang='lat'>8</span> <span class='ocrx_word' id='word_1_313' title='bbox 2349 4010 2609 4085; x_wconf 82' lang='lat' dir='ltr'>pedibus</span> 
     </span>
     <span class='ocr_line' id='line_1_35' title="bbox 328 4112 2629 4192; baseline -0.001 -15"><span class='ocrx_word' id='word_1_314' title='bbox 328 4135 445 4177; x_wconf 88' lang='lat' dir='ltr'>non</span> <span class='ocrx_word' id='word_1_315' title='bbox 510 4118 652 4177; x_wconf 84' lang='lat' dir='ltr'>latis</span> <span class='ocrx_word' id='word_1_316' title='bbox 716 4132 909 4189; x_wconf 84' lang='lat' dir='ltr'>neque</span> <span class='ocrx_word' id='word_1_317' title='bbox 974 4116 1454 4188; x_wconf 62' lang='lat' dir='ltr'>incredientibus</span> <span class='ocrx_word' id='word_1_318' title='bbox 1528 4119 1634 4189; x_wconf 82' lang='lat' dir='ltr'>qui</span> <span class='ocrx_word' id='word_1_319' title='bbox 1709 4117 2165 4192; x_wconf 78' lang='lat' dir='ltr'>displudantur,</span> <span class='ocrx_word' id='word_1_320' title='bbox 2230 4112 2629 4191; x_wconf 55' lang='lat' dir='ltr'>intellegitur„</span> 
     </span>
    </p>

    <p class='ocr_par' dir='ltr' id='par_1_6' title="bbox 325 4223 2605 4302">
     <span class='ocr_line' id='line_1_36' title="bbox 325 4223 2605 4302; baseline -0 -19"><span class='ocrx_word' id='word_1_321' title='bbox 325 4226 521 4302; x_wconf 88' lang='lat' dir='ltr'>itaque</span> <span class='ocrx_word' id='word_1_322' title='bbox 578 4223 793 4301; x_wconf 89' lang='lat' dir='ltr'>scripsi</span> <span class='ocrx_word' id='word_1_323' title='bbox 839 4223 1099 4299; x_wconf 83' lang='lat' dir='ltr'>pedibus</span> <span class='ocrx_word' id='word_1_324' title='bbox 1152 4226 1388 4297; x_wconf 71' lang='lat' dir='ltr'>maynis</span> <span class='ocrx_word' id='word_1_325' title='bbox 1444 4231 1503 4283; x_wconf 83' lang='lat' dir='ltr'>et</span> <span class='ocrx_word' id='word_1_326' title='bbox 1556 4226 1721 4296; x_wconf 83' lang='lat' dir='ltr'>latis,</span> <span class='ocrx_word' id='word_1_327' title='bbox 1785 4226 1892 4297; x_wconf 82' lang='lat' dir='ltr'>qui</span> <span class='ocrx_word' id='word_1_328' title='bbox 1945 4223 2317 4297; x_wconf 59' lang='lat' dir='ltr'>incredienti</span> <span class='ocrx_word' id='word_1_329' title='bbox 2376 4225 2435 4282; x_wconf 90' lang='lat' dir='ltr'>ei</span> <span class='ocrx_word' id='word_1_330' title='bbox 2488 4225 2605 4282; x_wconf 90' lang='lat' dir='ltr'>dis-</span> 
     </span>
    </p>

    <p class='ocr_par' dir='ltr' id='par_1_7' title="bbox 209 4311 2608 4624">
     <span class='ocr_line' id='line_1_37' title="bbox 209 4311 669 4407; baseline -0.013 -13"><span class='ocrx_word' id='word_1_331' title='bbox 209 4311 212 4312; x_wconf 26' lang='lat'><em>⁷</em></span> <span class='ocrx_word' id='word_1_332' title='bbox 320 4335 669 4407; x_wconf 86' lang='lat' dir='ltr'>plodantur.</span> 
     </span>
     <span class='ocr_line' id='line_1_38' title="bbox 506 4434 2604 4496; baseline 0 0"><span class='ocrx_word' id='word_1_333' title='bbox 506 4435 764 4496; x_wconf 90' lang='lat' dir='ltr'>Selone</span> <span class='ocrx_word' id='word_1_334' title='bbox 838 4442 914 4495; x_wconf 90' lang='lat' dir='ltr'>ut</span> <span class='ocrx_word' id='word_1_335' title='bbox 987 4453 1247 4496; x_wconf 90' lang='lat' dir='ltr'>corneo</span> <span class='ocrx_word' id='word_1_336' title='bbox 1323 4454 1406 4496; x_wconf 90' lang='lat' dir='ltr'>ne</span> <span class='ocrx_word' id='word_1_337' title='bbox 1480 4437 1774 4496; x_wconf 90' lang='lat' dir='ltr'>nimium</span> <span class='ocrx_word' id='word_1_338' title='bbox 1857 4434 2030 4495; x_wconf 91' lang='lat' dir='ltr'>duro</span> <span class='ocrx_word' id='word_1_339' title='bbox 2114 4434 2232 4494; x_wconf 90' lang='lat' dir='ltr'>sed</span> <span class='ocrx_word' id='word_1_340' title='bbox 2318 4444 2393 4494; x_wconf 87' lang='lat' dir='ltr'>ut</span> <span class='ocrx_word' id='word_1_341' title='bbox 2466 4437 2604 4496; x_wconf 86' lang='lat' dir='ltr'>fer·</span> 
     </span>
     <span class='ocr_line' id='line_1_39' title="bbox 330 4541 2608 4624; baseline -0.001 -18"><span class='ocrx_word' id='word_1_342' title='bbox 330 4551 645 4606; x_wconf 87' lang='lat' dir='ltr'>mentato</span> <span class='ocrx_word' id='word_1_343' title='bbox 721 4561 797 4603; x_wconf 89' lang='lat' dir='ltr'>ac</span> <span class='ocrx_word' id='word_1_344' title='bbox 869 4541 1065 4601; x_wconf 92' lang='lat' dir='ltr'>molli</span> <span class='ocrx_word' id='word_1_345' title='bbox 1139 4562 1169 4601; x_wconf 87' lang='lat' dir='ltr'>a</span> <span class='ocrx_word' id='word_1_346' title='bbox 1244 4541 1635 4604; x_wconf 86' lang='lat' dir='ltr'>feminibus</span> <span class='ocrx_word' id='word_1_347' title='bbox 1709 4544 1998 4603; x_wconf 88' lang='lat' dir='ltr'>summis</span> <span class='ocrx_word' id='word_1_348' title='bbox 2072 4559 2373 4622; x_wconf 88' lang='lat' dir='ltr'>corpore</span> <span class='ocrx_word' id='word_1_349' title='bbox 2449 4562 2608 4624; x_wconf 90' lang='lat' dir='ltr'>sup-</span> 
     </span>
    </p>
   </div>
  </div>
 </body>
</html>
