3178 5185
579 415 666 480 42
1275 423 1659 480 COMMENT.
1695 425 1777 480 IN
1812 424 2185 480 VARRONIS

580 571 735 642 haec
774 587 987 658 postea
1035 600 1074 641 a
1114 583 1344 657 iuqeris
1391 587 1631 643 centum
1669 585 1950 644 centuria
1998 585 2182 658 dieta,
2220 601 2378 659 quae
2416 585 2733 660 duplicata
2785 589 2881 644 est

582 692 892 764 quadrata
921 689 1242 770 IucunduS‚
1271 692 1426 751 haec
1447 697 1662 767 postea
1691 709 1730 751 a
1759 698 1998 753 eentum
2029 695 2309 752 centuria
2340 694 2521 754 dieta.
2580 694 2876 752 centuria

586 803 674 857 est
718 799 1028 871 quadrata
1075 795 1392 858 VictoriuS.
1463 800 1721 858 heredia
1768 804 2006 859 centum
2054 802 2336 860 centuria
2385 801 2564 865 clieta,
2610 799 2878 858 coniecit

582 903 886 964 Mercerus
942 902 979 964 l.
1020 924 1097 984 c.,
1163 906 1318 966 haec
1365 908 1569 981 posita
1626 912 1865 967 centum
1929 909 2232 967 centuria
2268 904 2613 966 Hultschius
2678 903 2879 965 annal.

578 1010 854 1090 philolog.
905 1029 954 1072 a.
1007 1009 1176 1092 1880
1230 1030 1286 1090 p.
1335 1009 1464 1098 263
1531 1019 1591 1072 et
1646 1014 1707 1072 in
1763 1012 2107 1093 Metrologia
2162 1033 2216 1093 p.
2257 1009 2361 1074 85.
2434 1014 2879 1073 accuratiorem

581 1120 887 1178 centuriae
944 1118 1346 1180 definitionem
1402 1119 1565 1180 dedit
1624 1120 1805 1180 Varro
1863 1121 1935 1181 de
1992 1121 2130 1200 ling.
2180 1121 2275 1182 lat.
2324 1119 2371 1178 V
2409 1116 2521 1203 35,
2580 1124 2878 1181 centuria

571 1228 838 1301 primum
897 1244 935 1286 a
995 1233 1231 1287 eentum
1290 1229 1604 1302 iuyeribus
1667 1231 1835 1289 dicta
1892 1235 1995 1304 est,
2045 1235 2185 1304 post
2241 1231 2553 1304 duplicata
2609 1230 2883 1288 retinuit

580 1350 812 1408 nomen,
861 1341 920 1394 et
962 1333 1076 1393 hoc
1113 1340 1356 1393 auctore
1396 1333 1718 1394 Columella
1756 1333 1803 1392 V
1837 1332 1889 1416 1,
1923 1332 1959 1395 7
2009 1337 2348 1396 centuriam
2386 1353 2551 1396 nune
2590 1338 2878 1413 dicimuS,

578 1447 645 1500 ut
690 1443 846 1501 idem
906 1441 1104 1502 Varro
1152 1444 1261 1521 ait,
1306 1444 1706 1502 ducentorum
1753 1444 2031 1517 iuqerum
2079 1444 2352 1513 modum,·
2397 1444 2536 1502 olim
2574 1448 2790 1502 autem
2838 1460 2878 1502 a

578 1554 816 1608 eentum
864 1549 1177 1623 iugeribus
1222 1551 1562 1609 vocabatur
1609 1551 1910 1625 centuria,
1955 1552 2067 1610 sed
2100 1567 2241 1610 mox
2287 1552 2602 1625 duplicata
2650 1567 2879 1611 nomen

576 1659 845 1716 retinuit.
929 1655 1039 1715 hos
1106 1662 1348 1716 secutus
1406 1665 1497 1716 est
1553 1656 1885 1738 Iucundus‚
1953 1675 2087 1717 cum
2145 1654 2392 1716 eandem
2458 1655 2878 1716 definitionem

576 1763 689 1823 hoc
737 1762 867 1824 loco
924 1765 1299 1842 exprimeret.
1374 1763 1481 1823 sed
1538 1781 1613 1823 ne
1670 1763 1884 1842 reliqui
1941 1763 2207 1845 quidem,
2264 1780 2518 1842 quorum
2575 1761 2878 1823 lectiones

578 1888 758 1948 supra
803 1873 1002 1952 posui,
1059 1869 1409 1931 brevitatem
1457 1872 1751 1931 sermonis
1798 1869 2143 1930 Varroniani
2198 1876 2651 1949 perspexerunt.
2735 1889 2876 1930 nam

575 1981 730 2040 haec
795 1985 1035 2039 eentum
1100 1985 1241 2039 sunt
1305 1984 1544 2038 centum
1610 1976 1879 2060 heredia,
1948 1996 2097 2057 quae
2163 1984 2394 2056 postea,
2459 1975 2517 2035 id
2577 1986 2671 2037 est
2737 1985 2878 2056 post

577 2084 920 2164 Romulum,
976 2104 1007 2145 a
1065 2103 1180 2164 quo
1237 2083 1547 2145 heredium
1594 2086 1930 2146 institutum
1980 2094 2133 2166 erat,
2188 2082 2474 2164 appellata
2531 2091 2674 2144 sunt
2737 2103 2878 2145 cen-

575 2197 746 2255 turia.
821 2193 1034 2254 deinde
1080 2196 1236 2254 haee
1275 2211 1467 2269 porro
1514 2191 1735 2253 habent
1781 2192 1916 2253 libri
1954 2194 2341 2272 recentioreS‚
2379 2190 2483 2251 sed
2520 2193 2639 2252 hae
2668 2210 2877 2268 porro

574 2303 942 2380 antiquiores
980 2320 1115 2362 cum
1154 2301 1423 2379 principe
1463 2300 1722 2361 editione
1761 2318 1793 2360 a
1831 2298 2119 2360 Politiano
2160 2317 2278 2359 non
2316 2306 2555 2359 mutata.
2618 2296 2874 2360 distinc-

576 2412 796 2470 tionem
846 2386 1183 2487 verborum‚
1231 2425 1380 2486 quae
1429 2407 1566 2467 olim
1615 2426 1826 2487 parum
1873 2414 2145 2468 accurata
2185 2405 2504 2486 serebatur,
2550 2408 2649 2485 ita,
2702 2415 2775 2467 ut
2814 2415 2877 2466 et

576 2519 726 2577 ratio
777 2517 1069 2576 sermonis
1111 2514 1453 2575 Varroniani
1492 2523 1551 2574 et
1588 2533 1687 2575 res
1725 2517 1850 2595 ipsa
1890 2512 2240 2595 postulabat,
2280 2515 2531 2595 correxi,
2578 2517 2875 2574 centuria

575 2633 665 2685 est
709 2627 1037 2699 quadrata,
1086 2627 1150 2685 in
1196 2640 1398 2684 omnes
1444 2630 1736 2698 quattuor
1774 2630 1989 2700 partes
2035 2628 2103 2682 ut
2145 2623 2371 2683 habeat
2406 2625 2606 2682 latera
2635 2624 2876 2697 pedum

575 2734 841 2793 MMCD.
905 2735 1023 2793 hae
1070 2748 1264 2808 porro
1318 2737 1635 2810 quattuor,
1703 2733 2023 2791 centuriae
2082 2732 2447 2791 coniunctae
2499 2735 2570 2788 ut
2620 2731 2753 2789 sint
2811 2732 2874 2789 in

540 2848 895 2916 'utramque
933 2845 1177 2917 partem
1224 2841 1419 2913 binae,
1470 2841 1858 2916 appellantur
1906 2856 2033 2916 sqq.
2383 2921 2387 2925 .

749 2953 828 3007 XI
869 2946 902 3009 1
973 2948 1186 3019 Quam
1249 2945 1500 3006 modus
1547 2943 1987 3024 postulauit]
2047 2944 2268 3006 Modus
2307 2943 2495 3021 fundi
2530 2947 2875 3020 postulavit

575 3056 813 3133 scripsi:
861 3073 994 3115 nam
1042 3053 1211 3114 fundi
1259 3053 1609 3132 significatio
1656 3054 1848 3113 omitti
1894 3070 2014 3112 non
2059 3059 2309 3131 poterat.
2386 3050 2620 3128 fundus
2652 3059 2871 3127 postu-

573 3165 723 3222 lavit
767 3160 905 3221 olim
952 3165 1338 3223 conieceram.

751 3266 793 3329 2
857 3267 1106 3330 Villam
1166 3269 1689 3330 aedificandam
1749 3271 2205 3349 potissimum
2259 3276 2336 3329 ut
2398 3271 2589 3328 intra
2658 3277 2871 3349 septa

574 3374 792 3436 uillae
830 3374 1087 3437 habeat
1123 3395 1371 3456 aquam
1399 3410 1488 3421 --
1522 3375 1624 3460 12,
1656 3375 1690 3438 1
1733 3377 2028 3437 (landam
2066 3375 2387 3455 operam]
2443 3376 2658 3438 Villam
2694 3380 2871 3439 aedi-

565 3484 881 3556 ficandum
939 3502 1012 3543 ex
1078 3487 1421 3546 coniectura
1475 3485 1843 3546 Pontederae
1902 3492 1962 3546 et
2017 3483 2232 3545 deinde
2289 3486 2555 3545 dandum
2611 3502 2873 3563 operam

577 3609 648 3650 ex
704 3589 937 3651 Iuntina
996 3591 1253 3652 editione
1312 3591 1475 3653 dedit
1522 3592 1850 3673 Gesnerm,
1907 3592 2065 3672 quod
2123 3610 2316 3670 nuper
2372 3590 2638 3652 defendit
2685 3590 2871 3652 Heid-

574 3696 817 3779 richiuS,
879 3700 981 3777 qui
1036 3700 1095 3758 in
1155 3699 1534 3760 Varronianis
1580 3699 1607 3759 I
1651 3720 1707 3780 p.
1758 3698 1792 3761 1
1846 3719 1973 3779 sqq.
2048 3699 2120 3760 de
2186 3718 2300 3761 usu
2364 3697 2641 3779 gerundii
2708 3699 2869 3778 apud

575 3803 895 3865 Varronem
944 3813 1219 3866 accurate
1268 3806 1608 3886 disputavit.
1681 3810 1822 3867 villa
1871 3808 2264 3879 aedificanda
2313 3815 2374 3866 et
2420 3807 2628 3866 danda
2673 3823 2870 3882 opera

572 3914 813 3991 scripsi:
861 3930 996 3972 nam
1055 3914 1133 3973 ita
1191 3915 1430 3993 scripsit
1486 3912 1670 3973 Varro
1717 3912 1742 3971 I
1785 3910 1884 3993 17,
1914 3908 1956 3973 5
2021 3915 2348 3987 dandaque
2394 3930 2583 3989 opera
2621 3919 2686 3972 et
2721 3911 2864 3975 121

573 4022 782 4080 danda
829 4038 1045 4097 opera,
1107 4038 1225 4079 non
1284 4022 1553 4081 dandum
1611 4037 1874 4097 operam.
1950 4022 2305 4079 sententiam
2363 4018 2682 4080 verborum
2728 4041 2866 4101 per-

576 4128 752 4187 vertit
800 4126 1220 4209 SchneideruS,
1268 4145 1402 4187 cum
1450 4131 1630 4189 villae
1672 4126 1887 4187 Ursino
1937 4133 2178 4186 auctore
2228 4125 2415 4186 deleri
2453 4126 2644 4209 vellet,
2694 4132 2868 4207 quasi

572 4235 797 4294 habeat
833 4234 905 4294 de
949 4233 1081 4294 villa
1110 4232 1333 4295 dictum
1366 4244 1541 4316 esset,
1579 4253 1700 4295 non
1738 4234 1810 4294 (le
1850 4233 2089 4294 domino
2129 4233 2314 4314 fundi,
2346 4234 2418 4294 de
2466 4253 2583 4313 quo
2623 4235 2867 4296 dicendi
2917 4289 2921 4293 .

570 4358 790 4420 genere
837 4342 1059 4402 dictum
1108 4350 1200 4402 est
1245 4339 1369 4423 12,
1399 4339 1504 4402 21.
1576 4344 1628 4401 is
1688 4344 1791 4421 qui
1845 4341 2039 4402 villam
2089 4339 2358 4402 aedificat
2411 4343 2493 4401 ita
2549 4343 2862 4403 aedificare

573 4447 768 4530 debet,
815 4457 881 4510 ut
926 4451 1302 4528 potissimum
1349 4450 1504 4508 intra
1553 4455 1756 4529 saepta
1803 4447 1970 4509 villae
2020 4465 2232 4528 aquam
2277 4447 2510 4531 habeat,
2566 4449 2653 4511 vel
2703 4452 2754 4510 si
2801 4450 2862 4510 id

573 4556 702 4615 fieri
749 4574 867 4616 non
915 4562 1127 4636 potest,
1174 4565 1241 4616 ut
1289 4572 1463 4634 quam
1510 4556 1779 4634 proxime
1826 4554 2054 4615 habeat.
2422 4556 2431 4564 “
