3178 5185
562 371 694 435 240
1543 371 1919 427 VARRONIS

467 542 894 599 16macescere
962 540 1135 617 cogit.
1237 541 1299 599 in
1360 538 1654 599 alimoniis
1710 540 2126 599 armenticium
2185 556 2369 617 pecus
2426 539 2513 597 sic
2570 544 2890 597 contuen-

554 645 712 706 dum.
803 645 1088 707 lactantes
1149 665 1284 706 cum
1345 646 1637 707 matribus
1686 665 1758 707 ne
1808 646 2056 707 cubent:
2106 646 2464 706 obteruntur
2511 646 2695 704 enim.
2807 641 2887 701 ad

554 772 653 814 eas
709 773 878 814 mane
931 753 1087 831 adigi
1135 762 1395 834 oportet,
1453 763 1513 815 et
1561 773 1698 815 cum
1746 754 2055 815 redierunt
2103 772 2135 813 e
2184 761 2374 832 pastu.
2467 770 2608 813 cum
2657 767 2888 811 creve-

553 868 695 921 runt
741 860 929 941 vituli,
976 860 1256 921 levandae
1306 870 1525 922 matres
1573 862 1789 940 pabulo
1837 862 2013 922 viridi
2059 861 2369 921 obiciendo
2408 863 2470 920 in
2509 859 2888 939 praesepiis

554 969 695 1027 item
755 968 873 1048 his,
932 977 997 1029 ut
1055 969 1178 1028 sere
1236 970 1296 1028 in
1347 969 1626 1030 omnibus
1674 968 1947 1049 stabuliS‚
2008 968 2235 1047 lapides
2284 965 2711 1028 substernendi
2769 970 2887 1023 aut
2947 976 2974 1016 5

553 1075 694 1152 quid
761 1077 932 1149 item,
999 1095 1073 1135 ne
1150 1076 1404 1155 ungulae
1481 1084 1844 1155 putrescant.
1948 1076 2021 1136 ab
2088 1075 2464 1154 aequinoctio
2530 1070 2891 1134 autumnali

460 1182 538 1239 17
563 1200 676 1241 una
725 1189 1053 1260 pascuntur
1098 1201 1232 1243 cum
1282 1183 1588 1246 matribus,
1681 1191 1942 1244 castrare
1991 1201 2109 1270 non
2157 1189 2392 1261 oportet
2437 1189 2574 1241 ante
2612 1180 2886 1258 bimum,

555 1289 713 1367 quod
763 1289 1102 1370 difficulter,
1153 1292 1203 1350 si
1252 1290 1423 1351 aliter
1461 1292 1695 1372 feceris,
1744 1310 1805 1351 se
1856 1291 2171 1369 recipiunt.
2266 1291 2366 1368 qui
2415 1296 2611 1349 autem
2653 1296 2883 1365 postea

557 1403 924 1477 castrantur,
982 1396 1117 1456 duri
1174 1406 1233 1457 et
1289 1397 1530 1459 inutiles
1588 1399 1756 1458 fiunt.
1848 1399 1991 1457 item
2050 1404 2115 1458 ut
2171 1399 2232 1456 in
2280 1395 2528 1474 reliquis
2575 1393 2883 1473 gregibus

556 1506 877 1583 pecuariiS,
953 1503 1206 1565 dilectus
1287 1506 1605 1584 quotannis
1665 1504 1973 1565 habendus
2039 1511 2098 1564 et
2167 1502 2425 1562 reiculae
2492 1500 2879 1579 reiciundae‚
2913 1515 2992 1551 1⁰¹

559 1611 713 1689 quod
773 1611 967 1671 locum
1016 1620 1311 1691 occupant
1357 1631 1561 1673 earum
1611 1631 1760 1691 quae
1807 1612 1965 1671 ferre
2013 1621 2262 1689 possunt
2310 1610 2556 1670 fructus,
2651 1611 2878 1686 siquae

559 1720 758 1778 amisit
805 1718 1075 1800 vitulum,
1120 1721 1177 1779 ei
1224 1738 1561 1806 supponere
1610 1727 1847 1797 oportet
1893 1737 2014 1797 eoS,
2064 1717 2281 1798 quibus
2330 1735 2449 1777 non
2497 1718 2640 1776 satis
2690 1734 2876 1794 prae-

559 1825 703 1885 bent
768 1836 1003 1886 matres,
1107 1827 1497 1887 semestribus
1563 1823 1767 1887 vitulis
1832 1825 2100 1886 obiciunt
2166 1824 2429 1885 furfures
2485 1825 2748 1884 triticios
2813 1830 2879 1882 et

560 1933 806 1992 farinam
873 1933 1263 1994 hordeaceam
1330 1942 1390 1994 et
1443 1943 1709 1994 teneram
1767 1933 2012 1993 herbam
2071 1941 2129 1993 et
2185 1939 2253 1991 ut
2310 1930 2512 1990 bibant
2569 1949 2744 1990 mane
2812 1938 2876 1990 et

468 2038 546 2093 18
571 2041 803 2118 vesperi
867 2050 1096 2102 curant.
1194 2041 1267 2100 de
1333 2042 1583 2101 sanitate
1652 2047 1792 2100 sunt
1847 2039 2157 2118 conplura,
2225 2057 2374 2118 quae
2432 2039 2730 2115 exscripta
2795 2038 2876 2098 de
2909 2049 2960 2087 15

560 2147 824 2225 Magonis
879 2147 1049 2208 libris
1105 2150 1529 2208 armentarium
1586 2165 1783 2207 meum
1841 2146 2054 2207 crebro
2112 2157 2177 2206 ut
2224 2144 2445 2225 aliquid
2493 2144 2649 2222 legat
2695 2163 2872 2205 curo.

564 2272 849 2315 numerus
897 2254 969 2314 de
1018 2257 1206 2315 tauris
1254 2264 1313 2316 et
1361 2256 1553 2314 vaccis
1603 2255 1687 2313 sic
1736 2252 2071 2333 habendm,
2115 2260 2194 2315 ,ut
2242 2253 2303 2310 in
2350 2252 2653 2330 sexaginta
2703 2270 2874 2312 unus

563 2363 649 2422 sit
705 2361 1044 2441 annicuIUS,
1106 2361 1254 2421 alter
1320 2361 1536 2421 bimus,
1649 2360 1887 2439 quidam
1952 2359 2172 2420 habent
2236 2367 2337 2419 aut
2403 2360 2694 2418 minorem
2760 2367 2874 2419 aut

564 2472 847 2530 maiorem
923 2486 1238 2529 numerum
1316 2467 1636 2547 [gregum]⁸
1748 2486 1883 2528 nam
1958 2466 2113 2545 apud
2188 2484 2324 2526 eum
2391 2465 2508 2526 duo
2574 2466 2735 2525 tauri
2802 2468 2870 2525 in

566 2578 939 2656 septuaginta
996 2575 1287 2638 matribus
1344 2584 1498 2637 sunt.
1593 2594 1906 2636 numerum
1965 2592 2209 2652 gregum
2268 2572 2418 2634 alius
2475 2573 2617 2633 facit
2663 2572 2868 2654 alium,
2899 2582 2952 2622 20

565 2685 805 2764 quidam
853 2687 1262 2745 centenarium
1308 2684 1610 2744 modicum
1657 2692 1870 2762 putant
1916 2700 2065 2757 esse,
2113 2689 2179 2741 ut
2227 2699 2351 2758 ego,
2446 2681 2681 2741 Atticus
2728 2699 2867 2741 cen·

567 2802 695 2853 tum
742 2794 950 2870 viginti
999 2792 1192 2871 habet,
1240 2802 1308 2851 ut
1353 2791 1668 2851 Lucienus,

710 3034 741 3081 9
780 3025 917 3081 item
958 3029 1021 3081 ut
1057 3025 1114 3079 in
1151 3025 1384 3093 reliquis
1421 3024 1685 3094 gregibus
1725 3039 1947 3094 yeopon.
1991 3022 2180 3075 XVII
2219 3027 2308 3089 10,
2345 3027 2380 3074 4

714 3257 741 3303 1
801 3264 1114 3303 maceseere
1156 3246 1273 3300 ΡΒ
1319 3262 1660 3301 marcescere
1696 3263 1832 3301 corr.
1871 3261 2184 3301 macescere
2222 3246 2277 3299 A
2312 3261 2655 3300 macrescere
2691 3263 2723 3300 v

569 3339 647 3393 sic
698 3338 1073 3394 contuendum
1120 3354 1153 3391 v
1200 3337 1274 3390 sit
1320 3336 1696 3390 contuendum
1727 3332 1904 3389 PAB
2119 3340 2151 3388 2
2197 3335 2477 3390 lacta-ntes
2524 3335 2705 3389 PAB
2751 3306 2864 3390 lac-

569 3431 753 3483 tentes
798 3445 831 3482 v
1004 3428 1268 3495 cumbent
1313 3427 1368 3480 Β
1538 3432 1570 3478 3
1629 3426 1814 3495 mane]
1873 3440 2067 3479 manus
2122 3424 2177 3476 A
2224 3441 2360 3479 corr.
2408 3441 2573 3478 mane
2620 3425 2703 3477 Α2

571 3518 665 3626 {igi
712 3554 766 3606 Β
926 3570 1052 3606 cum
1098 3553 1392 3607 creuerunt
1438 3550 1554 3605 ΡΒ
1602 3552 2003 3604 concreuerunt
2048 3550 2104 3603 A
2152 3566 2276 3603 cum
2326 3548 2604 3604 creuerint
2646 3567 2677 3603 v
2834 3555 2867 3603 5

1723 3652 1749 3680 1*

471 3703 477 3706 ’
572 3697 792 3753 stabilis
831 3696 886 3749 A
1032 3702 1062 3749 6
1105 3695 1431 3765 putrescant
1488 3694 1600 3746 VB
1637 3695 1934 3762 putescant
1979 3693 2035 3746 A
2215 3691 2529 3746 autumnali
2565 3692 2620 3745 A
2667 3693 2865 3746 autun-

570 3788 691 3842 nali
725 3787 780 3840 Β
824 3784 1151 3840 auctunnali
1199 3784 1251 3838 V
1391 3789 1424 3836 8
1470 3786 1697 3852 posteat
1730 3783 1785 3836 Β
1932 3788 1998 3835 10
2046 3781 2283 3836 dilectus
2326 3780 2507 3835 PAB
2544 3770 2798 3836 delectus
2835 3798 2867 3835 υ

753 3875 1056 3945 quotannis
1094 3874 1213 3928 AB
1224 3892 1255 3929 v
1294 3873 1606 3942 quodannis
1648 3873 1702 3924 P
1878 3871 2118 3926 reicolae
2156 3871 2475 3926 reiciundae
2518 3870 2701 3924 PAB
2739 3871 2866 3925 reii-

575 3969 734 4021 culae
764 3965 1105 4020 reiiciundae
1125 3981 1156 4018 v
1271 3970 1334 4017 12
1364 3978 1677 4032 supponere
1709 3961 1823 4014 VB
1845 3962 2156 4036 subponere
2175 3961 2230 4014 A
2343 3967 2406 4014 13
2427 3959 2664 4015 triticios
2686 3961 2868 4014 PAB

572 4055 822 4110 triticeos
842 4073 874 4109 v
951 4060 1014 4108 15
1045 4054 1313 4123 conplura
1331 4052 1386 4104 A
1416 4051 1706 4119 complura
1732 4050 1844 4104 VB
1919 4057 1983 4103 16
2012 4051 2242 4118 fortasse
2259 4049 2658 4102 armentarium
2680 4065 2870 4103 meum

573 4146 796 4213 babere,
837 4144 1030 4198 crebro
1173 4142 1330 4210 legat
1365 4140 1478 4194 VB
1512 4141 1708 4208 legant
1732 4140 1788 4193 A
1935 4146 1997 4194 17
2039 4139 2119 4193 sic
2155 4139 2442 4193 habendus
2479 4156 2512 4192 v
2549 4139 2624 4192 sit
2658 4138 2869 4192 haben-

575 4235 677 4288 dus
711 4233 826 4287 ΡΒ
865 4233 941 4286 sit
976 4233 1224 4286 abendus
1254 4232 1306 4283 A
1347 4231 1429 4285 est
1466 4229 1545 4283 sic
1582 4229 1872 4283 habendus
1899 4245 1952 4281 m
2063 4234 2128 4281 19
2166 4244 2397 4297 gregum
2421 4229 2613 4295 priore
2639 4228 2754 4281 loco
2782 4227 2870 4281 in-

575 4324 737 4377 clusit
767 4321 982 4391 Popma
1112 4306 1272 4389 'apud
1301 4319 1552 4372 Atticum
1592 4316 1843 4386 Ursinus,
1881 4316 2031 4386 apud
2060 4315 2249 4370 Seium
2278 4316 2490 4384 Popma
2632 4321 2697 4369 21
2741 4332 2871 4370 cen-

554 4415 800 4465 -taurum
839 4408 1043 4479 uiginti
1085 4408 1265 4461 PAB
1303 4406 1448 4460 CXX
1486 4423 1536 4460 υ.
1614 4404 1893 4474 ‘Optimus
1930 4406 2096 4459 codex
2132 4406 2461 4474 inquinatus
2487 4426 2505 4458 .·
2532 4404 2691 4473 hqbet
2727 4405 2872 4459 enim

576 4501 914 4555 Centaurum
952 4497 1177 4568 uiginti’
1227 4495 1501 4550 Victorius
