3178 5185
878 425 1138 479 RERVM
1176 425 1655 480 RVSTICARVM
1690 428 1824 481 LIB.
1864 428 1943 481 III
1987 427 2064 484 16
2495 421 2626 486 285

339 596 594 640 numero
662 597 731 639 ea
797 580 1223 658 significatione
1292 580 1515 640 dictum
1580 587 1700 663 est,
1765 600 1941 660 quam
1997 581 2212 643 Festus
2267 601 2323 662 p.
2375 581 2503 645 170
2568 593 2628 646 et

333 684 563 747 >Nonius
610 703 670 764 p.
710 681 840 748 352
889 686 1321 748 adnotaverunt
1366 695 1427 747 et
1474 687 1760 767 exemplis
1799 697 2068 749 veterum
2107 690 2624 774 confirmaverunt,

336 810 589 855 numero
662 796 976 868 siqnificat
1046 797 1192 867 cito,
1269 796 1429 855 item.
1478 794 1654 873 gloss,
1708 794 1927 856 Placid.
1991 813 2047 874 p.
2101 793 2184 858 68
2251 798 2342 858 ed.
2390 797 2624 860 Deuerl.

336 917 591 961 numero
644 917 912 977 propere
974 903 1278 965 velociter.
1380 900 1520 961 olim
1586 920 1657 963 ex
1723 903 2066 981 geoponicis
2122 902 2257 964 1.,0.
2307 907 2627 980 plausibus

331 1009 675 1068 numerosis
722 1006 1104 1069 scribendum
1143 1010 1531 1068 conieceram.
1609 1009 1821 1069 deinde
1860 1016 1919 1070 et
1953 1012 2047 1071 his
2086 1012 2203 1071 diis
2239 1012 2476 1073 helicon
2514 1012 2628 1072 fuit

335 1115 396 1175 in
444 1114 785 1196 archetype,
832 1122 892 1174 et
934 1122 1004 1175 ut
1047 1117 1141 1175 his
1191 1117 1284 1175 dis
1321 1116 1616 1181 Helicona
1664 1116 1878 1195 scripsi
1924 1134 2011 1176 ex.
2035 1118 2302 1196 principe
2349 1117 2623 1178 editione.

517 1216 556 1281 8
622 1219 1106 1298 Impectantes
1153 1221 1234 1281 ab
1272 1239 1348 1281 se
1388 1223 1671 1282 eiciunt
1707 1221 1945 1299 fucos]
1989 1225 2348 1299 Impetentes
2383 1223 2625 1304 Merula,

338 1327 495 1405 quod
545 1326 817 1405 probavit
864 1326 1296 1409 SchneideruS,
1352 1335 1421 1388 ut
1467 1336 1627 1388 esset
1672 1330 1960 1408 impetum
2018 1330 2317 1391 facientes.
2411 1334 2625 1407 impec-

338 1440 529 1512 ten'tes
574 1452 606 1493 a
652 1434 948 1513 pectendo
997 1435 1219 1495 dictum
1267 1434 1359 1495 vel
1407 1438 1799 1512 impectantes
1835 1455 1868 1495 a
1905 1437 2339 1516 frequentativo
2371 1445 2626 1514 pectore

339 1540 605 1619 defendit
642 1540 960 1602 Turnebus
1000 1542 1227 1603 advers·
1267 1539 1327 1623 8,
1362 1540 1420 1624 8,
1461 1551 1527 1603 ut
1564 1552 1724 1604 esset
1762 1542 2143 1605 verberantes
2182 1544 2272 1605 vel
2310 1543 2624 1604 verberare

340 1630 671 1728 cupientes,
746 1667 1001 1727 quorum
1048 1648 1196 1709 nihil
1242 1648 1488 1727 probari
1533 1667 1708 1728 posse
1757 1659 2018 1730 apparet.
2094 1650 2197 1710 sed
2235 1660 2398 1711 recte
2438 1649 2630 1710 Victo-

339 1758 468 1825 rius
516 1755 850 1815 emendavit
898 1758 1298 1817 inseelam‘es.>
1374 1754 1445 1816 ab
1484 1756 1801 1817 Aristotele
1849 1757 2013 1838 haec,
2062 1759 2219 1817 sicut
2265 1757 2373 1817 alia
2422 1759 2483 1817 in
2520 1756 2629 1817 hac
2682 1834 2688 1840 η

323 1869 507 1940 ,parte
554 1861 627 1922 de
676 1861 905 1943 apibuS‚
951 1862 1228 1922 videntur
1274 1864 1457 1941 petita
1507 1882 1639 1924 esse
1681 1862 1817 1923 hist.
1859 1866 2033 1924 anim.
2071 1861 2154 1923 IX
2189 1860 2297 1945 40,
2338 1860 2463 1924 179
2510 1860 2632 1924 τοῦ

339 1960 414 2028 δὲ
462 1960 693 2048 φωρὸς
736 1961 849 2028 καὶ
895 1965 1199 2048 κηφῆνος
1244 1965 1628 2049 γενομένων
1677 1961 1879 2031 οὐδέν
1929 1965 2108 2031 ἐστιν
2155 1968 2376 2049 ἔργον,
2425 1959 2505 2029 τὰ
2555 1963 2631 2029 δὲ

335 2079 471 2136 τῶν
511 2067 733 2136 ἄλλων
771 2068 1199 2153 βλάπτουσιν.
1273 2066 1706 2155 ἁλισκόμενοι
1746 2069 1821 2137 δὲ
1865 2068 2286 2158 θνῄσκουσιν
2323 2065 2455 2137 ὑπὸ
2493 2072 2631 2137 τῶν

336 2185 644 2262 χρηστῶν
691 2179 1035 2261 μελιττῶν,
1083 2182 1161 2242 ib.
1200 2180 1327 2244 201
1380 2175 1810 2259 ἐξελαύνουσι
1859 2175 1933 2244 δὲ
1977 2176 2089 2244 καὶ
2135 2174 2252 2254 τὰς
2303 2173 2513 2262 ἀργὰς
2559 2178 2634 2242 αἱ

338 2284 629 2369 μέλιτται
674 2282 783 2349 καὶ
832 2281 950 2361 τὰς
996 2281 1083 2368 μὴ
1134 2285 1555 2370 φειδομένως.
1647 2289 1928 2350 Varronis
1976 2289 2154 2350 verba
2202 2296 2628 2367 expresserunt

338 2398 662 2476 geoponica
699 2395 737 2456 1.
778 2414 827 2455 0.
866 2393 906 2456 9
955 2403 1187 2476 στυγεῖ
1229 2388 1303 2457 δὲ
1350 2388 1635 2476 μάλιστα
1679 2388 1838 2469 τοὺς
1876 2388 2141 2478 ἀργούς.
2218 2385 2324 2455 διὸ
2363 2389 2474 2456 καὶ
2511 2388 2630 2467 τὰς

337 2493 573 2583 ἀργεῖν
638 2497 1172 2583 προαιρουμένοις
1231 2497 1346 2563 καὶ
1412 2495 1814 2577 δαπανώσαις
1878 2495 1951 2564 τὸ
2017 2495 2323 2583 πονηθὲν
2387 2506 2632 2574 κοινῶς

340 2600 763 2691 ἀναιροῦσιν.

516 2717 731 2777 Extra
779 2719 1045 2778 ostium
1090 2717 1283 2779 aluei
1332 2726 1680 2799 opturant
1728 2720 1956 2779 omnia
2006 2736 2138 2797 qua
2185 2721 2389 2779 uenit
2434 2720 2632 2779 inter

339 2826 546 2885 fauos
612 2826 918 2903 spiritus
985 2843 1186 2903 quam
1256 2825 1633 2887 erithacen
1698 2825 2064 2905 appellant
2135 2824 2417 2905 graeci]
2492 2827 2631 2887 Alvz·

342 2931 725 2992 scribendum
774 2950 905 2992 esse
954 2933 1074 2992 dixi
1110 2930 1190 2991 111
1229 2929 1288 3013 2,
1331 2929 1432 2992 11.
1506 2950 1636 2992 rem
1676 2934 2012 2992 accuratius
2053 2932 2370 3010 descripsit
2406 2932 2629 2992 Aristo-

343 3038 487 3098 teles
534 3037 672 3099 hist.
711 3040 884 3099 anim.
924 3036 1004 3097 IX
1042 3033 1149 3119 40,
1194 3034 1317 3098 169
1354 3031 1506 3118 περὶ
1554 3030 1630 3098 δὲ
1674 3029 1749 3099 τὸ
1800 3029 2010 3117 στόμα
2057 3035 2177 3098 τοῦ
2217 3030 2516 3117 σμήνους
2553 3031 2628 3099 τὸ

339 3137 459 3224 μὲν
515 3141 783 3225 πρῶτον
846 3140 964 3223 τῆς
1018 3135 1378 3218 εἰσδύσεως
1442 3135 1951 3224 περιαλήλιπται
2013 3142 2211 3223 μίτυι.
2301 3148 2498 3205 τοῦτο
2560 3134 2623 3205 δ’

342 3245 477 3313 ἐστὶ
517 3245 725 3331 μέλαν
764 3247 1044 3329 ἱκανῶς,
1087 3241 1306 3332 ὥσπερ
1357 3242 1784 3331 ἀποκάθαρμ’
1829 3241 2058 3322 αὐταῖς
2092 3246 2214 3310 τοῦ
2250 3247 2484 3329 κηροῦ,
2512 3246 2626 3311 καὶ

338 3349 464 3437 τὴν
488 3348 703 3437 ὀσμὴν
724 3355 948 3439 δριμύ,
976 3349 1333 3437 φάρμακον
1363 3348 1431 3416 δ’
1459 3351 1597 3417 ε’στὶ
1623 3348 1981 3436 τυμμάτων
2003 3350 2268 3417 καὶτῶν
2301 3354 2626 3419 τοιούτων

340 3458 802 3544 έμπυημοῖτων.
847 3454 888 3543 ἡ
919 3456 994 3523 δὲ
1022 3454 1304 3543 συνεχὴς
1331 3454 1580 3542 ἀλοιφὴ
1612 3454 1825 3545 τούτῳ
1854 3454 2282 3543 πισσόκηρος,
2311 3454 2626 3542 ἀμβλύτε·

339 3590 465 3650 ρον
499 3562 612 3630 καὶ
657 3553 859 3649 ἦττον
898 3565 1341 3649 φαρμακῶδες
1377 3565 1491 3649 τῆς
1538 3567 1784 3648 μίτυος.
1862 3568 2163 3629 erithacen
2201 3580 2627 3631 commemorat

341 3677 500 3737 idem
544 3675 682 3736 hist.
720 3676 894 3735 anim.
932 3674 978 3733 V
1016 3673 1120 3755 22,
1159 3672 1288 3736 119
1337 3670 1525 3755 φέρει
1574 3667 1650 3736 δὲ
1694 3669 1907 3756 κηρὸν
1963 3667 2083 3755 μὲν
2139 3669 2250 3736 καὶ
2298 3668 2624 3756 έριθάκην

331 3776 491 3864 περὶ
543 3788 685 3855 τοῖς
740 3776 1024 3859 σκέλεσι,
1078 3772 1154 3842 τὸ
1212 3774 1287 3841 δὲ
1352 3779 1493 3862 μέλι
1550 3777 1695 3862 ἐμεῖ’
1746 3781 1840 3854 εἰς
1892 3774 2016 3843 τὸν
2060 3775 2392 3863 κύτταρον
2439 3792 2499 3844 et
2543 3782 2625 3842 IX

340 3888 445 3971 40,
484 3886 615 3954 202
670 3882 783 3948 καὶ
837 3884 912 3949 αἰ
952 3880 1077 3967 μὲν
1129 3880 1341 3968 κηρὸν
1389 3882 1804 3968 ἐργάζονται,
1860 3884 1936 3949 αἱ
1976 3882 2052 3949 δὲ
2095 3881 2163 3950 τὸ
2212 3883 2391 3969 μέλι,
2441 3886 2514 3948 αἰ
2559 3881 2620 3949 δ’

341 3988 689 4077 apamiam.
782 3993 983 4056 cibum
1025 4014 1146 4073 quo
1195 4013 1334 4073 apes
1381 4003 1710 4074 pascuntur
1757 3995 2060 4055 erithacen
2106 3995 2358 4075 appellat
2396 3995 2623 4056 Plinius

340 4101 420 4162 XI
461 4100 571 4184 173
618 4098 730 4184 353
775 4099 880 4162 42.
972 4100 1155 4162 Varro
1211 4120 1401 4181 genus
1459 4103 1750 4181 quoddam
1810 4120 1980 4162 cerae
2037 4101 2128 4162 vel
2174 4101 2418 4180 glutinis
2465 4103 2626 4183 dicit,

326 4210 481 4269 item
528 4215 734 4290 postea
780 4208 820 4285 ξ
859 4206 945 4270 23
992 4210 1310 4271 erithacen
1355 4217 1578 4272 vocant
1621 4228 1738 4286 quo
1779 4209 1957 4285 favos
2004 4217 2306 4270 extremos
2357 4212 2516 4270 inter
2560 4228 2626 4271 se

340 4319 777 4392 conylutinant.

517 4419 557 4482 9
625 4420 709 4481 Ut
755 4422 1087 4482 colonias
1126 4425 1423 4484 mittunt
1459 4425 1653 4501 iique
1691 4422 1911 4484 duces
1950 4424 2370 4484 conficiunt
2408 4441 2619 4501 quae-

337 4527 489 4589 dam
533 4529 614 4590 ad
661 4547 908 4608 uocem
955 4538 1031 4590 ut
1075 4531 1483 4606 imitatione
1530 4529 1752 4590 tubae
1808 4539 1954 4591 tum
2010 4530 2080 4590 id
2127 4531 2408 4591 faciunt
2467 4549 2623 4592 cum
