3178 5185
790 397 1050 451 RERVM
1087 396 1565 452 RVSTICARVM
1604 398 1739 453 LIB.
1779 399 1803 451 I
1845 395 2104 454 48—49
2478 390 2605 454 109

330 529 677 612 recentiora.
754 552 967 613 deinde
1014 571 1229 615 uerum
1284 570 1422 614 cum
1477 556 1870 614 conticuisset
1914 571 1988 613 m.
2065 556 2126 613 in
2183 556 2390 627 infima
2434 557 2607 630 spica

328 678 390 719 ex
444 658 654 720 Aldina
713 659 970 720 editione
1029 668 1334 739 receptum
1393 669 1501 721 est.
1576 678 1694 739 quo
1751 662 1987 720 nomine
2053 669 2249 721 autem
2307 659 2490 721 Varro
2547 660 2604 720 id

327 767 472 843 quod
514 751 592 826 in
649 768 848 827 intima
904 769 1064 845 spica
1125 769 1318 827 minus
1375 785 1551 846 quam
1600 785 1848 846 granum
1896 774 1987 827 est
2032 766 2268 846 dixerit,
2324 776 2605 846 corrupta

324 873 622 953 archetypi
681 876 973 953 scriptura
1030 893 1187 935 urru
1240 867 1404 957 (nam
1462 892 1599 935 cum
1663 874 1734 934 ad
1784 876 2089 953 sequentia
2145 866 2434 956 pertinet)
2487 892 2604 933 non

324 988 565 1043 constat.
659 999 1027 1062 urruncum,
1100 1000 1169 1041 ex
1229 983 1495 1060 principe
1556 981 1815 1061 editione
1873 989 2178 1060 receptum
2240 989 2391 1062 erat,
2448 980 2604 1058 quod

323 1090 481 1174 quasi
512 1107 544 1148 a
576 1106 793 1167 graeco
824 1087 1106 1149 vocabulo
1137 1080 1435 1170 ὅρογκος,
1474 1090 1781 1149 cacumine
1822 1090 2056 1169 montiS,
2093 1087 2317 1147 dictum
2361 1086 2603 1147 Schnei-

321 1194 493 1255 derus
541 1195 829 1256 defendit.
913 1196 1069 1256 idem
1118 1205 1315 1256 tamen
1361 1213 1627 1271 uraqum
1675 1194 1766 1255 vel
1812 1196 2390 1273 uracum‘coniecit,
2435 1204 2500 1255 ut
2544 1193 2600 1253 id

321 1320 422 1381 pro
486 1321 708 1381 graeco
776 1302 1058 1363 vocabulo
1137 1294 1425 1383 οὐραχός
1498 1302 1722 1364 dictum
1787 1311 1972 1382 esset,
2049 1300 2204 1380 quod
2269 1301 2343 1361 de
2406 1301 2603 1360 infima

320 1406 507 1487 spicae
559 1419 621 1470 et
672 1428 949 1489 suprema
996 1410 1174 1470 culmi
1220 1419 1388 1489 parte
1437 1409 1662 1471 dictum
1711 1427 1841 1469 esse
1898 1409 2194 1470 adnotavit
2246 1406 2317 1467 ab
2365 1408 2603 1468 Aeliano

321 1515 448 1576 hist.
499 1519 684 1577 anim.
732 1515 804 1577 VI
849 1515 936 1579 43
992 1518 1065 1577 de
1113 1518 1407 1599 formiciS,
1463 1513 1534 1578 οἰ
1584 1509 1659 1577 δὲ
1707 1506 2027 1596 ἡγεμόνες
2082 1506 2449 1595 ἀνέρπουσι
2495 1509 2604 1575 καὶ

319 1614 466 1697 τοὺς
511 1618 976 1704 καλουμένους
1024 1614 1353 1706 οὐραχοὺς
1406 1621 1544 1685 τῶν
1589 1622 1940 1704 καρπίμων
2000 1614 2467 1704 διατραγόντες
2516 1627 2607 1707 τῷ

320 1723 500 1815 δήμῳ
540 1729 639 1816 τῷ
678 1724 855 1793 κάτω
895 1727 1265 1813 ῥίπτουσιν.
1338 1732 1411 1791 de
1450 1732 1660 1792 eodem
1698 1729 1986 1791 vocabulo
2028 1729 2357 1791 Lobeckius
2386 1729 2608 1809 proleg.

320 1838 531 1917 pathol.
586 1857 779 1918 graec.
828 1858 882 1918 p.
923 1836 1053 1901 333
1103 1841 1330 1899 monuit
1377 1837 1447 1898 ab
1497 1829 1665 1919 οὐρά
1713 1838 1959 1899 ductum
2013 1856 2144 1898 esse
2203 1848 2261 1899 et
2307 1839 2379 1898 de
2428 1840 2608 1917 spicis

319 1944 401 2004 vel
449 1946 847 2007 mucronibus
893 1945 1228 2025 plantarum
1274 1945 1390 2006 dici
1438 1945 1593 2024 apud
1641 1944 2045 2005 Dioscoridem
2091 1944 2164 2005 de
2205 1952 2406 2005 mater.
2450 1946 2600 2006 med.

320 2050 388 2110 1v
429 2050 582 2133 176,
631 2051 733 2113 ubi
782 2052 854 2113 de
894 2053 1094 2132 thymo
1143 2055 1362 2132 scripta
1401 2061 1541 2113 sunt
1577 2052 1742 2134 haec,
1791 2051 1922 2132 ἔχει
1961 2044 2035 2112 δὲ
2079 2044 2366 2131 κεφάλια
2401 2045 2603 2113 λεπτὰ

309 2156 534 2239 κοῦφα
607 2149 939 2239 οὐραχοὺς
1005 2158 1238 2239 ἔχοντα
1303 2149 1391 2232 ὥς
1434 2157 1676 2240 τρίχας.
1768 2158 1921 2237 apud
1979 2157 2302 2219 Varronem
2359 2158 2604 2219 latinum
2679 2248 2684 2252 ἢ
2771 2219 2782 2226 .

317 2284 554 2348 nomen,
603 2268 759 2327 sicut
804 2269 865 2326 in
913 2266 1178 2347 reliquiS,
1241 2269 1527 2345 scriptum
1575 2266 1759 2326 fuisse
1807 2272 2077 2348 apparet,
2135 2285 2251 2326 non
2308 2284 2605 2344 graecum.

320 2392 560 2434 urruca
594 2391 785 2453 nuper
819 2374 1249 2434 commendavit
1279 2373 1688 2434 Rothsteinius
1728 2373 2025 2452 ephemer.
2057 2372 2302 2433 litterar.
2333 2372 2604 2433 German.

317 2478 578 2541 Berolin.
617 2499 649 2540 a
711 2477 879 2541 1889
928 2499 982 2559 p.
1027 2477 1194 2542 1678
1245 2480 1315 2540 de
1357 2498 1534 2540 versu
1573 2478 1865 2540 Iuvenalis
1905 2477 1964 2561 6,
1995 2476 2124 2541 276
2173 2487 2236 2540 tu
2285 2482 2397 2540 tibi
2440 2487 2603 2554 tunc,

316 2607 535 2664 uruca,
569 2591 782 2664 places
811 2589 1141 2663 fletumque
1169 2589 1409 2648 'labellis
1440 2587 1749 2649 Exsorbes
1787 2587 2114 2667 disputans
2189 2586 2418 2648 diversa
2449 2597 2605 2670 sunt,

317 2714 464 2773 quae
526 2695 602 2754 de
662 2696 897 2754 nomine
959 2713 1139 2755 uruca
1196 2696 1563 2773 grammatici
1619 2694 1887 2776 tradunt,
1936 2695 2116 2757 schol.
2165 2694 2422 2756 Iuvenal.
2470 2695 2505 2755 l.
2555 2714 2604 2756 c.

313 2821 505 2876 yemis
565 2809 656 2861 est
709 2804 990 2862 animalis
1041 2801 1216 2877 foedi
1262 2806 1505 2879 spinosi,
1562 2810 1631 2862 ut
1686 2806 1928 2864 ericius.
2004 2821 2205 2864 uruca
2263 2782 2462 2864 dictem
2519 2810 2607 2863 est

310 2911 566 2986 proprie
613 2911 766 2969 illud
809 2911 972 2984 quod
1016 2912 1078 2969 in
1120 2907 1275 2983 faba
1322 2912 1626 2983 nascitur,
1683 2916 1751 2969 ut
1802 2913 2108 2985 qurquliO.
2182 2907 2357 2988 gloSS.
2396 2909 2602 2980 latino-

316 3034 509 3094 graec.
552 3035 601 3075 v.
640 3013 692 3075 11
731 3034 786 3094 p.
822 3013 973 3097 211,
1003 3012 1086 3077 59
1126 3035 1329 3078 uruca
1365 3010 1616 3097 κάμπη,
1663 3015 1837 3095 gloss
1877 3016 2215 3095 graeco-lat.
2254 3036 2309 3095 p.
2339 3014 2488 3097 338,
2523 3014 2605 3077 10

315 3117 538 3202 κάμπη
588 3115 887 3202 λαχάνου
934 3141 1126 3183 eruca
1173 3142 1392 3184 uruca.

495 3235 676 3289 XLIX
718 3228 751 3290 1
820 3211 1341 3308 Dicam‘inquit
1386 3230 1468 3289 de
1531 3228 1903 3290 fructibus
1962 3231 2260 3289 maturis
2318 3233 2601 3310 capien-

320 3337 426 3397 dis
458 3339 761 3416 primum
794 3336 874 3397 de
914 3339 1148 3417 pratis
1178 3335 1621 3412 summissis]
1655 3337 1787 3410 Dic,
1809 3338 2267 3412 inquitAqrius,
2289 3340 2364 3398 de
2386 3339 2607 3413 fructi-

320 3447 429 3506 bus
493 3447 754 3505 maturis
816 3448 1148 3521 capiendis,
1223 3452 1282 3506 et
1337 3447 1463 3519 ille,
1532 3445 1804 3504 Primum
1871 3448 1946 3505 de
2003 3446 2204 3520 pratis
2276 3448 2605 3505 summissis

319 3549 641 3630 iucundus,
689 3549 792 3612 ubi
830 3555 1030 3612 dicam
1077 3555 1275 3627 inquit
1319 3554 1394 3611 de
1433 3550 1746 3626 fructibus
1792 3570 1822 3610 a
1870 3549 2130 3610 Victorio
2178 3569 2209 3609 e
2259 3551 2462 3612 codice
2511 3570 2601 3611 re-

311 3660 623 3741 stitutum,
680 3657 783 3718 sed
840 3664 898 3718 et
952 3661 1051 3719 ille
1106 3678 1178 3719 ex
1226 3656 1434 3717 Aldina
1493 3657 1752 3718 editione
1809 3658 2082 3718 relictum
2132 3664 2274 3717 erat.
2359 3668 2604 3737 apparet

323 3772 517 3826 autem
573 3765 721 3826 haec
777 3766 971 3825 omnia
1029 3763 1258 3824 Stoloni
1315 3763 1526 3845 tribui,
1594 3767 1696 3843 qui
1759 3783 1891 3825 cum
1949 3766 2127 3824 tertio
2184 3764 2368 3842 gradu
2438 3767 2602 3825 finito

326 3882 715 3954 expectasset,
763 3872 958 3951 siquid
1007 3872 1158 3932 forte
1206 3891 1236 3931 a
1286 3870 1535 3949 reliquis
1582 3870 2051 3952 desideraretur,
2110 3872 2224 3931 iam
2273 3871 2344 3931 de
2392 3881 2602 3950 quarto

327 3982 527 4064 gradu,
575 3982 678 4059 qui
728 3988 818 4040 est
864 3979 935 4039 de
984 3976 1277 4038 fructibus
1335 3979 1580 4037 maturis
1639 3977 1944 4056 capiendis
2000 3996 2063 4038 se
2111 3966 2411 4039 dicturum
2470 3997 2601 4039 esse

327 4090 688 4165 pronuntiat.
761 4085 974 4146 deinde
1020 4085 1461 4145 distinctionem
1512 4083 1850 4165 verborum,
1897 4103 2046 4164 quae
2096 4083 2236 4144 olim
2282 4092 2425 4159 erat,
2473 4103 2600 4145 cor-

327 4198 467 4277 rexi,
505 4198 774 4272 primum
822 4196 897 4254 de
934 4196 1137 4270 pratis
1172 4196 1499 4254 summissis
1545 4195 1757 4267 herba,
1805 4209 1939 4252 cum
1994 4209 2277 4252 crescere
2323 4193 2503 4251 desiit
2546 4199 2605 4251 et

330 4310 492 4362 aestu
550 4305 804 4376 arescit,
859 4303 1182 4361 subsecari
1227 4299 1498 4375 falcibus
1553 4303 1743 4361 debet.
1820 4300 2127 4358 summissa
2184 4306 2379 4357 autem
2437 4304 2602 4376 prata

332 4420 465 4470 sunt
509 4428 659 4489 quae
709 4426 827 4468 non
873 4407 1276 4486 depascuntur
1324 4426 1568 4487 pecore,
1618 4407 1747 4488 sed,
1799 4413 1866 4467 ut
1911 4406 2144 4465 faenum
2201 4411 2473 4486 paretur,
2531 4405 2600 4465 ad

334 4517 714 4578 crescendum
756 4513 1214 4576 submittuntur:
1261 4514 1383 4577 Cat.
1415 4513 1473 4597 8,
1509 4513 1541 4576 l
1584 4522 1834 4592 pratum
1878 4547 1952 4555 —
1995 4532 2072 4573 ne
2102 4511 2356 4587 faenum
2396 4515 2601 4588 desiet,
