3178 5185
636 413 761 477 150
1313 416 1697 471 COMMENT.
1738 417 1818 469 IN
1856 414 2230 469 VARRONIS

631 578 1072 654 praeqnatibus
1101 576 1266 649 quod
1289 578 1431 633 sunt
1460 575 1705 646 molesti,
1748 575 1976 645 obsunt,
2016 570 2071 632 b.
2102 589 2152 631 e.
2183 572 2400 661 arietes
2430 568 2646 629 obsunt
2681 577 2895 646 propte-

621 703 754 765 rea,
803 683 956 761 quod
1007 680 1213 741 ovibus
1260 688 1415 760 tum,
1471 697 1607 740 cum
1655 681 1769 738 iam
1827 686 2180 758 praegnates
2229 678 2416 737 factae
2464 684 2630 757 sunt,
2684 674 2898 735 molesti

638 798 792 850 sunt.
860 790 1304 866 praeqnatibus
1351 795 1547 846 autem
1599 787 1894 846 constanti
1949 803 2063 845 usu
2111 784 2390 851 Varronis
2438 793 2498 843 et
2542 785 2897 862 antiquorum

644 898 1031 975 scriptorum:
1073 912 1386 971 praeqnas
1426 893 1475 953 11
1507 890 1566 975 2,
1601 890 1700 953 14.
1747 889 1808 974 5,
1838 890 1894 953 6.
1942 891 2023 951 111
2057 889 2155 972 12,
2185 888 2245 972 5,
2283 892 2424 950 item
2473 889 2523 949 11
2561 888 2623 971 4,
2655 888 2690 949 7
2721 898 2778 949 et
2815 886 2903 968 14,

639 1003 742 1064 ubi
783 1021 1116 1080 praeqnax
1161 1004 1222 1061 in
1270 1000 1587 1080 archetypo
1636 1000 1774 1080 fuit,
1822 1005 2228 1076 praeqnatem
2276 997 2329 1057 11
2373 995 2477 1077 10,
2507 993 2567 1077 9,
2625 995 2725 1057 ubi
2776 997 2902 1055 item

636 1128 969 1187 praeqnax
1021 1110 1307 1187 scriptum
1365 1114 1517 1187 erat,
1561 1113 1940 1185 praeqnates
1987 1105 2037 1164 Π
2077 1102 2136 1185 5,
2170 1101 2268 1165 13.
2317 1101 2376 1185 6,
2403 1101 2463 1164 4.
2505 1101 2562 1185 7,
2594 1101 2695 1164 11.
2732 1099 2789 1182 9,
2819 1100 2905 1182 11,

634 1210 1012 1294 praeanatia
1051 1224 1111 1275 et
1142 1217 1622 1292 praeanationes
1659 1211 1816 1292 144,
1845 1211 1906 1294 4,
1935 1214 2386 1290 praeqnatibus
2421 1211 2474 1270 ΙΙ
2506 1209 2563 1293 7,
2597 1208 2697 1271 10.
2739 1229 2904 1288 prae-

634 1331 924 1400 qnantem
972 1322 1155 1383 semel
1205 1325 1493 1402 seriptum
1543 1322 1655 1381 suit
1701 1320 1752 1380 Π
1794 1319 1850 1402 7,
1886 1318 1983 1401 10,
2031 1319 2134 1380 ubi
2172 1325 2575 1396 praeanatem
2622 1318 2906 1379 Parisinus

640 1430 827 1490 codex
884 1429 1078 1490 habet.
1164 1428 1410 1488 eandem
1466 1428 1713 1489 sormam
1783 1436 2032 1487 testatur
2089 1426 2314 1486 Plinius
2382 1425 2534 1504 apud
2577 1424 2907 1496 ,Charisium

635 1557 691 1616 p.
734 1534 879 1618 141,
908 1533 991 1598 28
1034 1539 1467 1612 praeqnatz‘um
1513 1543 1581 1595 ut
1627 1538 2015 1611 optimatium.

815 1641 1202 1702 Deterrent
1249 1641 1329 1701 ab
1378 1641 1702 1725 saliendo
1752 1650 1819 1702 et
1859 1640 2140 1701 fiscella
2182 1643 2478 1700 seiunco
2520 1639 2754 1700 aliaue
2794 1656 2910 1717 qua

637 1768 710 1808 re
743 1748 926 1827 quod
956 1748 1256 1827 alligant
1284 1749 1363 1809 ad
1394 1749 1755 1826 naturam]
1790 1751 2118 1810 Deterrent
2145 1767 2184 1808 a
2211 1750 2484 1808 saliendo
2515 1754 2572 1807 et
2601 1750 2859 1820 fiscellas
2884 1763 2912 1804 e

641 1860 822 1917 iunco
852 1861 1050 1931 aliave
1078 1875 1200 1932 qua
1229 1877 1316 1934 re,
1355 1861 1519 1932 quod
1550 1861 1799 1932 alliqent
1828 1855 2068 1934 Merula,
2100 1858 2410 1916 deterrent
2446 1873 2485 1914 a
2522 1856 2794 1915 saliendo
2822 1856 2913 1925 fis-

641 1965 806 2023 cellis
844 1981 879 2023 e
915 1965 1095 2023 iunco
1134 1967 1334 2025 aliave
1371 1982 1491 2038 qua
1539 1983 1627 2044 re,
1659 1982 1839 2039 quam
1877 1966 2134 2038 alliqant
2171 1961 2489 2022 Iucundus.
2565 1962 2797 2020 restitui
2834 1978 2911 2017 ve-

642 2079 831 2129 terem
886 2068 1229 2151 lectiouem,
1276 2073 1336 2130 in
1386 2090 1499 2150 qua
1556 2075 1720 2146 quod
1772 2072 2165 2150 postpositum
2233 2067 2565 2128 editoribus
2620 2067 2914 2128 offensioni

643 2176 771 2255 fuit,
819 2178 1129 2237 deterrent
1165 2180 1242 2237 ab
1280 2181 1569 2258 saltenda,
1601 2186 1659 2239 et
1680 2182 1947 2252 fiscellas
1985 2197 2017 2239 e
2055 2181 2235 2257 iunco
2277 2179 2475 2236 aliave
2513 2193 2634 2250 qua
2674 2194 2744 2235 re
2771 2174 2917 2249 quod

644 2285 903 2357 alliqant
947 2286 1033 2343 ad
1076 2289 1383 2358 naturum.
1458 2287 1675 2344 arietes
1732 2303 1805 2344 ne
1863 2285 2124 2343 minores
2184 2291 2323 2343 natu
2380 2281 2593 2341 saliant
2638 2283 2812 2341 etiam
2856 2297 2912 2367 ea

645 2408 710 2448 re
760 2388 1083 2470 deterrent,
1131 2391 1285 2469 quod
1326 2390 1575 2451 fiscellas
1625 2410 1655 2451 e
1703 2393 1882 2451 iunco
1930 2390 2108 2450 aliave
2149 2409 2264 2469 qua
2313 2407 2378 2449 re
2429 2390 2611 2449 saetas
2650 2388 2721 2448 ad
2767 2395 2912 2446 natu-

642 2514 769 2556 ram
817 2497 1013 2557 ovium
1061 2495 1316 2575 alligant.
1391 2517 1584 2577 neque
1633 2506 1693 2558 et
1737 2516 1845 2578 pro
1895 2502 2075 2559 etiam
2124 2498 2382 2577 positum
2423 2515 2453 2557 a
2492 2494 2772 2556 Varronis
2808 2511 2913 2553 ser-

646 2622 817 2663 mone
868 2603 1124 2664 alienum
1172 2616 1279 2666 est.

833 2707 912 2771 15
977 2710 1269 2790 Inigunt
1333 2715 1399 2773 in
1471 2712 1751 2774 stabula
1819 2705 2040 2791 eaque
2098 2711 2365 2771 habent
2402 2695 2508 2771 'ad
2580 2728 2724 2770 eam
2786 2725 2913 2768 rem

649 2815 967 2894 seclusa]
1019 2820 1313 2879 Inz‘iez'unt
1351 2822 1411 2879 in
1451 2838 1524 2880 ea
1561 2821 1821 2895 stabula,
1869 2839 2027 2895 quae
2064 2822 2293 2880 habent
2329 2817 2649 2892 IucunduS,
2698 2819 2916 2891 iniqunt

539 2954 544 2959 ⁴
650 2928 712 2984 in
760 2927 1001 2986 stabula
1049 2943 1140 3000 ea,
1188 2943 1345 3000 quae
1390 2928 1616 2986 habent
1661 2924 1972 2986 Victorius.

831 3028 911 3092 16
976 3032 1369 3110 Antequam
1426 3040 1689 3092 exeunt
1752 3042 2030 3112 pastum
2087 3043 2156 3094 et
2215 3050 2366 3092 cum
2426 3026 2915 3105 reuerterunt]

649 3139 895 3199 Exeant
940 3138 1094 3198 edita
1142 3147 1275 3199 ante
1316 3138 1641 3199 Victorium
1683 3140 2055 3221 exemplaria,
2104 3142 2259 3200 sicut
2298 3155 2476 3218 supra
2517 3139 2802 3216 scriptum
2839 3143 2917 3196 est

648 3252 973 3320 antequam
1020 3253 1243 3306 matres
1293 3249 1354 3306 in
1383 3248 1677 3321 pabulum
1716 3256 1953 3309 exeant.
2033 3246 2144 3307 hoe
2184 3246 2314 3305 loco
2356 3252 2598 3320 exeunt,
2641 3247 2688 3304 si
2728 3260 2915 3304 verum

651 3360 758 3433 est,
804 3361 1049 3431 propter
1097 3371 1164 3412 ea
1213 3371 1361 3431 quae
1409 3352 1602 3413 addita
1652 3363 1792 3415 sunt
1841 3373 1978 3415 eum
2025 3360 2427 3415 reverterunt.
2505 3352 2608 3412 sed
2658 3354 2915 3430 quoniam

653 3462 712 3518 in
779 3457 887 3518 hac
945 3461 1362 3519 coniunctione
1421 3462 1660 3539 saepius
1717 3460 1787 3521 ab
1851 3460 2178 3522 editoribus
2238 3467 2498 3520 erratum
2557 3477 2688 3519 esse
2748 3458 2916 3535 video,

654 3584 802 3645 quae
859 3564 931 3624 de
989 3583 1101 3625 usu
1158 3563 1437 3625 Varronis
1493 3568 1552 3624 in
1605 3565 1697 3626 his
1753 3566 1920 3626 libris
1978 3565 2286 3626 observavi
2340 3566 2563 3626 addam.
2647 3584 2816 3645 saepe
2867 3569 2918 3622 et

653 3674 949 3733 constanti
996 3671 1424 3751 propemodum
1474 3691 1588 3733 usu
1639 3680 1962 3748 antequam
2012 3692 2147 3734 cum
2196 3674 2570 3734 coniunctivo
2609 3673 2917 3753 praesentis

656 3780 941 3857 temporis
988 3782 1229 3858 ponitur
1277 3790 1513 3858 praeter
1560 3780 1706 3840 haec
1753 3799 1966 3861 pauca,
2025 3798 2173 3859 quae
2230 3780 2598 3840 manifestam
2654 3780 2917 3859 temporis

654 3887 1140 3964 significationem
1198 3884 1446 3967 habent,
1503 3884 1668 3964 140,
1697 3884 1740 3947 4
1799 3890 1865 3947 id
1911 3890 1986 3962 fit
2040 3896 2193 3968 tum,
2256 3895 2579 3962 antequam
2630 3904 2917 3963 qemmare

658 4002 767 4055 aut
804 3998 1035 4069 florere
1091 3997 1243 4068 quid
1287 3997 1527 4074 incipit,
1585 3993 1636 4053 11
1678 3991 1736 4076 2,
1771 3991 1850 4055 18
1915 4000 2199 4056 castrare
2254 4002 2489 4071 oportet
2541 4013 2761 4071 aqnum
2812 4011 2915 4054 non

657 4104 947 4191 minorem
994 4104 1257 4175 quinque
1303 4119 1586 4177 mensum,
1635 4120 1830 4177 neque
1877 4108 2202 4175 antequam
2249 4105 2485 4162 calores
2534 4111 2644 4162 aut
2690 4102 2914 4179 friqora

603 4224 608 4230 ·
655 4226 719 4268 se
751 4206 1093 4282 freqerunt,
1150 4205 1228 4267 111
1259 4203 1317 4289 5,
1350 4204 1394 4267 4
1432 4210 1642 4270 diebus
1682 4211 1896 4283 viqinti
1943 4214 2267 4282 antequam
2305 4210 2513 4270 tollere
2550 4214 2678 4271 vult
2711 4212 2914 4279 turdo&

659 4318 895 4389 larqz'us
952 4318 1060 4374 dat
1114 4317 1339 4390 eibum,
1396 4314 1419 4373 1
1460 4312 1562 4395 29,
1606 4314 1638 4376 1
1698 4318 1806 4377 ubi
1847 4324 2043 4376 satum
2085 4314 2235 4391 fuit,
2293 4322 2615 4391 antequam
2669 4318 2914 4394 secunda

661 4424 943 4481 aratione
999 4429 1257 4482 novatur
1312 4441 1545 4483 rursus.
1622 4441 1756 4482 nam
1803 4421 1879 4480 111
1922 4420 1989 4503 7,
2032 4420 2110 4483 11
2168 4421 2324 4482 haud
2390 4422 2566 4484 dubie
2617 4431 2914 4501 antequam

662 4530 947 4600 aedifices
987 4528 1365 4591 scribendum
1413 4541 1519 4612 est,
1568 4549 1687 4590 non
1736 4533 2046 4603 aedificas,
2120 4537 2430 4609 praeterea
2476 4549 2613 4591 cum
2661 4534 2912 4593 coniunc-
