<?xml version="1.0" encoding="UTF-8"?>
<!DOCTYPE html PUBLIC "-//W3C//DTD XHTML 1.0 Transitional//EN"
    "http://www.w3.org/TR/xhtml1/DTD/xhtml1-transitional.dtd">
<html xmlns="http://www.w3.org/1999/xhtml" xml:lang="en" lang="en">
 <head>
  <title>
</title>
<meta http-equiv="Content-Type" content="text/html;charset=utf-8" />
  <meta name='ocr-system' content='tesseract 3.04.00' />
  <meta name='ocr-capabilities' content='ocr_page ocr_carea ocr_par ocr_line ocrx_word'/>
</head>
<body>
  <div class='ocr_page' id='page_1' title='image "./mporcicatonisde01catogoog_0125.png"; bbox 0 0 3178 5185; ppageno 0'>
   <div class='ocr_carea' id='block_1_1' title="bbox 924 427 2625 516">
    <p class='ocr_par' dir='ltr' id='par_1_1' title="bbox 924 427 2625 516">
     <span class='ocr_line' id='line_1_1' title="bbox 924 427 2625 516; baseline 0.003 -5"><span class='ocrx_word' id='word_1_1' title='bbox 924 427 1179 511; x_wconf 74' lang='lat' dir='ltr'><strong>RERVM</strong></span> <span class='ocrx_word' id='word_1_2' title='bbox 1216 455 1689 511; x_wconf 75' lang='lat' dir='ltr'>Rvs&#39;rmARVM</span> <span class='ocrx_word' id='word_1_3' title='bbox 1726 455 1858 510; x_wconf 79' lang='lat' dir='ltr'>ms.</span> <span class='ocrx_word' id='word_1_4' title='bbox 1898 454 1948 508; x_wconf 94' lang='lat'>11</span> <span class='ocrx_word' id='word_1_5' title='bbox 1992 452 2022 505; x_wconf 89' lang='lat'>1</span> <span class='ocrx_word' id='word_1_6' title='bbox 2495 453 2625 516; x_wconf 80' lang='lat'>213</span> 
     </span>
    </p>
   </div>
   <div class='ocr_carea' id='block_1_2' title="bbox 192 621 2719 2518">
    <p class='ocr_par' dir='ltr' id='par_1_2' title="bbox 192 621 2719 1024">
     <span class='ocr_line' id='line_1_2' title="bbox 192 621 2719 702; baseline -0.002 -18"><span class='ocrx_word' id='word_1_7' title='bbox 192 641 219 666; x_wconf 77' lang='lat'>¹·</span> <span class='ocrx_word' id='word_1_8' title='bbox 331 626 560 685; x_wconf 84' lang='lat' dir='ltr'>curatio</span> <span class='ocrx_word' id='word_1_9' title='bbox 630 623 933 701; x_wconf 87' lang='lat' dir='ltr'>[curandi]</span> <span class='ocrx_word' id='word_1_10' title='bbox 1003 625 1174 702; x_wconf 89' lang='lat' dir='ltr'>sequi</span> <span class='ocrx_word' id='word_1_11' title='bbox 1238 622 1465 683; x_wconf 88' lang='lat' dir='ltr'>debeat.</span> <span class='ocrx_word' id='word_1_12' title='bbox 1558 622 1684 681; x_wconf 84' lang='lat' dir='ltr'>fere</span> <span class='ocrx_word' id='word_1_13' title='bbox 1750 621 2093 682; x_wconf 86' lang='lat' dir='ltr'>morborum</span> <span class='ocrx_word' id='word_1_14' title='bbox 2153 639 2365 681; x_wconf 88' lang='lat' dir='ltr'>causae</span> <span class='ocrx_word' id='word_1_15' title='bbox 2421 623 2719 699; x_wconf 85' lang='lat' dir='ltr'>erunt,22</span> 
     </span>
     <span class='ocr_line' id='line_1_3' title="bbox 329 729 2624 809; baseline -0.002 -18"><span class='ocrx_word' id='word_1_16' title='bbox 329 732 490 809; x_wconf 90' lang='lat' dir='ltr'>quod</span> <span class='ocrx_word' id='word_1_17' title='bbox 536 731 811 791; x_wconf 88' lang='lat' dir='ltr'>laborant</span> <span class='ocrx_word' id='word_1_18' title='bbox 855 740 1100 809; x_wconf 89' lang='lat' dir='ltr'>propter</span> <span class='ocrx_word' id='word_1_19' title='bbox 1147 738 1345 790; x_wconf 89' lang='lat' dir='ltr'>aestus</span> <span class='ocrx_word' id='word_1_20' title='bbox 1393 738 1495 789; x_wconf 86' lang='lat' dir='ltr'>aut</span> <span class='ocrx_word' id='word_1_21' title='bbox 1541 738 1785 808; x_wconf 89' lang='lat' dir='ltr'>propter</span> <span class='ocrx_word' id='word_1_22' title='bbox 1832 729 2079 808; x_wconf 81' lang='lat' dir='ltr'>frigora,</span> <span class='ocrx_word' id='word_1_23' title='bbox 2126 746 2234 787; x_wconf 87' lang='lat' dir='ltr'>nec</span> <span class='ocrx_word' id='word_1_24' title='bbox 2282 745 2400 787; x_wconf 93' lang='lat' dir='ltr'>non</span> <span class='ocrx_word' id='word_1_25' title='bbox 2449 729 2624 787; x_wconf 90' lang='lat' dir='ltr'>etiam</span> 
     </span>
     <span class='ocr_line' id='line_1_4' title="bbox 327 835 2625 916; baseline -0.002 -19"><span class='ocrx_word' id='word_1_26' title='bbox 327 846 576 916; x_wconf 89' lang='lat' dir='ltr'>propter</span> <span class='ocrx_word' id='word_1_27' title='bbox 632 839 884 898; x_wconf 88' lang='lat' dir='ltr'>nimium</span> <span class='ocrx_word' id='word_1_28' title='bbox 941 836 1202 897; x_wconf 87' lang='lat' dir='ltr'>laborem</span> <span class='ocrx_word' id='word_1_29' title='bbox 1260 843 1362 896; x_wconf 90' lang='lat' dir='ltr'>aut</span> <span class='ocrx_word' id='word_1_30' title='bbox 1416 843 1624 896; x_wconf 82' lang='lat' dir='ltr'>eontra</span> <span class='ocrx_word' id='word_1_31' title='bbox 1681 835 1899 896; x_wconf 89' lang='lat' dir='ltr'>nullam</span> <span class='ocrx_word' id='word_1_32' title='bbox 1952 837 2468 914; x_wconf 79' lang='lat' dir='ltr'>exercitationem,</span> <span class='ocrx_word' id='word_1_33' title='bbox 2524 841 2625 893; x_wconf 90' lang='lat' dir='ltr'>aut</span> 
     </span>
     <span class='ocr_line' id='line_1_5' title="bbox 327 942 2622 1024; baseline -0.001 -21"><span class='ocrx_word' id='word_1_34' title='bbox 327 946 405 1024; x_wconf 91' lang='lat' dir='ltr'>si,</span> <span class='ocrx_word' id='word_1_35' title='bbox 477 963 615 1005; x_wconf 88' lang='lat' dir='ltr'>cum</span> <span class='ocrx_word' id='word_1_36' title='bbox 674 945 1041 1023; x_wconf 78' lang='lat' dir='ltr'>exercueriS,</span> <span class='ocrx_word' id='word_1_37' title='bbox 1106 944 1305 1002; x_wconf 91' lang='lat' dir='ltr'>statim</span> <span class='ocrx_word' id='word_1_38' title='bbox 1363 944 1490 1002; x_wconf 91' lang='lat' dir='ltr'>sine</span> <span class='ocrx_word' id='word_1_39' title='bbox 1546 942 1855 1003; x_wconf 91' lang='lat' dir='ltr'>intervallo</span> <span class='ocrx_word' id='word_1_40' title='bbox 1912 942 2111 1003; x_wconf 87' lang='lat' dir='ltr'>cibum</span> <span class='ocrx_word' id='word_1_41' title='bbox 2168 951 2270 1002; x_wconf 90' lang='lat' dir='ltr'>aut</span> <span class='ocrx_word' id='word_1_42' title='bbox 2323 943 2622 1020; x_wconf 88' lang='lat' dir='ltr'>potionem</span> 
     </span>
    </p>

    <p class='ocr_par' dir='ltr' id='par_1_3' title="bbox 275 1047 2718 1558">
     <span class='ocr_line' id='line_1_6' title="bbox 275 1047 2620 1129; baseline -0.001 -19"><span class='ocrx_word' id='word_1_43' title='bbox 275 1063 299 1103; x_wconf 85' lang='lat'>⁵</span> <span class='ocrx_word' id='word_1_44' title='bbox 326 1050 583 1111; x_wconf 91' lang='lat' dir='ltr'>dederis.</span> <span class='ocrx_word' id='word_1_45' title='bbox 676 1052 843 1128; x_wconf 87' lang='lat' dir='ltr'>signa</span> <span class='ocrx_word' id='word_1_46' title='bbox 899 1057 1096 1110; x_wconf 90' lang='lat' dir='ltr'>autem</span> <span class='ocrx_word' id='word_1_47' title='bbox 1153 1057 1319 1129; x_wconf 90' lang='lat' dir='ltr'>sunt,</span> <span class='ocrx_word' id='word_1_48' title='bbox 1379 1057 1443 1109; x_wconf 90' lang='lat' dir='ltr'>ut</span> <span class='ocrx_word' id='word_1_49' title='bbox 1498 1067 1705 1109; x_wconf 88' lang='lat' dir='ltr'>eorum</span> <span class='ocrx_word' id='word_1_50' title='bbox 1763 1051 1866 1128; x_wconf 88' lang='lat' dir='ltr'>qui</span> <span class='ocrx_word' id='word_1_51' title='bbox 1916 1048 2021 1126; x_wconf 90' lang='lat' dir='ltr'>[si]</span> <span class='ocrx_word' id='word_1_52' title='bbox 2071 1069 2102 1109; x_wconf 92' lang='lat' dir='ltr'>e</span> <span class='ocrx_word' id='word_1_53' title='bbox 2149 1049 2348 1109; x_wconf 91' lang='lat' dir='ltr'>labore</span> <span class='ocrx_word' id='word_1_54' title='bbox 2396 1047 2620 1107; x_wconf 83' lang='lat' dir='ltr'>febrem</span> 
     </span>
     <span class='ocr_line' id='line_1_7' title="bbox 325 1154 2620 1236; baseline -0 -21"><span class='ocrx_word' id='word_1_55' title='bbox 325 1156 574 1236; x_wconf 90' lang='lat' dir='ltr'>habent,</span> <span class='ocrx_word' id='word_1_56' title='bbox 640 1157 986 1235; x_wconf 87' lang='lat' dir='ltr'>adapertum</span> <span class='ocrx_word' id='word_1_57' title='bbox 1053 1175 1119 1217; x_wconf 88' lang='lat' dir='ltr'>os</span> <span class='ocrx_word' id='word_1_58' title='bbox 1184 1155 1385 1216; x_wconf 89' lang='lat' dir='ltr'>umido</span> <span class='ocrx_word' id='word_1_59' title='bbox 1444 1157 1663 1234; x_wconf 90' lang='lat' dir='ltr'>spiritu</span> <span class='ocrx_word' id='word_1_60' title='bbox 1719 1155 1932 1218; x_wconf 89' lang='lat' dir='ltr'>crebro</span> <span class='ocrx_word' id='word_1_61' title='bbox 1989 1163 2051 1216; x_wconf 90' lang='lat' dir='ltr'>et</span> <span class='ocrx_word' id='word_1_62' title='bbox 2106 1174 2357 1234; x_wconf 84' lang='lat' dir='ltr'>corpore</span> <span class='ocrx_word' id='word_1_63' title='bbox 2415 1154 2620 1215; x_wconf 87' lang='lat' dir='ltr'>calido.</span> 
     </span>
     <span class='ocr_line' id='line_1_8' title="bbox 325 1259 2718 1343; baseline -0.003 -20"><span class='ocrx_word' id='word_1_64' title='bbox 325 1267 555 1325; x_wconf 84' lang='lat' dir='ltr'>curatio</span> <span class='ocrx_word' id='word_1_65' title='bbox 608 1259 837 1343; x_wconf 84' lang='lat' dir='ltr'>autem,</span> <span class='ocrx_word' id='word_1_66' title='bbox 892 1281 1030 1324; x_wconf 89' lang='lat' dir='ltr'>cum</span> <span class='ocrx_word' id='word_1_67' title='bbox 1081 1263 1178 1322; x_wconf 86' lang='lat' dir='ltr'>hic</span> <span class='ocrx_word' id='word_1_68' title='bbox 1225 1271 1318 1322; x_wconf 86' lang='lat' dir='ltr'>est</span> <span class='ocrx_word' id='word_1_69' title='bbox 1361 1262 1634 1342; x_wconf 81' lang='lat' dir='ltr'>morbuS,</span> <span class='ocrx_word' id='word_1_70' title='bbox 1690 1262 1852 1323; x_wconf 86' lang='lat' dir='ltr'>haee.</span> <span class='ocrx_word' id='word_1_71' title='bbox 1934 1263 2313 1341; x_wconf 84' lang='lat' dir='ltr'>perfunditur</span> <span class='ocrx_word' id='word_1_72' title='bbox 2360 1280 2507 1341; x_wconf 90' lang='lat' dir='ltr'>aqua</span> <span class='ocrx_word' id='word_1_73' title='bbox 2556 1269 2616 1321; x_wconf 90' lang='lat' dir='ltr'>et</span> <span class='ocrx_word' id='word_1_74' title='bbox 2638 1259 2718 1317; x_wconf 82' lang='lat'>23</span> 
     </span>
     <span class='ocr_line' id='line_1_9' title="bbox 323 1351 2624 1450; baseline -0.001 -20"><span class='ocrx_word' id='word_1_75' title='bbox 323 1374 724 1450; x_wconf 90' lang='lat' dir='ltr'>perunguitur</span> <span class='ocrx_word' id='word_1_76' title='bbox 779 1370 909 1431; x_wconf 91' lang='lat' dir='ltr'>oleo</span> <span class='ocrx_word' id='word_1_77' title='bbox 971 1378 1030 1431; x_wconf 92' lang='lat' dir='ltr'>et</span> <span class='ocrx_word' id='word_1_78' title='bbox 1085 1372 1221 1430; x_wconf 88' lang='lat' dir='ltr'>vino</span> <span class='ocrx_word' id='word_1_79' title='bbox 1278 1370 1599 1450; x_wconf 71' lang='lat' dir='ltr'>tepefauto,</span> <span class='ocrx_word' id='word_1_80' title='bbox 1656 1378 1716 1429; x_wconf 91' lang='lat' dir='ltr'>et</span> <span class='ocrx_word' id='word_1_81' title='bbox 1769 1372 1911 1430; x_wconf 89' lang='lat' dir='ltr'>item</span> <span class='ocrx_word' id='word_1_82' title='bbox 1970 1351 2507 1440; x_wconf 39' lang='lat' dir='ltr'>eibo&#39;sustinetur,</span> <span class='ocrx_word' id='word_1_83' title='bbox 2566 1376 2624 1428; x_wconf 86' lang='lat' dir='ltr'>et</span> 
     </span>
     <span class='ocr_line' id='line_1_10' title="bbox 321 1475 2623 1558; baseline -0.001 -21"><span class='ocrx_word' id='word_1_84' title='bbox 321 1478 570 1539; x_wconf 82' lang='lat' dir='ltr'>inicitur</span> <span class='ocrx_word' id='word_1_85' title='bbox 623 1478 871 1558; x_wconf 90' lang='lat' dir='ltr'>aliquid,</span> <span class='ocrx_word' id='word_1_86' title='bbox 929 1496 1002 1537; x_wconf 91' lang='lat' dir='ltr'>ne</span> <span class='ocrx_word' id='word_1_87' title='bbox 1059 1477 1246 1555; x_wconf 84' lang='lat' dir='ltr'>frigus</span> <span class='ocrx_word' id='word_1_88' title='bbox 1293 1476 1511 1537; x_wconf 88' lang='lat' dir='ltr'>laedat:</span> <span class='ocrx_word' id='word_1_89' title='bbox 1567 1479 1795 1536; x_wconf 83' lang='lat' dir='ltr'>sitienti</span> <span class='ocrx_word' id='word_1_90' title='bbox 1841 1495 1992 1555; x_wconf 90' lang='lat' dir='ltr'>aqua</span> <span class='ocrx_word' id='word_1_91' title='bbox 2041 1476 2238 1554; x_wconf 86' lang='lat' dir='ltr'>tepida</span> <span class='ocrx_word' id='word_1_92' title='bbox 2285 1475 2475 1535; x_wconf 89' lang='lat' dir='ltr'>datur.</span> <span class='ocrx_word' id='word_1_93' title='bbox 2571 1477 2623 1534; x_wconf 91' lang='lat' dir='ltr'>si</span> 
     </span>
    </p>

    <p class='ocr_par' dir='ltr' id='par_1_4' title="bbox 249 1573 2714 2091">
     <span class='ocr_line' id='line_1_11' title="bbox 249 1573 2621 1663; baseline -0.001 -20"><span class='ocrx_word' id='word_1_94' title='bbox 249 1573 438 1645; x_wconf 54' lang='lat' dir='ltr'>1o⁴hoc</span> <span class='ocrx_word' id='word_1_95' title='bbox 496 1603 685 1663; x_wconf 89' lang='lat' dir='ltr'>genus</span> <span class='ocrx_word' id='word_1_96' title='bbox 742 1584 923 1645; x_wconf 88' lang='lat' dir='ltr'>rebus</span> <span class='ocrx_word' id='word_1_97' title='bbox 978 1602 1098 1644; x_wconf 90' lang='lat' dir='ltr'>non</span> <span class='ocrx_word' id='word_1_98' title='bbox 1155 1584 1493 1663; x_wconf 86' lang='lat' dir='ltr'>proficitur,</span> <span class='ocrx_word' id='word_1_99' title='bbox 1559 1583 1893 1644; x_wconf 86' lang='lat' dir='ltr'>demittitur</span> <span class='ocrx_word' id='word_1_100' title='bbox 1949 1585 2216 1662; x_wconf 80' lang='lat' dir='ltr'>sanguiS,</span> <span class='ocrx_word' id='word_1_101' title='bbox 2280 1583 2532 1642; x_wconf 84' lang='lat' dir='ltr'>maxime</span> <span class='ocrx_word' id='word_1_102' title='bbox 2589 1600 2621 1641; x_wconf 92' lang='lat' dir='ltr'>e</span> 
     </span>
     <span class='ocr_line' id='line_1_12' title="bbox 314 1679 2622 1772; baseline -0.003 -19"><span class='ocrx_word' id='word_1_103' title='bbox 314 1679 533 1772; x_wconf 80' lang='lat' dir='ltr'>eapite.</span> <span class='ocrx_word' id='word_1_104' title='bbox 626 1695 770 1753; x_wconf 91' lang='lat' dir='ltr'>item</span> <span class='ocrx_word' id='word_1_105' title='bbox 817 1692 887 1752; x_wconf 91' lang='lat' dir='ltr'>ad</span> <span class='ocrx_word' id='word_1_106' title='bbox 936 1691 1083 1751; x_wconf 89' lang='lat' dir='ltr'>alios</span> <span class='ocrx_word' id='word_1_107' title='bbox 1130 1690 1370 1752; x_wconf 86' lang='lat' dir='ltr'>morbos</span> <span class='ocrx_word' id='word_1_108' title='bbox 1416 1689 1563 1750; x_wconf 87' lang='lat' dir='ltr'>aliae</span> <span class='ocrx_word' id='word_1_109' title='bbox 1612 1708 1823 1750; x_wconf 84' lang='lat' dir='ltr'>causae</span> <span class='ocrx_word' id='word_1_110' title='bbox 1872 1699 1931 1751; x_wconf 89' lang='lat' dir='ltr'>et</span> <span class='ocrx_word' id='word_1_111' title='bbox 1978 1690 2088 1751; x_wconf 89' lang='lat' dir='ltr'>alia</span> <span class='ocrx_word' id='word_1_112' title='bbox 2128 1693 2312 1770; x_wconf 88' lang='lat' dir='ltr'>signa,</span> <span class='ocrx_word' id='word_1_113' title='bbox 2358 1691 2418 1749; x_wconf 90' lang='lat' dir='ltr'>in</span> <span class='ocrx_word' id='word_1_114' title='bbox 2460 1690 2622 1749; x_wconf 89' lang='lat' dir='ltr'>omni</span> 
     </span>
     <span class='ocr_line' id='line_1_13' title="bbox 322 1792 2714 1878; baseline -0.005 -18"><span class='ocrx_word' id='word_1_115' title='bbox 322 1818 537 1877; x_wconf 89' lang='lat' dir='ltr'>pecore</span> <span class='ocrx_word' id='word_1_116' title='bbox 608 1817 759 1878; x_wconf 87' lang='lat' dir='ltr'>quae</span> <span class='ocrx_word' id='word_1_117' title='bbox 827 1800 1047 1876; x_wconf 84' lang='lat' dir='ltr'>scripta</span> <span class='ocrx_word' id='word_1_118' title='bbox 1114 1797 1333 1858; x_wconf 89' lang='lat' dir='ltr'>habere</span> <span class='ocrx_word' id='word_1_119' title='bbox 1390 1804 1626 1875; x_wconf 93' lang='lat' dir='ltr'>oportet</span> <span class='ocrx_word' id='word_1_120' title='bbox 1681 1799 2031 1875; x_wconf 89' lang='lat' dir='ltr'>magistrum</span> <span class='ocrx_word' id='word_1_121' title='bbox 2086 1799 2338 1876; x_wconf 70' lang='lat' dir='ltr'>peeoris».</span> <span class='ocrx_word' id='word_1_122' title='bbox 2437 1794 2612 1854; x_wconf 91' lang='lat' dir='ltr'>relin-</span> <span class='ocrx_word' id='word_1_123' title='bbox 2631 1792 2714 1848; x_wconf 85' lang='lat'>24</span> 
     </span>
     <span class='ocr_line' id='line_1_14' title="bbox 324 1903 2618 1985; baseline -0.002 -19"><span class='ocrx_word' id='word_1_124' title='bbox 324 1909 527 1985; x_wconf 87' lang='lat' dir='ltr'>quitur</span> <span class='ocrx_word' id='word_1_125' title='bbox 573 1924 798 1966; x_wconf 91' lang='lat' dir='ltr'>nonum</span> <span class='ocrx_word' id='word_1_126' title='bbox 850 1905 1006 1983; x_wconf 89' lang='lat' dir='ltr'>quod</span> <span class='ocrx_word' id='word_1_127' title='bbox 1055 1905 1205 1985; x_wconf 87' lang='lat' dir='ltr'>dixi,</span> <span class='ocrx_word' id='word_1_128' title='bbox 1252 1903 1325 1964; x_wconf 91' lang='lat' dir='ltr'>de</span> <span class='ocrx_word' id='word_1_129' title='bbox 1373 1921 1642 1983; x_wconf 89' lang='lat' dir='ltr'>numero,</span> <span class='ocrx_word' id='word_1_130' title='bbox 1692 1906 2006 1983; x_wconf 88' lang='lat' dir='ltr'>utriusque</span> <span class='ocrx_word' id='word_1_131' title='bbox 2053 1906 2241 1983; x_wconf 85' lang='lat' dir='ltr'>partis</span> <span class='ocrx_word' id='word_1_132' title='bbox 2286 1920 2618 1963; x_wconf 88' lang='lat' dir='ltr'>commuue.</span> 
     </span>
     <span class='ocr_line' id='line_1_15' title="bbox 322 2013 2618 2091; baseline -0.002 -19"><span class='ocrx_word' id='word_1_133' title='bbox 322 2031 457 2073; x_wconf 89' lang='lat' dir='ltr'>nam</span> <span class='ocrx_word' id='word_1_134' title='bbox 511 2022 571 2073; x_wconf 86' lang='lat' dir='ltr'>et</span> <span class='ocrx_word' id='word_1_135' title='bbox 629 2014 734 2091; x_wconf 88' lang='lat' dir='ltr'>qui</span> <span class='ocrx_word' id='word_1_136' title='bbox 787 2021 956 2090; x_wconf 88' lang='lat' dir='ltr'>parat</span> <span class='ocrx_word' id='word_1_137' title='bbox 1012 2030 1196 2090; x_wconf 81' lang='lat' dir='ltr'>pecus</span> <span class='ocrx_word' id='word_1_138' title='bbox 1252 2029 1497 2071; x_wconf 89' lang='lat' dir='ltr'>necesse</span> <span class='ocrx_word' id='word_1_139' title='bbox 1555 2019 1648 2070; x_wconf 86' lang='lat' dir='ltr'>est</span> <span class='ocrx_word' id='word_1_140' title='bbox 1704 2013 2028 2072; x_wconf 82' lang='lat' dir='ltr'>constituat</span> <span class='ocrx_word' id='word_1_141' title='bbox 2083 2029 2424 2089; x_wconf 89' lang='lat' dir='ltr'>numerum,</span> <span class='ocrx_word' id='word_1_142' title='bbox 2473 2016 2618 2088; x_wconf 88' lang='lat' dir='ltr'>quot</span> 
     </span>
    </p>

    <p class='ocr_par' dir='ltr' id='par_1_5' title="bbox 249 2117 2620 2518">
     <span class='ocr_line' id='line_1_16' title="bbox 249 2117 2620 2198; baseline -0.002 -19"><span class='ocrx_word' id='word_1_143' title='bbox 249 2129 296 2169; x_wconf 87' lang='lat'>1⁵</span> <span class='ocrx_word' id='word_1_144' title='bbox 323 2137 529 2197; x_wconf 86' lang='lat' dir='ltr'>greges</span> <span class='ocrx_word' id='word_1_145' title='bbox 576 2129 637 2179; x_wconf 87' lang='lat' dir='ltr'>et</span> <span class='ocrx_word' id='word_1_146' title='bbox 686 2127 939 2197; x_wconf 89' lang='lat' dir='ltr'>quantos</span> <span class='ocrx_word' id='word_1_147' title='bbox 986 2120 1063 2178; x_wconf 85' lang='lat' dir='ltr'>sit</span> <span class='ocrx_word' id='word_1_148' title='bbox 1111 2125 1410 2198; x_wconf 80' lang='lat' dir='ltr'>pasturuS,</span> <span class='ocrx_word' id='word_1_149' title='bbox 1459 2136 1532 2178; x_wconf 90' lang='lat' dir='ltr'>ue</span> <span class='ocrx_word' id='word_1_150' title='bbox 1583 2126 1684 2177; x_wconf 86' lang='lat' dir='ltr'>aut</span> <span class='ocrx_word' id='word_1_151' title='bbox 1723 2118 1907 2179; x_wconf 89' lang='lat' dir='ltr'>saltus</span> <span class='ocrx_word' id='word_1_152' title='bbox 1946 2118 2140 2178; x_wconf 88' lang='lat' dir='ltr'>desint</span> <span class='ocrx_word' id='word_1_153' title='bbox 2176 2125 2278 2177; x_wconf 91' lang='lat' dir='ltr'>aut</span> <span class='ocrx_word' id='word_1_154' title='bbox 2316 2117 2620 2193; x_wconf 89' lang='lat' dir='ltr'>supersint</span> 
     </span>
     <span class='ocr_line' id='line_1_17' title="bbox 324 2226 2618 2305; baseline -0.002 -20"><span class='ocrx_word' id='word_1_155' title='bbox 324 2234 381 2286; x_wconf 93' lang='lat' dir='ltr'>et</span> <span class='ocrx_word' id='word_1_156' title='bbox 421 2226 552 2286; x_wconf 93' lang='lat' dir='ltr'>ideo</span> <span class='ocrx_word' id='word_1_157' title='bbox 593 2226 829 2286; x_wconf 84' lang='lat' dir='ltr'>fructus</span> <span class='ocrx_word' id='word_1_158' title='bbox 867 2226 1224 2303; x_wconf 86' lang='lat' dir='ltr'>dispereant.</span> <span class='ocrx_word' id='word_1_159' title='bbox 1317 2233 1625 2303; x_wconf 90' lang='lat' dir='ltr'>praeterea</span> <span class='ocrx_word' id='word_1_160' title='bbox 1665 2227 1818 2285; x_wconf 87' lang='lat' dir='ltr'>scire</span> <span class='ocrx_word' id='word_1_161' title='bbox 1859 2231 2110 2305; x_wconf 88' lang='lat' dir='ltr'>oportet,</span> <span class='ocrx_word' id='word_1_162' title='bbox 2155 2226 2217 2284; x_wconf 91' lang='lat' dir='ltr'>in</span> <span class='ocrx_word' id='word_1_163' title='bbox 2256 2240 2433 2301; x_wconf 86' lang='lat' dir='ltr'>grege</span> <span class='ocrx_word' id='word_1_164' title='bbox 2473 2228 2618 2299; x_wconf 90' lang='lat' dir='ltr'>quot</span> 
     </span>
     <span class='ocr_line' id='line_1_18' title="bbox 324 2330 2613 2413; baseline -0.002 -22"><span class='ocrx_word' id='word_1_165' title='bbox 324 2332 564 2393; x_wconf 83' lang='lat' dir='ltr'>feminas</span> <span class='ocrx_word' id='word_1_166' title='bbox 611 2331 844 2406; x_wconf 85' lang='lat' dir='ltr'>habeat,</span> <span class='ocrx_word' id='word_1_167' title='bbox 892 2351 1042 2411; x_wconf 86' lang='lat' dir='ltr'>quae</span> <span class='ocrx_word' id='word_1_168' title='bbox 1089 2349 1300 2409; x_wconf 88' lang='lat' dir='ltr'>parere</span> <span class='ocrx_word' id='word_1_169' title='bbox 1337 2338 1608 2411; x_wconf 91' lang='lat' dir='ltr'>possunt,</span> <span class='ocrx_word' id='word_1_170' title='bbox 1655 2340 1799 2410; x_wconf 91' lang='lat' dir='ltr'>quot</span> <span class='ocrx_word' id='word_1_171' title='bbox 1836 2334 2071 2413; x_wconf 80' lang='lat' dir='ltr'>arieteS,</span> <span class='ocrx_word' id='word_1_172' title='bbox 2119 2337 2264 2409; x_wconf 86' lang='lat' dir='ltr'>quot</span> <span class='ocrx_word' id='word_1_173' title='bbox 2301 2330 2613 2406; x_wconf 88' lang='lat' dir='ltr'>utriusque</span> 
     </span>
     <span class='ocr_line' id='line_1_19' title="bbox 323 2435 2614 2518; baseline -0.003 -19"><span class='ocrx_word' id='word_1_174' title='bbox 323 2440 551 2517; x_wconf 88' lang='lat' dir='ltr'>generis</span> <span class='ocrx_word' id='word_1_175' title='bbox 609 2437 880 2518; x_wconf 81' lang='lat' dir='ltr'>suboleS,</span> <span class='ocrx_word' id='word_1_176' title='bbox 937 2445 1082 2516; x_wconf 86' lang='lat' dir='ltr'>quot</span> <span class='ocrx_word' id='word_1_177' title='bbox 1138 2437 1396 2497; x_wconf 87' lang='lat' dir='ltr'>reiculae</span> <span class='ocrx_word' id='word_1_178' title='bbox 1455 2439 1574 2498; x_wconf 88' lang='lat' dir='ltr'>sint</span> <span class='ocrx_word' id='word_1_179' title='bbox 1630 2436 1987 2499; x_wconf 89' lang='lat' dir='ltr'>alienandae.</span> <span class='ocrx_word' id='word_1_180' title='bbox 2080 2439 2140 2497; x_wconf 91' lang='lat' dir='ltr'>in</span> <span class='ocrx_word' id='word_1_181' title='bbox 2189 2435 2507 2515; x_wconf 78' lang='lat' dir='ltr'>alimoniiS,</span> <span class='ocrx_word' id='word_1_182' title='bbox 2563 2435 2614 2494; x_wconf 91' lang='lat' dir='ltr'>si</span> 
     </span>
    </p>
   </div>
   <div class='ocr_carea' id='block_1_3' title="bbox 324 2634 745 2642">
    <p class='ocr_par' dir='ltr' id='par_1_6' title="bbox 324 2634 745 2642">
     <span class='ocr_line' id='line_1_20' title="bbox 324 2634 745 2642; baseline 0 2543"><span class='ocrx_word' id='word_1_183' title='bbox 324 2634 745 2642; x_wconf 95' lang='lat' dir='ltr'> </span> 
     </span>
    </p>
   </div>
   <div class='ocr_carea' id='block_1_4' title="bbox 304 2768 2613 4171">
    <p class='ocr_par' dir='ltr' id='par_1_7' title="bbox 317 2768 2613 3105">
     <span class='ocr_line' id='line_1_21' title="bbox 452 2768 2613 2826; baseline -0.001 -2"><span class='ocrx_word' id='word_1_184' title='bbox 452 2777 484 2824; x_wconf 89' lang='lat'>1</span> <span class='ocrx_word' id='word_1_185' title='bbox 524 2771 745 2826; x_wconf 82' lang='lat' dir='ltr'>curatio</span> <span class='ocrx_word' id='word_1_186' title='bbox 784 2769 1015 2825; x_wconf 82' lang='lat' dir='ltr'>curandi</span> <span class='ocrx_word' id='word_1_187' title='bbox 1051 2768 1165 2823; x_wconf 90' lang='lat' dir='ltr'>PB</span> <span class='ocrx_word' id='word_1_188' title='bbox 1202 2786 1299 2824; x_wconf 87' lang='lat' dir='ltr'>our</span> <span class='ocrx_word' id='word_1_189' title='bbox 1336 2770 1481 2825; x_wconf 87' lang='lat' dir='ltr'>ratio</span> <span class='ocrx_word' id='word_1_190' title='bbox 1520 2769 1754 2824; x_wconf 84' lang='lat' dir='ltr'>curandi</span> <span class='ocrx_word' id='word_1_191' title='bbox 1781 2771 1835 2824; x_wconf 99' lang='lat' dir='ltr'><strong><em>A</em></strong></span> <span class='ocrx_word' id='word_1_192' title='bbox 1875 2769 2091 2825; x_wconf 81' lang='lat' dir='ltr'>curatio</span> <span class='ocrx_word' id='word_1_193' title='bbox 2126 2787 2161 2825; x_wconf 82' lang='lat' dir='ltr'><strong><em>v</em></strong></span> <span class='ocrx_word' id='word_1_194' title='bbox 2198 2768 2342 2824; x_wconf 83' lang='lat' dir='ltr'>ratio</span> <span class='ocrx_word' id='word_1_195' title='bbox 2381 2768 2613 2823; x_wconf 77' lang='lat' dir='ltr'>curandi</span> 
     </span>
     <span class='ocr_line' id='line_1_22' title="bbox 320 2857 2610 2927; baseline -0.002 -15"><span class='ocrx_word' id='word_1_196' title='bbox 320 2859 610 2914; x_wconf 80' lang='lat' dir='ltr'>Iucundus</span> <span class='ocrx_word' id='word_1_197' title='bbox 756 2875 925 2912; x_wconf 85' lang='lat' dir='ltr'>eausa</span> <span class='ocrx_word' id='word_1_198' title='bbox 961 2859 1124 2913; x_wconf 89' lang='lat' dir='ltr'>erunt</span> <span class='ocrx_word' id='word_1_199' title='bbox 1152 2859 1205 2910; x_wconf 90' lang='lat' dir='ltr'><strong><em>A</em></strong></span> <span class='ocrx_word' id='word_1_200' title='bbox 1350 2864 1382 2911; x_wconf 82' lang='lat'>2</span> <span class='ocrx_word' id='word_1_201' title='bbox 1420 2857 1634 2927; x_wconf 86' lang='lat' dir='ltr'>frigora</span> <span class='ocrx_word' id='word_1_202' title='bbox 1660 2859 1822 2913; x_wconf 85' lang='lat' dir='ltr'>ABv</span> <span class='ocrx_word' id='word_1_203' title='bbox 1858 2857 2072 2927; x_wconf 84' lang='lat' dir='ltr'>frigura</span> <span class='ocrx_word' id='word_1_204' title='bbox 2099 2858 2156 2912; x_wconf 91' lang='lat' dir='ltr'><strong><em>P</em></strong></span> <span class='ocrx_word' id='word_1_205' title='bbox 2293 2863 2323 2910; x_wconf 89' lang='lat'><strong>3</strong></span> <span class='ocrx_word' id='word_1_206' title='bbox 2363 2857 2610 2911; x_wconf 87' lang='lat' dir='ltr'>laborem</span> 
     </span>
     <span class='ocr_line' id='line_1_23' title="bbox 318 2945 2609 3002; baseline -0.002 -1"><span class='ocrx_word' id='word_1_207' title='bbox 318 2950 377 3002; x_wconf 87' lang='lat' dir='ltr'>ut</span> <span class='ocrx_word' id='word_1_208' title='bbox 418 2946 758 3002; x_wconf 85' lang='lat' dir='ltr'>contrariam</span> <span class='ocrx_word' id='word_1_209' title='bbox 806 2946 1022 3001; x_wconf 85' lang='lat' dir='ltr'>nullam</span> <span class='ocrx_word' id='word_1_210' title='bbox 1072 2947 1194 3001; x_wconf 92' lang='lat' dir='ltr'>AB</span> <span class='ocrx_word' id='word_1_211' title='bbox 1238 2947 1490 3002; x_wconf 88' lang='lat' dir='ltr'>laborem</span> <span class='ocrx_word' id='word_1_212' title='bbox 1535 2949 1601 3001; x_wconf 89' lang='lat' dir='ltr'>ut</span> <span class='ocrx_word' id='word_1_213' title='bbox 1648 2946 1986 3002; x_wconf 86' lang='lat' dir='ltr'>contrarium</span> <span class='ocrx_word' id='word_1_214' title='bbox 2022 2946 2236 3000; x_wconf 86' lang='lat' dir='ltr'>nullam</span> <span class='ocrx_word' id='word_1_215' title='bbox 2273 2946 2330 2999; x_wconf 91' lang='lat' dir='ltr'><em>P</em></span> <span class='ocrx_word' id='word_1_216' title='bbox 2357 2945 2609 3000; x_wconf 84' lang='lat' dir='ltr'>laborem</span> 
     </span>
     <span class='ocr_line' id='line_1_24' title="bbox 317 3035 2610 3105; baseline -0.001 -15"><span class='ocrx_word' id='word_1_217' title='bbox 317 3039 409 3091; x_wconf 88' lang='lat' dir='ltr'>aut</span> <span class='ocrx_word' id='word_1_218' title='bbox 444 3036 792 3091; x_wconf 83' lang='lat' dir='ltr'>eontrarium</span> <span class='ocrx_word' id='word_1_219' title='bbox 830 3036 1044 3092; x_wconf 89' lang='lat' dir='ltr'>nullam</span> <span class='ocrx_word' id='word_1_220' title='bbox 1071 3053 1103 3090; x_wconf 87' lang='lat' dir='ltr'><strong><em>v</em></strong></span> <span class='ocrx_word' id='word_1_221' title='bbox 1139 3035 1390 3095; x_wconf 88' lang='lat' dir='ltr'>laborem</span> <span class='ocrx_word' id='word_1_222' title='bbox 1428 3038 1527 3090; x_wconf 88' lang='lat' dir='ltr'>aut</span> <span class='ocrx_word' id='word_1_223' title='bbox 1564 3038 1760 3092; x_wconf 87' lang='lat' dir='ltr'>eontra</span> <span class='ocrx_word' id='word_1_224' title='bbox 1796 3038 2024 3105; x_wconf 85' lang='lat' dir='ltr'>propter</span> <span class='ocrx_word' id='word_1_225' title='bbox 2062 3035 2274 3090; x_wconf 85' lang='lat' dir='ltr'>nullam</span> <span class='ocrx_word' id='word_1_226' title='bbox 2313 3035 2610 3089; x_wconf 60' lang='lat' dir='ltr'>Iracundus</span> 
     </span>
    </p>

    <p class='ocr_par' dir='ltr' id='par_1_8' title="bbox 304 3118 2607 4171">
     <span class='ocr_line' id='line_1_25' title="bbox 413 3118 2606 3193; baseline -0.001 -14"><span class='ocrx_word' id='word_1_227' title='bbox 413 3132 448 3180; x_wconf 83' lang='lat'>4</span> <span class='ocrx_word' id='word_1_228' title='bbox 486 3125 536 3179; x_wconf 86' lang='lat' dir='ltr'>si</span> <span class='ocrx_word' id='word_1_229' title='bbox 575 3142 707 3180; x_wconf 85' lang='lat' dir='ltr'>eum</span> <span class='ocrx_word' id='word_1_230' title='bbox 744 3118 854 3178; x_wconf 89' lang='lat' dir='ltr'>VB</span> <span class='ocrx_word' id='word_1_231' title='bbox 891 3126 1099 3181; x_wconf 83' lang='lat' dir='ltr'>siceum</span> <span class='ocrx_word' id='word_1_232' title='bbox 1137 3125 1195 3179; x_wconf 93' lang='lat' dir='ltr'><strong><em>A</em></strong></span> <span class='ocrx_word' id='word_1_233' title='bbox 1302 3130 1335 3180; x_wconf 77' lang='grc' dir='ltr'><strong>ὅ</strong></span> <span class='ocrx_word' id='word_1_234' title='bbox 1374 3125 1470 3193; x_wconf 90' lang='lat' dir='ltr'>qui</span> <span class='ocrx_word' id='word_1_235' title='bbox 1507 3124 1625 3179; x_wconf 86' lang='lat' dir='ltr'>siue</span> <span class='ocrx_word' id='word_1_236' title='bbox 1665 3141 1733 3179; x_wconf 87' lang='lat' dir='ltr'>ex</span> <span class='ocrx_word' id='word_1_237' title='bbox 1769 3129 1929 3179; x_wconf 89' lang='lat' dir='ltr'>aestu</span> <span class='ocrx_word' id='word_1_238' title='bbox 1967 3125 2085 3178; x_wconf 86' lang='lat' dir='ltr'>siue</span> <span class='ocrx_word' id='word_1_239' title='bbox 2115 3140 2145 3177; x_wconf 92' lang='lat' dir='ltr'>e</span> <span class='ocrx_word' id='word_1_240' title='bbox 2173 3125 2365 3179; x_wconf 88' lang='lat' dir='ltr'>labore</span> <span class='ocrx_word' id='word_1_241' title='bbox 2394 3122 2606 3177; x_wconf 86' lang='lat' dir='ltr'>febrem</span> 
     </span>
     <span class='ocr_line' id='line_1_26' title="bbox 312 3213 2607 3284; baseline 0.001 -17"><span class='ocrx_word' id='word_1_242' title='bbox 312 3214 544 3283; x_wconf 87' lang='lat' dir='ltr'>habent,</span> <span class='ocrx_word' id='word_1_243' title='bbox 605 3214 939 3284; x_wconf 85' lang='lat' dir='ltr'>adapertum</span> <span class='ocrx_word' id='word_1_244' title='bbox 994 3231 1056 3270; x_wconf 88' lang='lat' dir='ltr'>os</span> <span class='ocrx_word' id='word_1_245' title='bbox 1112 3215 1344 3268; x_wconf 88' lang='lat' dir='ltr'>humido</span> <span class='ocrx_word' id='word_1_246' title='bbox 1401 3213 1604 3284; x_wconf 86' lang='lat' dir='ltr'>spiritu</span> <span class='ocrx_word' id='word_1_247' title='bbox 1648 3215 1958 3269; x_wconf 70' lang='lat' dir='ltr'>Ineundms.</span> <span class='ocrx_word' id='word_1_248' title='bbox 2046 3214 2273 3268; x_wconf 75' lang='lat' dir='ltr'>‘Vitiosi</span> <span class='ocrx_word' id='word_1_249' title='bbox 2319 3219 2451 3268; x_wconf 80' lang='lat' dir='ltr'>sunt</span> <span class='ocrx_word' id='word_1_250' title='bbox 2504 3215 2607 3269; x_wconf 82' lang='lat' dir='ltr'>hac</span> 
     </span>
     <span class='ocr_line' id='line_1_27' title="bbox 306 3303 2607 3372; baseline -0.001 -13"><span class='ocrx_word' id='word_1_251' title='bbox 306 3309 462 3372; x_wconf 69' lang='lat' dir='ltr'>pane</span> <span class='ocrx_word' id='word_1_252' title='bbox 498 3305 725 3372; x_wconf 78' lang='lat' dir='ltr'>antiqui</span> <span class='ocrx_word' id='word_1_253' title='bbox 761 3303 992 3371; x_wconf 83' lang='lat' dir='ltr'>codices,</span> <span class='ocrx_word' id='word_1_254' title='bbox 1040 3304 1336 3359; x_wconf 81' lang='lat' dir='ltr'>communis</span> <span class='ocrx_word' id='word_1_255' title='bbox 1374 3305 1527 3358; x_wconf 80' lang='lat' dir='ltr'>lectio</span> <span class='ocrx_word' id='word_1_256' title='bbox 1564 3310 1785 3372; x_wconf 82' lang='lat' dir='ltr'>aperta,</span> <span class='ocrx_word' id='word_1_257' title='bbox 1832 3306 1882 3358; x_wconf 80' lang='lat' dir='ltr'>si</span> <span class='ocrx_word' id='word_1_258' title='bbox 1916 3305 2072 3359; x_wconf 83' lang='lat' dir='ltr'>modo</span> <span class='ocrx_word' id='word_1_259' title='bbox 2109 3305 2211 3358; x_wconf 81' lang='lat' dir='ltr'>illa</span> <span class='ocrx_word' id='word_1_260' title='bbox 2246 3319 2381 3358; x_wconf 79' lang='lat' dir='ltr'>uera</span> <span class='ocrx_word' id='word_1_261' title='bbox 2417 3309 2519 3370; x_wconf 83' lang='lat' dir='ltr'>est,</span> <span class='ocrx_word' id='word_1_262' title='bbox 2557 3308 2607 3357; x_wconf 82' lang='lat' dir='ltr'>et</span> 
     </span>
     <span class='ocr_line' id='line_1_28' title="bbox 307 3390 2607 3461; baseline 0 -15"><span class='ocrx_word' id='word_1_263' title='bbox 307 3409 416 3446; x_wconf 83' lang='lat' dir='ltr'>non</span> <span class='ocrx_word' id='word_1_264' title='bbox 460 3393 532 3447; x_wconf 87' lang='lat' dir='ltr'>ab</span> <span class='ocrx_word' id='word_1_265' title='bbox 582 3393 770 3461; x_wconf 78' lang='lat' dir='ltr'>aliquo</span> <span class='ocrx_word' id='word_1_266' title='bbox 816 3397 1109 3448; x_wconf 82' lang='lat' dir='ltr'>correctore</span> <span class='ocrx_word' id='word_1_267' title='bbox 1153 3393 1521 3459; x_wconf 80' lang='lat' dir='ltr'>conformata.-</span> <span class='ocrx_word' id='word_1_268' title='bbox 1568 3390 1677 3456; x_wconf 87' lang='lat' dir='ltr'>Qui</span> <span class='ocrx_word' id='word_1_269' title='bbox 1724 3391 1773 3446; x_wconf 90' lang='lat' dir='ltr'>si</span> <span class='ocrx_word' id='word_1_270' title='bbox 1819 3409 1848 3446; x_wconf 89' lang='lat' dir='ltr'>e</span> <span class='ocrx_word' id='word_1_271' title='bbox 1895 3393 2086 3446; x_wconf 86' lang='lat' dir='ltr'>labore</span> <span class='ocrx_word' id='word_1_272' title='bbox 2135 3392 2345 3447; x_wconf 86' lang='lat' dir='ltr'>febrem</span> <span class='ocrx_word' id='word_1_273' title='bbox 2393 3393 2607 3447; x_wconf 87' lang='lat' dir='ltr'>habent</span> 
     </span>
     <span class='ocr_line' id='line_1_29' title="bbox 307 3479 2606 3557; baseline 0 -23"><span class='ocrx_word' id='word_1_274' title='bbox 307 3481 639 3551; x_wconf 85' lang='lat' dir='ltr'>adapertum</span> <span class='ocrx_word' id='word_1_275' title='bbox 685 3479 916 3557; x_wconf 89' lang='lat' dir='ltr'>humido</span> <span class='ocrx_word' id='word_1_276' title='bbox 956 3481 1185 3550; x_wconf 87' lang='lat' dir='ltr'>spiritu,</span> <span class='ocrx_word' id='word_1_277' title='bbox 1235 3480 1359 3535; x_wconf 58' lang='lat' dir='ltr'>ete)</span> <span class='ocrx_word' id='word_1_278' title='bbox 1405 3480 1684 3535; x_wconf 76' lang='lat' dir='ltr'>Victorius</span> <span class='ocrx_word' id='word_1_279' title='bbox 1826 3481 1924 3548; x_wconf 90' lang='lat' dir='ltr'>qui</span> <span class='ocrx_word' id='word_1_280' title='bbox 1961 3480 2008 3534; x_wconf 90' lang='lat' dir='ltr'>si</span> <span class='ocrx_word' id='word_1_281' title='bbox 2047 3497 2076 3534; x_wconf 90' lang='lat' dir='ltr'>e</span> <span class='ocrx_word' id='word_1_282' title='bbox 2121 3480 2315 3536; x_wconf 87' lang='lat' dir='ltr'>labore</span> <span class='ocrx_word' id='word_1_283' title='bbox 2350 3481 2471 3535; x_wconf 91' lang='lat' dir='ltr'>AB</span> <span class='ocrx_word' id='word_1_284' title='bbox 2510 3481 2606 3550; x_wconf 88' lang='lat' dir='ltr'>qui</span> 
     </span>
     <span class='ocr_line' id='line_1_30' title="bbox 305 3567 2604 3638; baseline 0 -16"><span class='ocrx_word' id='word_1_285' title='bbox 305 3567 350 3622; x_wconf 87' lang='lat' dir='ltr'>si</span> <span class='ocrx_word' id='word_1_286' title='bbox 403 3569 600 3624; x_wconf 85' lang='lat' dir='ltr'>labore</span> <span class='ocrx_word' id='word_1_287' title='bbox 649 3569 706 3623; x_wconf 91' lang='lat' dir='ltr'><strong><em>P</em></strong></span> <span class='ocrx_word' id='word_1_288' title='bbox 754 3569 850 3638; x_wconf 89' lang='lat' dir='ltr'>qui</span> <span class='ocrx_word' id='word_1_289' title='bbox 907 3569 1025 3624; x_wconf 86' lang='lat' dir='ltr'>sine</span> <span class='ocrx_word' id='word_1_290' title='bbox 1080 3570 1269 3625; x_wconf 84' lang='lat' dir='ltr'>labore</span> <span class='ocrx_word' id='word_1_291' title='bbox 1316 3587 1348 3624; x_wconf 86' lang='lat' dir='ltr'><em>v</em></span> <span class='ocrx_word' id='word_1_292' title='bbox 1531 3575 1562 3623; x_wconf 87' lang='lat'><strong>6</strong></span> <span class='ocrx_word' id='word_1_293' title='bbox 1620 3585 1683 3622; x_wconf 88' lang='lat' dir='ltr'>os</span> <span class='ocrx_word' id='word_1_294' title='bbox 1728 3585 1829 3624; x_wconf 89' lang='lat' dir='ltr'>om.</span> <span class='ocrx_word' id='word_1_295' title='bbox 1890 3568 2066 3622; x_wconf 85' lang='lat' dir='ltr'>VAB</span> <span class='ocrx_word' id='word_1_296' title='bbox 2247 3568 2436 3624; x_wconf 87' lang='lat' dir='ltr'>umido</span> <span class='ocrx_word' id='word_1_297' title='bbox 2488 3570 2604 3623; x_wconf 89' lang='lat' dir='ltr'>PA</span> 
     </span>
     <span class='ocr_line' id='line_1_31' title="bbox 304 3657 2603 3727; baseline -0 -15"><span class='ocrx_word' id='word_1_298' title='bbox 304 3657 533 3712; x_wconf 90' lang='lat' dir='ltr'>humido</span> <span class='ocrx_word' id='word_1_299' title='bbox 580 3658 679 3712; x_wconf 87' lang='lat' dir='ltr'>Bv</span> <span class='ocrx_word' id='word_1_300' title='bbox 873 3664 902 3713; x_wconf 76' lang='lat'><strong>7</strong></span> <span class='ocrx_word' id='word_1_301' title='bbox 959 3659 1188 3713; x_wconf 80' lang='lat' dir='ltr'>morbus</span> <span class='ocrx_word' id='word_1_302' title='bbox 1242 3660 1306 3712; x_wconf 84' lang='lat' dir='ltr'>in</span> <span class='ocrx_word' id='word_1_303' title='bbox 1358 3659 1466 3725; x_wconf 76' lang='lat' dir='ltr'>fine</span> <span class='ocrx_word' id='word_1_304' title='bbox 1511 3658 1759 3727; x_wconf 71' lang='lat' dir='ltr'>payinae</span> <span class='ocrx_word' id='word_1_305' title='bbox 1812 3673 1914 3711; x_wconf 86' lang='lat' dir='ltr'>om.</span> <span class='ocrx_word' id='word_1_306' title='bbox 1973 3657 2039 3726; x_wconf 91' lang='lat' dir='ltr'>V,</span> <span class='ocrx_word' id='word_1_307' title='bbox 2095 3659 2221 3713; x_wconf 81' lang='lat' dir='ltr'>add.</span> <span class='ocrx_word' id='word_1_308' title='bbox 2272 3657 2390 3711; x_wconf 90' lang='lat' dir='ltr'>AB</span> <span class='ocrx_word' id='word_1_309' title='bbox 2569 3662 2603 3711; x_wconf 88' lang='lat'>8</span> 
     </span>
     <span class='ocr_line' id='line_1_32' title="bbox 306 3745 2602 3813; baseline -0.001 -12"><span class='ocrx_word' id='word_1_310' title='bbox 306 3747 428 3802; x_wconf 87' lang='lat' dir='ltr'>cibo</span> <span class='ocrx_word' id='word_1_311' title='bbox 476 3747 589 3801; x_wconf 87' lang='lat' dir='ltr'>VB</span> <span class='ocrx_word' id='word_1_312' title='bbox 626 3745 745 3813; x_wconf 87' lang='lat' dir='ltr'>cib;</span> <span class='ocrx_word' id='word_1_313' title='bbox 785 3747 841 3802; x_wconf 96' lang='lat' dir='ltr'><strong><em>A</em></strong></span> <span class='ocrx_word' id='word_1_314' title='bbox 877 3746 1034 3801; x_wconf 82' lang='lat' dir='ltr'>cibus</span> <span class='ocrx_word' id='word_1_315' title='bbox 1070 3765 1123 3801; x_wconf 90' lang='lat' dir='ltr'>m</span> <span class='ocrx_word' id='word_1_316' title='bbox 1252 3753 1283 3801; x_wconf 87' lang='lat'>9</span> <span class='ocrx_word' id='word_1_317' title='bbox 1322 3746 1568 3800; x_wconf 86' lang='lat' dir='ltr'>iniieitur</span> <span class='ocrx_word' id='word_1_318' title='bbox 1616 3747 1664 3798; x_wconf 89' lang='lat' dir='ltr'><strong><em>V</em></strong></span> <span class='ocrx_word' id='word_1_319' title='bbox 1803 3745 1995 3800; x_wconf 86' lang='lat' dir='ltr'>laedat</span> <span class='ocrx_word' id='word_1_320' title='bbox 2041 3746 2277 3801; x_wconf 75' lang='lat' dir='ltr'>Ursinus</span> <span class='ocrx_word' id='word_1_321' title='bbox 2314 3746 2513 3800; x_wconf 83' lang='lat' dir='ltr'>caedat</span> <span class='ocrx_word' id='word_1_322' title='bbox 2547 3746 2602 3799; x_wconf 90' lang='lat' dir='ltr'><em>B</em></span> 
     </span>
     <span class='ocr_line' id='line_1_33' title="bbox 307 3833 2422 3890; baseline -0.001 0"><span class='ocrx_word' id='word_1_323' title='bbox 307 3835 470 3890; x_wconf 86' lang='lat' dir='ltr'>cedat</span> <span class='ocrx_word' id='word_1_324' title='bbox 527 3835 640 3890; x_wconf 93' lang='lat' dir='ltr'>VA</span> <span class='ocrx_word' id='word_1_325' title='bbox 822 3835 1043 3890; x_wconf 81' lang='lat' dir='ltr'>sicienti</span> <span class='ocrx_word' id='word_1_326' title='bbox 1088 3836 1143 3889; x_wconf 89' lang='lat' dir='ltr'><strong><em>A</em></strong></span> <span class='ocrx_word' id='word_1_327' title='bbox 1328 3841 1393 3889; x_wconf 91' lang='grc'>10</span> <span class='ocrx_word' id='word_1_328' title='bbox 1441 3833 1759 3889; x_wconf 76' lang='lat' dir='ltr'>demittitur</span> <span class='ocrx_word' id='word_1_329' title='bbox 1807 3834 1982 3888; x_wconf 86' lang='lat' dir='ltr'>VBm</span> <span class='ocrx_word' id='word_1_330' title='bbox 2030 3833 2331 3889; x_wconf 77' lang='lat' dir='ltr'>dimittitur</span> <span class='ocrx_word' id='word_1_331' title='bbox 2369 3838 2422 3888; x_wconf 91' lang='lat' dir='ltr'><strong><em>A</em></strong></span> 
     </span>
     <span class='ocr_line' id='line_1_34' title="bbox 308 3923 2601 3994; baseline 0.001 -18"><span class='ocrx_word' id='word_1_332' title='bbox 308 3924 532 3994; x_wconf 81' lang='lat' dir='ltr'>sanguis</span> <span class='ocrx_word' id='word_1_333' title='bbox 589 3923 830 3978; x_wconf 78' lang='lat' dir='ltr'>maxime</span> <span class='ocrx_word' id='word_1_334' title='bbox 877 3942 907 3979; x_wconf 90' lang='lat' dir='ltr'>e</span> <span class='ocrx_word' id='word_1_335' title='bbox 964 3924 1150 3994; x_wconf 87' lang='lat' dir='ltr'>capite</span> <span class='ocrx_word' id='word_1_336' title='bbox 1197 3924 1251 3977; x_wconf 91' lang='lat' dir='ltr'><strong><em>B</em></strong></span> <span class='ocrx_word' id='word_1_337' title='bbox 1308 3924 1534 3994; x_wconf 85' lang='lat' dir='ltr'>sanguis</span> <span class='ocrx_word' id='word_1_338' title='bbox 1583 3940 1653 3978; x_wconf 84' lang='lat' dir='ltr'>ea</span> <span class='ocrx_word' id='word_1_339' title='bbox 1689 3924 1873 3992; x_wconf 85' lang='lat' dir='ltr'>eapite</span> <span class='ocrx_word' id='word_1_340' title='bbox 1921 3924 2160 3978; x_wconf 85' lang='lat' dir='ltr'>maxime</span> <span class='ocrx_word' id='word_1_341' title='bbox 2209 3941 2275 3978; x_wconf 84' lang='lat' dir='ltr'>ea</span> <span class='ocrx_word' id='word_1_342' title='bbox 2321 3923 2507 3993; x_wconf 84' lang='lat' dir='ltr'>capite</span> <span class='ocrx_word' id='word_1_343' title='bbox 2546 3926 2601 3979; x_wconf 95' lang='lat' dir='ltr'><strong><em>A</em></strong></span> 
     </span>
     <span class='ocr_line' id='line_1_35' title="bbox 308 4010 2601 4085; baseline 0 -19"><span class='ocrx_word' id='word_1_344' title='bbox 308 4010 531 4081; x_wconf 84' lang='lat' dir='ltr'>sanguis</span> <span class='ocrx_word' id='word_1_345' title='bbox 580 4012 820 4067; x_wconf 82' lang='lat' dir='ltr'>maxime</span> <span class='ocrx_word' id='word_1_346' title='bbox 868 4029 902 4066; x_wconf 88' lang='lat' dir='ltr'>a</span> <span class='ocrx_word' id='word_1_347' title='bbox 950 4013 1133 4082; x_wconf 85' lang='lat' dir='ltr'>eapite</span> <span class='ocrx_word' id='word_1_348' title='bbox 1179 4012 1232 4066; x_wconf 88' lang='lat' dir='ltr'><strong><em>V</em></strong></span> <span class='ocrx_word' id='word_1_349' title='bbox 1372 4019 1440 4066; x_wconf 88' lang='lat'>14</span> <span class='ocrx_word' id='word_1_350' title='bbox 1476 4014 1612 4081; x_wconf 87' lang='lat' dir='ltr'>quot</span> <span class='ocrx_word' id='word_1_351' title='bbox 1648 4027 1847 4081; x_wconf 85' lang='lat' dir='ltr'>greges</span> <span class='ocrx_word' id='word_1_352' title='bbox 1885 4013 1981 4066; x_wconf 85' lang='lat' dir='ltr'>Bv</span> <span class='ocrx_word' id='word_1_353' title='bbox 2018 4012 2168 4080; x_wconf 87' lang='lat' dir='ltr'>quod</span> <span class='ocrx_word' id='word_1_354' title='bbox 2206 4028 2404 4082; x_wconf 83' lang='lat' dir='ltr'>greges</span> <span class='ocrx_word' id='word_1_355' title='bbox 2447 4014 2501 4066; x_wconf 93' lang='lat' dir='ltr'><strong><em>P</em></strong></span> <span class='ocrx_word' id='word_1_356' title='bbox 2535 4017 2601 4085; x_wconf 61' lang='lat' dir='ltr'>qt</span> 
     </span>
     <span class='ocr_line' id='line_1_36' title="bbox 310 4101 2600 4171; baseline 0.001 -16"><span class='ocrx_word' id='word_1_357' title='bbox 310 4103 372 4169; x_wconf 76' lang='lat' dir='ltr'>(h.</span> <span class='ocrx_word' id='word_1_358' title='bbox 411 4118 451 4155; x_wconf 86' lang='lat' dir='ltr'>e.</span> <span class='ocrx_word' id='word_1_359' title='bbox 492 4101 647 4170; x_wconf 87' lang='lat' dir='ltr'>quod</span> <span class='ocrx_word' id='word_1_360' title='bbox 683 4117 821 4156; x_wconf 82' lang='lat' dir='ltr'>corr.</span> <span class='ocrx_word' id='word_1_361' title='bbox 862 4104 1020 4170; x_wconf 89' lang='lat' dir='ltr'>quot)</span> <span class='ocrx_word' id='word_1_362' title='bbox 1057 4117 1257 4171; x_wconf 84' lang='lat' dir='ltr'>greges</span> <span class='ocrx_word' id='word_1_363' title='bbox 1295 4103 1349 4154; x_wconf 94' lang='lat' dir='ltr'><strong><em>A</em></strong></span> <span class='ocrx_word' id='word_1_364' title='bbox 1498 4106 1563 4154; x_wconf 86' lang='lat'>15</span> <span class='ocrx_word' id='word_1_365' title='bbox 1604 4102 1840 4170; x_wconf 89' lang='lat' dir='ltr'>quantos</span> <span class='ocrx_word' id='word_1_366' title='bbox 1891 4101 2127 4156; x_wconf 76' lang='lat' dir='ltr'>Ursinus</span> <span class='ocrx_word' id='word_1_367' title='bbox 2163 4103 2371 4170; x_wconf 87' lang='lat' dir='ltr'>quanto</span> <span class='ocrx_word' id='word_1_368' title='bbox 2422 4101 2600 4157; x_wconf 90' lang='lat' dir='ltr'>VAB</span> 
     </span>
    </p>
   </div>
   <div class='ocr_carea' id='block_1_5' title="bbox 309 4189 2599 4651">
    <p class='ocr_par' dir='ltr' id='par_1_9' title="bbox 442 4189 2596 4295">
     <span class='ocr_line' id='line_1_37' title="bbox 442 4189 2596 4295; baseline -0 -15"><span class='ocrx_word' id='word_1_369' title='bbox 442 4189 649 4280; x_wconf 67' lang='lat' dir='ltr'>saltu‘sle</span> <span class='ocrx_word' id='word_1_370' title='bbox 660 4224 775 4279; x_wconf 86' lang='lat' dir='ltr'>sint</span> <span class='ocrx_word' id='word_1_371' title='bbox 810 4226 864 4279; x_wconf 91' lang='lat' dir='ltr'><strong><em>B</em></strong></span> <span class='ocrx_word' id='word_1_372' title='bbox 1008 4228 1303 4295; x_wconf 85' lang='lat' dir='ltr'>supersunt</span> <span class='ocrx_word' id='word_1_373' title='bbox 1339 4227 1394 4279; x_wconf 93' lang='lat' dir='ltr'><strong><em>A</em></strong></span> <span class='ocrx_word' id='word_1_374' title='bbox 1543 4232 1608 4280; x_wconf 84' lang='lat'>16</span> <span class='ocrx_word' id='word_1_375' title='bbox 1654 4227 1948 4294; x_wconf 84' lang='lat' dir='ltr'>praeterea</span> <span class='ocrx_word' id='word_1_376' title='bbox 1997 4225 2107 4278; x_wconf 87' lang='lat' dir='ltr'>VB</span> <span class='ocrx_word' id='word_1_377' title='bbox 2143 4225 2442 4293; x_wconf 85' lang='lat' dir='ltr'>propterea</span> <span class='ocrx_word' id='word_1_378' title='bbox 2479 4225 2596 4279; x_wconf 88' lang='lat' dir='ltr'>Am</span> 
     </span>
    </p>

    <p class='ocr_par' dir='ltr' id='par_1_10' title="bbox 309 4312 2599 4651">
     <span class='ocr_line' id='line_1_38' title="bbox 445 4312 2595 4384; baseline 0 -17"><span class='ocrx_word' id='word_1_379' title='bbox 445 4318 509 4367; x_wconf 76' lang='lat'>17</span> <span class='ocrx_word' id='word_1_380' title='bbox 540 4313 815 4368; x_wconf 85' lang='lat' dir='ltr'>foeminas</span> <span class='ocrx_word' id='word_1_381' title='bbox 843 4313 896 4367; x_wconf 87' lang='lat' dir='ltr'><strong><em>V</em></strong></span> <span class='ocrx_word' id='word_1_382' title='bbox 994 4316 1228 4383; x_wconf 85' lang='lat' dir='ltr'>possunt</span> <span class='ocrx_word' id='word_1_383' title='bbox 1247 4314 1367 4367; x_wconf 90' lang='lat' dir='ltr'>AB</span> <span class='ocrx_word' id='word_1_384' title='bbox 1403 4314 1679 4369; x_wconf 78' lang='lat' dir='ltr'>Victorius</span> <span class='ocrx_word' id='word_1_385' title='bbox 1695 4312 1914 4384; x_wconf 88' lang='lat' dir='ltr'>possint</span> <span class='ocrx_word' id='word_1_386' title='bbox 1941 4313 1993 4365; x_wconf 96' lang='lat' dir='ltr'><strong><em>V</em></strong></span> <span class='ocrx_word' id='word_1_387' title='bbox 2085 4314 2222 4382; x_wconf 89' lang='lat' dir='ltr'>quot</span> <span class='ocrx_word' id='word_1_388' title='bbox 2249 4313 2451 4368; x_wconf 90' lang='lat' dir='ltr'>arietes</span> <span class='ocrx_word' id='word_1_389' title='bbox 2483 4314 2595 4368; x_wconf 91' lang='lat' dir='ltr'>VB</span> 
     </span>
     <span class='ocr_line' id='line_1_39' title="bbox 309 4401 2599 4471; baseline 0 -15"><span class='ocrx_word' id='word_1_390' title='bbox 309 4402 448 4471; x_wconf 88' lang='lat' dir='ltr'>quod</span> <span class='ocrx_word' id='word_1_391' title='bbox 476 4401 686 4456; x_wconf 86' lang='lat' dir='ltr'>arietes</span> <span class='ocrx_word' id='word_1_392' title='bbox 716 4403 771 4456; x_wconf 88' lang='lat' dir='ltr'><strong><em>A</em></strong></span> <span class='ocrx_word' id='word_1_393' title='bbox 872 4403 1010 4470; x_wconf 92' lang='lat' dir='ltr'>quot</span> <span class='ocrx_word' id='word_1_394' title='bbox 1034 4402 1324 4471; x_wconf 88' lang='lat' dir='ltr'>utriusque</span> <span class='ocrx_word' id='word_1_395' title='bbox 1353 4403 1447 4457; x_wconf 88' lang='lat' dir='ltr'>Bv</span> <span class='ocrx_word' id='word_1_396' title='bbox 1476 4403 1628 4470; x_wconf 89' lang='lat' dir='ltr'>quod</span> <span class='ocrx_word' id='word_1_397' title='bbox 1654 4402 1944 4469; x_wconf 88' lang='lat' dir='ltr'>utriusque</span> <span class='ocrx_word' id='word_1_398' title='bbox 1975 4402 2089 4455; x_wconf 91' lang='lat' dir='ltr'>PA</span> <span class='ocrx_word' id='word_1_399' title='bbox 2193 4406 2257 4454; x_wconf 89' lang='lat'>18</span> <span class='ocrx_word' id='word_1_400' title='bbox 2287 4402 2509 4457; x_wconf 88' lang='lat' dir='ltr'>suboles</span> <span class='ocrx_word' id='word_1_401' title='bbox 2542 4404 2599 4456; x_wconf 92' lang='lat' dir='ltr'><strong><em>P</em></strong></span> 
     </span>
     <span class='ocr_line' id='line_1_40' title="bbox 310 4490 2595 4563; baseline 0.001 -19"><span class='ocrx_word' id='word_1_402' title='bbox 310 4490 518 4546; x_wconf 80' lang='lat' dir='ltr'>soboles</span> <span class='ocrx_word' id='word_1_403' title='bbox 544 4490 710 4545; x_wconf 87' lang='lat' dir='ltr'>ABv</span> <span class='ocrx_word' id='word_1_404' title='bbox 853 4493 991 4558; x_wconf 86' lang='lat' dir='ltr'>quot</span> <span class='ocrx_word' id='word_1_405' title='bbox 1025 4491 1290 4545; x_wconf 86' lang='lat' dir='ltr'>reiioulae</span> <span class='ocrx_word' id='word_1_406' title='bbox 1326 4508 1359 4545; x_wconf 83' lang='lat' dir='ltr'><strong><em>v</em></strong></span> <span class='ocrx_word' id='word_1_407' title='bbox 1394 4490 1546 4559; x_wconf 84' lang='lat' dir='ltr'>quod</span> <span class='ocrx_word' id='word_1_408' title='bbox 1583 4492 1748 4563; x_wconf 68' lang='lat' dir='ltr'>epule</span> <span class='ocrx_word' id='word_1_409' title='bbox 1782 4490 1895 4542; x_wconf 91' lang='lat' dir='ltr'>PA</span> <span class='ocrx_word' id='word_1_410' title='bbox 1934 4492 2072 4556; x_wconf 88' lang='lat' dir='ltr'>quot</span> <span class='ocrx_word' id='word_1_411' title='bbox 2107 4490 2305 4559; x_wconf 80' lang='lat' dir='ltr'>epulae</span> <span class='ocrx_word' id='word_1_412' title='bbox 2340 4490 2412 4545; x_wconf 91' lang='lat' dir='ltr'>B.</span> <span class='ocrx_word' id='word_1_413' title='bbox 2492 4492 2595 4548; x_wconf 75' lang='lat' dir='ltr'>‘In</span> 
     </span>
     <span class='ocr_line' id='line_1_41' title="bbox 312 4577 2310 4651; baseline 0.001 -17"><span class='ocrx_word' id='word_1_414' title='bbox 312 4581 514 4636; x_wconf 77' lang='lat' dir='ltr'>cunctis</span> <span class='ocrx_word' id='word_1_415' title='bbox 548 4594 725 4634; x_wconf 79' lang='lat' dir='ltr'>manu</span> <span class='ocrx_word' id='word_1_416' title='bbox 761 4580 983 4649; x_wconf 78' lang='lat' dir='ltr'>scriptis</span> <span class='ocrx_word' id='word_1_417' title='bbox 1019 4577 1168 4643; x_wconf 84' lang='lat' dir='ltr'>Quot</span> <span class='ocrx_word' id='word_1_418' title='bbox 1203 4581 1428 4651; x_wconf 84' lang='lat' dir='ltr'>epulae,</span> <span class='ocrx_word' id='word_1_419' title='bbox 1465 4581 1732 4649; x_wconf 76' lang='lat' dir='ltr'>seriptum</span> <span class='ocrx_word' id='word_1_420' title='bbox 1767 4578 1979 4634; x_wconf 79' lang='lat' dir='ltr'>inueni&#39;</span> <span class='ocrx_word' id='word_1_421' title='bbox 2035 4578 2310 4636; x_wconf 74' lang='lat' dir='ltr'>Victorius</span> 
     </span>
    </p>
   </div>
  </div>
 </body>
</html>
