3178 5185
611 415 738 479 142
1289 424 1670 480 ΟΟΜΜΕΝΤ.
1708 426 1789 478 IN
1826 423 2202 479 VARRONIS

613 582 779 640 stitui
841 599 1013 658 posse
1070 580 1208 640 olim
1237 598 1240 601 “
1270 582 1525 658 conieci,
1588 588 2017 641 remanserunt
2070 584 2132 640 in
2190 585 2386 642 volvi&
2463 599 2601 642 nam
2664 564 2880 642 Graeci

603 686 957 762 folliculum,
998 690 1060 747 in
1091 705 1205 761 quo
1237 691 1460 748 inclusi
1492 690 1752 748 haerent
1779 691 1840 748 in
1872 691 2054 748 volvis
2084 691 2324 770 intimiS,
2363 699 2582 750 vocant
2619 692 2875 749 chorion.

608 791 865 875 χορίον,
900 812 930 854 a
971 812 1088 872 quo
1128 793 1372 855 latinum
1415 813 1627 855 nomen
1669 798 1894 855 cordus
1933 793 2115 855 Varro
2155 796 2499 857 derivatum.
2523 816 2654 857 esse
2688 796 2878 877 voluit,

612 901 750 980 quid
812 904 912 983 sit,
974 901 1147 960 docet
1206 901 1554 962 Aristoteles
1600 902 1737 961 hist.
1777 903 1953 963 anim.
1991 900 2064 960 VI
2105 900 2205 984 10,
2236 899 2321 963 58
2377 903 2612 986 χορίον
2662 897 2732 964 δὲ
2777 898 2879 964 καὶ

608 1000 844 1089 ὑμένες
900 1006 1068 1069 ἴδιοι
1112 1002 1262 1086 περὶ
1319 1003 1596 1070 ἕκαστον
1652 1007 1957 1088 γίνονται
2003 1013 2139 1070 τῶν
2187 1004 2526 1091 ἐμβρύων,
2584 1005 2879 1090 καθάπερ

612 1110 716 1177 ἐπὶ
763 1112 896 1178 τῶν
942 1108 1384 1197 τετραπόδων.

789 1220 876 1285 20
939 1223 1187 1283 Tertia
1228 1241 1340 1283 res
1380 1233 1489 1284 est
1528 1225 1897 1284 nutricatu
1940 1241 2070 1302 qua
2109 1210 2495 1285 adseruari
2532 1224 2882 1305 oporteat]

615 1334 959 1392 Adseruari
1003 1348 1074 1390 ex
1122 1330 1439 1411 archetypo
1479 1330 1805 1391 Politianus
1844 1330 2156 1410 adnotavit,
2203 1334 2530 1393 obseruari
2563 1332 2884 1412 apographa

614 1440 827 1519 omnia,
892 1440 1075 1501 tertia
1114 1456 1213 1498 res
1250 1445 1337 1498 est
1375 1440 1451 1498 de
1478 1441 1792 1499 nutricatu
1833 1440 1983 1512 quid
2008 1440 2333 1518 obseruari
2368 1445 2646 1515 oporteat
2683 1437 2884 1497 lucun-

616 1545 745 1607 dus.
819 1548 1001 1605 tertia
1048 1564 1148 1605 res
1195 1554 1284 1604 est
1328 1548 1389 1604 in
1437 1548 1751 1605 nutricatu
1792 1563 1950 1619 quae
1986 1547 2304 1606 observari
2338 1552 2616 1620 oporteat
2652 1547 2885 1623 scripsi:

613 1651 884 1712 similiter
940 1670 1118 1731 supra
1177 1651 1246 1711 de
1309 1652 1498 1712 fetura
1559 1656 1763 1713 altera
1815 1670 1968 1728 pars
2032 1659 2121 1711 est
2180 1655 2240 1712 in
2292 1651 2506 1727 fetura
2566 1671 2724 1727 quae
2775 1656 2885 1712 sint

612 1761 1008 1820 observanda.
1076 1761 1411 1819 accuratius
1441 1767 1636 1818 autem
1669 1767 1796 1818 erat
1842 1762 2029 1819 tertia
2060 1777 2213 1835 pars
2251 1765 2354 1834 est,
2403 1777 2758 1839 quamquam
2795 1778 2887 1819 res

612 1884 720 1944 pro
768 1875 934 1944 parte
984 1864 1204 1925 dictum
1256 1873 1347 1925 est
1392 1864 1444 1924 11
1482 1862 1543 1941 2,
1576 1863 1612 1926 7
1665 1867 1739 1926 de
1786 1868 1996 1925 alteris
2043 1872 2331 1940 quattuor
2383 1868 2566 1926 rebus
2614 1869 2888 1941 deinceps

613 1976 830 2033 dicam.

789 2079 834 2138 E
884 2081 1043 2159 quis
1092 2081 1425 2158 quoniam
1473 2081 1634 2159 pori
1680 2089 1850 2140 sunt
1907 2079 1986 2140 ad
2034 2080 2482 2141 sacrificium
2538 2087 2614 2140 ut
2661 2081 2890 2139 immo-

611 2187 856 2248 lentur
903 2186 1069 2247 olim
1119 2185 1463 2264 appellati
1511 2184 1790 2263 sacres]
1870 2188 2056 2260 Quom
2095 2190 2250 2262 puri
2291 2185 2569 2262 UrsinuS,
2626 2191 2736 2265 qui
2779 2191 2889 2247 iam

606 2298 758 2371 puri
822 2312 892 2353 ex
949 2292 1312 2370 Hervagiana
1380 2292 1639 2353 editione
1697 2292 1998 2354 Gesnerus
2064 2293 2388 2374 adnotavit,
2454 2293 2612 2372 quod
2680 2296 2888 2371 recepi.

616 2420 749 2461 nam
798 2399 1201 2476 quoniam-de
1249 2408 1515 2479 tempore
1571 2401 1798 2461 dictum
1846 2399 2095 2461 Varroni
2149 2399 2533 2461 tribuendum
2592 2419 2723 2461 esse
2779 2418 2889 2460 non

614 2516 787 2591 puto,
848 2526 1040 2587 neque
1097 2505 1166 2566 ad
1224 2506 1374 2566 hanc
1437 2506 1759 2567 verborum·
1810 2509 2297 2587 compositionem
2364 2516 2564 2587 aptum
2637 2516 2744 2569 est.
2825 2526 2887 2566 ex

615 2617 812 2692 porcis
871 2616 913 2675 ii
970 2617 1071 2694 qui
1128 2616 1243 2675 iam
1300 2614 1371 2675 ad
1432 2616 1790 2675 sacrificium
1845 2618 1982 2695 puri
2040 2624 2206 2695 sunt,
2271 2624 2338 2675 ut
2400 2615 2670 2675 inmolari
2738 2626 2888 2675 recte

615 2724 845 2801 possint
892 2715 1057 2804 (nam
1107 2724 1188 2783 ita
1239 2721 1416 2782 verba
1465 2723 1876 2802 coniungenda
1932 2716 2119 2805 sunt),
2175 2722 2313 2783 olim
2372 2742 2571 2784 sacres
2628 2722 2890 2802 appellati

617 2838 774 2889 sunt.
855 2847 1032 2907 prava
1101 2838 1298 2889 autem
1363 2831 1856 2910 interpretatione
1913 2828 2210 2889 Prellerus
2278 2829 2516 2909 mythol.
2564 2829 2731 2890 Rom.
2778 2828 2889 2889 v.l

616 2955 669 3015 p.
707 2932 835 2996 421
887 2955 942 2996 n.
982 2934 1022 2997 3
1079 2955 1226 2997 usus
1284 2944 1400 3017 est,
1465 2955 1602 2998 cum
1659 2955 1731 2996 ex
1787 2936 2019 2997 duobus
2079 2935 2382 2997 mensibus
2443 2955 2659 3015 porcos
2718 2955 2888 3016 puros

618 3062 748 3103 esse
807 3042 1060 3125 diceret,
1120 3046 1253 3123 quia
1304 3053 1429 3104 tum
1488 3044 1724 3105 demum
1773 3064 1803 3105 a
1862 3043 2149 3104 matribus
2208 3045 2691 3123 deiungerentur.
2766 3061 2888 3103 nam

619 3150 881 3212 definitio
930 3154 1217 3231 temporis
1264 3151 1375 3211 hoc
1423 3151 1552 3211 loco
1602 3151 1795 3212 addita
1844 3170 1960 3212 non
2000 3159 2107 3233 est,
2155 3151 2256 3212 sed
2306 3151 2377 3211 de
2425 3169 2494 3211 eo
2535 3150 2676 3230 quid
2718 3149 2888 3210 Varro

568 3261 574 3266 ”
619 3260 1089 3338 praescripserit,
1138 3267 1382 3338 apparet
1430 3277 1499 3318 ex
1548 3259 1640 3318 his
1698 3277 1847 3338 quae
1895 3258 1968 3319 de
2021 3258 2222 3319 eadem
2273 3277 2337 3318 re
2384 3261 2607 3336 scripta
2664 3267 2803 3318 sunt
2846 3257 2889 3316 ll

617 3360 678 3444 4,
713 3361 792 3424 16
847 3367 958 3439 'qui
1010 3383 1049 3424 a
1091 3373 1280 3441 partu
1330 3368 1559 3426 decimo
1609 3369 1707 3426 die
1744 3368 2047 3426 habentur
2086 3369 2238 3441 puri
2271 3375 2331 3426 et
2366 3368 2444 3426 ab
2482 3384 2552 3426 eo
2592 3369 2888 3441 appellan-

620 3478 723 3530 tur
771 3474 848 3531 ab
897 3475 1162 3546 antiquis
1199 3491 1426 3547 sacreS,
1475 3475 1639 3547 quod
1674 3480 1796 3533 tum
1835 3476 1921 3533 ad
1953 3476 2328 3545 sacrificium
2371 3476 2577 3533 idonei
2611 3476 2894 3534 dicuntur

612 3581 907 3654 primum:
962 3577 1135 3656 paulo
1193 3578 1362 3639 aliter
1416 3579 1644 3640 Plinius
1692 3575 1985 3641 v111206
2040 3582 2165 3639 suis
2215 3578 2379 3653 fetus
2432 3582 2744 3652 sacrificio
2804 3583 2895 3639 (lie

619 3689 825 3759 quinto
867 3704 1064 3761 purus
1121 3695 1223 3746 est.
1299 3704 1492 3765 neque
1541 3704 1740 3746 sacres
1797 3685 2146 3746 dicebantur
2200 3687 2367 3765 porci
2415 3688 2541 3764 qui·
2573 3705 2605 3745 a
2655 3704 2892 3746 mamma

620 3792 851 3871 depulsi
899 3800 1093 3873 erant,
1151 3793 1253 3853 sed
1302 3793 1615 3874 lactanteS‚
1672 3796 1772 3872 qui
1820 3795 1880 3853 in
1937 3791 2336 3873 piacularibus
2393 3794 2577 3852 sacris
2636 3792 2891 3853 adhiberi

621 3898 905 3960 solebant.

790 4004 875 4067 21
943 4006 1138 4078 Quod
1189 4006 1591 4067 morbosum
1641 4026 1862 4087 pecus
1911 4015 2019 4068 est
2067 4010 2408 4068 uitiosum
2456 4014 2530 4067 et
2570 4010 2888 4087 quoniam

623 4132 755 4175 non
795 4113 988 4175 ualet
1026 4133 1233 4193 saepe
1274 4132 1515 4192 magna
1554 4114 2006 4174 adficiuntur
2046 4113 2485 4191 calamitate]
2537 4116 2715 4188 Quod
2746 4133 2887 4176 mor·

622 4223 826 4281 bosam
883 4240 1074 4298 pecus
1131 4230 1190 4282 et
1250 4225 1549 4297 vitiosum,
1617 4230 1675 4282 et
1719 4225 1962 4297 quando
2028 4240 2149 4282 non
2203 4225 2386 4301 valet,
2441 4240 2625 4298 saepe
2681 4239 2889 4297 maana

620 4347 869 4404 qreqem
909 4328 1106 4404 afficit
1145 4332 1495 4390 calamitate
1524 4347 1596 4388 ex
1626 4328 1831 4388 Aldina
1861 4329 2118 4389 editione
2149 4337 2455 4407 receptum
2486 4337 2636 4390 erat.
2701 4328 2887 4389 arche·

628 4438 749 4514 typi
791 4439 1146 4514 scripturam
1186 4455 1216 4496 a
1247 4436 1505 4497 Victorio
1546 4436 1858 4496 indicatam
1902 4435 2162 4514 Scaliger
2202 4436 2459 4514 enallage
2500 4453 2887 4513 numerorum,

621 4560 806 4619 -quam
855 4542 1015 4622 dicit,
1063 4544 1325 4603 defendit
1366 4539 1598 4624 ‘pecuS,
1646 4545 1781 4622 quia
1824 4541 2183 4602 imbecillum
2230 4544 2405 4602 nimis
2454 4550 2544 4603 est
2583 4553 2644 4604 et
2681 4542 2887 4603 morbis
