3178 5185
845 394 1110 450 RERVM
1147 392 1625 448 RVSTICARVM
1662 394 1795 448 LIB.
1834 395 1883 447 Π
1926 392 1958 445 1
2429 392 2559 455 205

301 564 483 622 extitit
519 561 751 644 nullum,
800 569 869 622 ut
907 562 1160 622 credidit
1198 561 1563 641 Pythagoras
1605 561 1837 620 Samius
1876 567 1936 620 et
1975 559 2319 620 Aristoteles
2360 559 2559 637 Stage-

301 672 466 749 riteS‚
520 686 750 730 necesse
817 677 910 729 est
962 668 1252 729 humanae
1308 671 1461 729 vitae
1517 668 1589 728 ab
1648 686 1876 728 summa
1931 669 2214 727 memoria
2270 666 2557 745 gradatim

301 776 648 836 descendisse
695 776 769 835 ad
817 776 969 836 hanc
1016 782 1287 856 aetatem,
1334 782 1401 836 ut
1447 774 1659 835 scribit
1705 774 2116 850 DicaearchuS,
2164 782 2224 834 et
2263 770 2558 834 summum

299 883 524 961 gradum
581 884 762 943 fuisse
831 884 1187 964 naturalem,
1252 902 1387 944 cum
1452 884 1721 942 viverent
1776 882 2045 942 homines
2102 900 2174 941 ex
2229 883 2303 940 iis
2359 879 2559 959 rebuS,

251 1003 274 1042 5
300 1008 444 1068 quae
490 990 749 1050 inviolata
808 990 965 1051 ultro
1021 992 1206 1051 ferret
1259 998 1446 1050 terra:
1503 1007 1574 1048 ex
1628 988 1735 1049 hac
1770 991 1900 1048 ‘vita
1946 992 2007 1048 in
2055 987 2375 1048 secundam
2422 986 2612 1046 des-4

300 1097 547 1157 cendisse
605 1099 1011 1177 pastoriciam,
1079 1117 1110 1157 e
1177 1099 1321 1157 feris
1378 1105 1553 1175 atque
1611 1094 1944 1173 agrestibus
2001 1105 2067 1156 ut
2122 1093 2436 1155 arboribus
2492 1112 2559 1152 ac

298 1203 545 1281 virgultis
598 1203 720 1286 [ac]
780 1204 1154 1284 decarpendo
1211 1204 1509 1283 glandem,
1565 1201 1870 1283 arbutum,
1928 1221 2117 1283 mora,
2171 1220 2343 1281 poma
2400 1199 2558 1260 colli—

298 1318 488 1387 gerent
536 1312 601 1371 ad
658 1329 866 1391 usum,
931 1313 1018 1371 sic
1074 1329 1148 1370 ex
1203 1310 1554 1370 animalibus
1612 1328 1746 1370 cum
1803 1317 2048 1389 propter
2103 1308 2347 1369 eandem
2404 1307 2561 1367 utili-

299 1424 480 1496 tatem,
535 1435 682 1495 quae
740 1427 1011 1499 possent,
1069 1417 1360 1478 silvestria
1417 1416 1858 1495 deprenderent
1915 1434 1982 1476 ac
2030 1415 2456 1476 concluderent
2502 1421 2562 1473 et

227 1537 274 1576 10
298 1534 772 1585 mansuescerent.
873 1527 933 1584 in
1002 1527 1134 1603 quis
1201 1527 1460 1604 primum
1523 1515 1645 1584 non
1709 1525 1837 1583 sine
1907 1541 2083 1584 causa
2149 1529 2358 1601 putant
2422 1537 2560 1580 oves

293 1629 608 1710 adsumptas
655 1640 716 1692 et
762 1640 1008 1711 propter
1055 1632 1369 1693 utilitatem
1418 1639 1478 1691 et
1513 1638 1761 1710 propter
1798 1630 2214 1709 placiditatem.
2307 1628 2558 1687 maxime

297 1738 435 1796 enim
492 1737 598 1797 hae
656 1746 865 1799 natura
931 1741 1167 1817 quietae
1225 1749 1285 1799 et
1330 1740 1671 1817 aptissimae
1720 1736 1789 1796 ad
1841 1740 2016 1799 vitam
2064 1736 2388 1795 hominum.
2490 1733 2560 1792 ad

296 1842 474 1904 cibum
531 1847 688 1904 enim
744 1845 894 1905 lacte
952 1856 1012 1905 et
1066 1864 1302 1907 caseum
1360 1845 1717 1925 adhibitum,
1774 1844 1845 1904 ad
1902 1862 2119 1932 corpus
2176 1844 2456 1903 vestitum
2502 1848 2564 1898 et

292 1948 459 2026 pelles
511 1950 869 2013 adtulerunt.
961 1956 1139 2013 tertio
1188 1954 1443 2033 denique
1491 1952 1678 2031 gradu
1734 1970 1766 2010 a
1821 1929 1948 2011 vita*
1984 1950 2263 2030 pastorali
2310 1950 2379 2009 ad
2428 1947 2612 2026 agri5

226 2068 269 2106 15
294 2055 563 2117 culturam
620 2058 1085 2139 descenderunt,
1142 2062 1201 2119 in
1261 2079 1376 2139 qua
1423 2078 1494 2119 ex
1542 2058 1775 2119 duobus
1822 2058 2103 2137 gradibus
2150 2056 2562 2137 superioribus

293 2166 651 2226 retinuerunt
709 2165 917 2246 multa,
973 2174 1034 2226 et
1089 2185 1206 2244 quo
1258 2166 1717 2246 descenderant,
1773 2165 1856 2225 ibi
1902 2171 2325 2244 processerunt
2371 2164 2561 2243 longe,

292 2269 416 2330 dum
485 2271 553 2332 ad
629 2290 740 2332 nos
802 2274 1158 2351 perveniret.
1269 2275 1443 2332 etiam
1511 2290 1670 2333 nunc
1735 2274 1795 2331 in
1862 2272 2007 2332 locis
2072 2271 2274 2332 multis
2342 2290 2558 2349 genera

289 2377 567 2454 pecudum
625 2379 886 2439 ferarum
945 2386 1085 2439 sunt
1141 2378 1388 2457 aliquot,
1456 2378 1528 2438 ab
1584 2378 1819 2460 ovibUS,
1886 2389 1950 2440 ut
2004 2381 2067 2439 in
2123 2378 2400 2459 Phrygia,
2459 2378 2559 2438 ubi

449 2646 473 2692 1
545 2640 843 2710 stagerites
907 2639 1073 2694 VAB
1129 2639 1413 2709 Stagirites
1470 2642 1513 2693 I
1509 2641 1765 2695 ucundus
1942 2647 1973 2694 2
2030 2641 2333 2695 humanam
2387 2642 2562 2696 uitam

293 2728 514 2784 Ursinus
733 2730 804 2782 ad
860 2746 1078 2783 summa
1131 2729 1402 2785 memoria
1455 2730 1569 2783 ΡΒ
1634 2748 1669 2784 a
1732 2745 1950 2783 summa
2006 2731 2275 2786 memoria
2320 2733 2436 2785 Am
2491 2731 2562 2785 ad

284 2834 545 2873 summam
593 2818 926 2874 memoriam
969 2835 1003 2873 v
1219 2825 1252 2872 4
1309 2836 1376 2872 ex
1419 2817 1488 2871 iis
1549 2819 1601 2871 V
1644 2835 1711 2872 ex
1756 2818 1845 2872 his
1890 2819 2012 2873 AB
2229 2827 2261 2873 5
2317 2838 2385 2875 ex
2431 2821 2561 2891 hac]

284 2923 340 2961 ex
382 2925 447 2962 ac
483 2909 550 2969 A
700 2915 732 2963 6
787 2908 1141 2978 pastoritiam
1197 2907 1251 2961 V
1393 2911 1563 2976 atque
1610 2908 1706 2962 Bv
1753 2909 1934 2977 adque
1981 2909 2093 2963 PA
2240 2916 2269 2964 7
2328 2925 2392 2963 ac
2439 2917 2565 2964 ante

284 2995 633 3067 decarpendo
690 3014 791 3052 om.
833 2998 1154 3064 Iucundus,
1202 2998 1329 3051 add.
1378 2997 1559 3051 VAB
1646 2997 1743 3050 ‘In
1779 2999 2142 3054 uetustissimo
2181 2999 2563 3068 DecarpendO,

284 3088 456 3142 eadem
502 3088 725 3142 ratione
769 3103 881 3155 qua
917 3091 1083 3141 antea
1127 3087 1458 3141 ostendimus
1494 3103 1699 3155 semper
1734 3087 2014 3158 Asparqm
2063 3093 2112 3141 et
2151 3087 2465 3157 Consparqo
2502 3089 2564 3141 in

280 3192 330 3229 eo
359 3178 630 3246 scriptum
659 3191 767 3230 esse
786 3196 803 3227 :
822 3180 871 3229 et
899 3177 1052 3244 apud
1083 3174 1337 3229 Catonem
1363 3176 1461 3230 hoc
1488 3177 1670 3244 ipsum
1707 3178 1932 3230 uerbum
1960 3177 2235 3246 Decarpo’
2290 3177 2565 3231 Victorius
2619 3208 2620 3211 =

410 3265 681 3320 arbutum
729 3265 1023 3319 Iucundus
1069 3265 1354 3319 arbustum
1409 3263 1614 3332 VAE,
1661 3266 1759 3319 ubi
1807 3263 1851 3319 c'
1900 3268 2060 3320 utum
2097 3250 2480 3335 superscripsit
2517 3266 2574 3319 Ρ

410 3354 754 3423 colligerent
818 3353 993 3406 VAB
1051 3352 1400 3421 collegerant
1452 3352 1504 3406 I.
1563 3353 1635 3406 F.
1694 3354 2005 3409 Gronovius
2060 3358 2215 3424 apud
2270 3356 2567 3410 Graevium

278 3442 378 3496 lect.
417 3442 650 3496 Hesiod.
682 3459 742 3511 p.
786 3440 856 3497 17
998 3448 1029 3495 9
1069 3442 1300 3511 possent
1334 3441 1454 3494 AB
1490 3445 1726 3512 possunt
1774 3444 1825 3496 V
1964 3444 2343 3514 dependerent
2391 3446 2568 3500 VAB

278 3530 756 3600 deprehenderent
781 3531 1072 3585 Iucundus
1183 3537 1249 3584 10
1286 3531 1767 3586 mansuefacerent
1795 3533 2109 3589 Gronovius
2144 3536 2177 3588 l.
2209 3551 2250 3588 c.
2366 3542 2428 3588 11
2471 3536 2565 3588 ad-

278 3620 522 3688 sumptae
562 3619 621 3671 A
669 3622 986 3689 assumptas
1035 3618 1149 3673 VB
1291 3618 1637 3674 hutilitatem
1675 3622 1731 3676 A
1873 3625 1930 3676 et
1965 3627 2194 3693 propter
2229 3622 2566 3678 lacilitatem

279 3708 426 3774 (corr.
494 3706 833 3763 facilitatem
888 3708 991 3777 A2)
1054 3711 1483 3777 superscriptum
1545 3711 1610 3763 in
1664 3710 1719 3764 A
1890 3712 2280 3780 placiditatem
2343 3730 2375 3767 v
2432 3713 2566 3766 laci-

279 3794 507 3850 ditatem
566 3796 626 3849 P
672 3796 1057 3851 lacciditatem
1102 3798 1157 3851 B
1210 3796 1547 3851 facilitatem
1601 3816 1655 3852 m
1872 3805 1936 3854 12
2004 3802 2151 3856 enim
2207 3802 2312 3856 hae
2341 3804 2569 3856 'natura

277 3885 491 3952 quietae
527 3884 650 3937 AB
680 3884 829 3938 enim
857 3886 967 3938 hae
996 3885 1219 3954 quietae
1239 3887 1296 3941 P
1319 3887 1466 3940 enim
1495 3887 1721 3955 quietae
1748 3906 1779 3941 v
1894 3896 1957 3943 13
1989 3890 2304 3944 adhibitum
2331 3891 2443 3945 VB
2473 3892 2564 3945 ad·

276 3972 472 4026 ibitum
522 3973 580 4029 A
597 4016 611 4041 ,
657 3974 852 4028 delevit
900 3974 1133 4029 Ursinus
1276 3992 1476 4045 corpus
1522 3978 1750 4032 inclusit
1786 3977 2148 4034 Schneiderus
2179 4022 2191 4034 .
2220 3982 2450 4048 fortasse
2495 3964 2569 4034 ad

277 4061 517 4132 corporis
563 4060 832 4117 vestitum
945 4070 1012 4117 14
1058 4063 1382 4119 adtulerunt
1419 4065 1531 4118 PA
1568 4067 1883 4123 attulerunt
1918 4068 2014 4124 Bv
2123 4069 2297 4124 tercio
2335 4070 2390 4123 A
2501 4076 2566 4124 16

278 4152 403 4223 quo]
443 4168 590 4219 quos
629 4151 749 4205 Am
895 4152 1003 4206 ‘Ibi
1035 4156 1426 4222 processerunt
1452 4153 1635 4225 longe,
1675 4155 1808 4210 dum
1835 4158 1907 4212 ad
1936 4175 2037 4213 nos
2066 4159 2397 4228 perueniret.
2470 4159 2569 4212 Ita

276 4243 586 4296 coniectwra
632 4241 832 4296 ductus
876 4243 1163 4297 emendaui
1190 4263 1207 4295 .·
1235 4250 1361 4297 ante
1406 4245 1470 4297 in
1513 4247 1753 4313 excusis,
1808 4253 1858 4301 et
1901 4265 2073 4302 manu
2116 4249 2364 4317 scriptis,
2424 4248 2567 4302 Dum

276 4347 441 4385 annus
471 4329 822 4400 perueniret'
864 4326 1135 4386 Victorius
1245 4338 1309 4386 17
1351 4333 1482 4386 dum
1512 4351 1689 4389 annus
1717 4337 2037 4405 perueniret
2075 4337 2250 4391 VAB
2361 4342 2427 4391 18
2466 4338 2567 4392 ali-

277 4423 403 4487 quot
442 4420 517 4473 ab
557 4418 763 4474 ouibus
799 4436 832 4472 v
871 4419 1099 4489 aliquod
1135 4421 1207 4475 ab
1247 4422 1444 4476 ouibus
1482 4423 1597 4476 PB
1633 4424 1864 4492 aliquod
1901 4426 1972 4480 ab
2011 4425 2209 4481 ouibus
2246 4426 2477 4495 aliquod
2513 4430 2569 4482 A

404 4509 644 4580 phrigia
678 4509 734 4561 B
