<?xml version="1.0" encoding="UTF-8"?>
<!DOCTYPE html PUBLIC "-//W3C//DTD XHTML 1.0 Transitional//EN"
    "http://www.w3.org/TR/xhtml1/DTD/xhtml1-transitional.dtd">
<html xmlns="http://www.w3.org/1999/xhtml" xml:lang="en" lang="en">
 <head>
  <title>
</title>
<meta http-equiv="Content-Type" content="text/html;charset=utf-8" />
  <meta name='ocr-system' content='tesseract 3.04.00' />
  <meta name='ocr-capabilities' content='ocr_page ocr_carea ocr_par ocr_line ocrx_word'/>
</head>
<body>
  <div class='ocr_page' id='page_1' title='image "./mporcicatonisde01catogoog_0198.png"; bbox 0 0 3178 5185; ppageno 0'>
   <div class='ocr_carea' id='block_1_1' title="bbox 597 386 1963 453">
    <p class='ocr_par' dir='ltr' id='par_1_1' title="bbox 597 386 1963 453">
     <span class='ocr_line' id='line_1_1' title="bbox 597 386 1963 453; baseline -0.008 0"><span class='ocrx_word' id='word_1_1' title='bbox 597 390 727 453; x_wconf 81' lang='lat'>286</span> <span class='ocrx_word' id='word_1_2' title='bbox 1099 426 1105 430; x_wconf 94' lang='lat'>-</span> <span class='ocrx_word' id='word_1_3' title='bbox 1584 386 1963 442; x_wconf 84' lang='lat' dir='ltr'><strong>VARRONIS</strong></span> 
     </span>
    </p>
   </div>
   <div class='ocr_carea' id='block_1_2' title="bbox 495 553 2977 2990">
    <p class='ocr_par' dir='ltr' id='par_1_2' title="bbox 495 553 2977 2990">
     <span class='ocr_line' id='line_1_2' title="bbox 596 553 2903 636; baseline -0.002 -19"><span class='ocrx_word' id='word_1_4' title='bbox 596 559 819 617; x_wconf 89' lang='lat' dir='ltr'>causis:</span> <span class='ocrx_word' id='word_1_5' title='bbox 874 576 1018 636; x_wconf 85' lang='lat' dir='ltr'>una,</span> <span class='ocrx_word' id='word_1_6' title='bbox 1067 558 1116 616; x_wconf 91' lang='lat' dir='ltr'>si</span> <span class='ocrx_word' id='word_1_7' title='bbox 1164 556 1475 616; x_wconf 84' lang='lat' dir='ltr'>fastidiunt</span> <span class='ocrx_word' id='word_1_8' title='bbox 1521 564 1625 615; x_wconf 88' lang='lat' dir='ltr'>aut</span> <span class='ocrx_word' id='word_1_9' title='bbox 1672 554 1934 615; x_wconf 81' lang='lat' dir='ltr'><strong>inclusae</strong></span> <span class='ocrx_word' id='word_1_10' title='bbox 1983 561 2450 634; x_wconf 88' lang='lat' dir='ltr'>consenescunt,</span> <span class='ocrx_word' id='word_1_11' title='bbox 2499 556 2655 633; x_wconf 90' lang='lat' dir='ltr'>quod</span> <span class='ocrx_word' id='word_1_12' title='bbox 2705 553 2903 614; x_wconf 88' lang='lat' dir='ltr'>libero</span> 
     </span>
     <span class='ocr_line' id='line_1_3' title="bbox 596 659 2903 745; baseline -0.002 -21"><span class='ocrx_word' id='word_1_13' title='bbox 596 683 763 745; x_wconf 86' lang='lat' dir='ltr'>aere,</span> <span class='ocrx_word' id='word_1_14' title='bbox 829 683 965 724; x_wconf 91' lang='lat' dir='ltr'>cum</span> <span class='ocrx_word' id='word_1_15' title='bbox 1031 664 1286 723; x_wconf 81' lang='lat' dir='ltr'>exierint</span> <span class='ocrx_word' id='word_1_16' title='bbox 1353 664 1413 722; x_wconf 91' lang='lat' dir='ltr'>in</span> <span class='ocrx_word' id='word_1_17' title='bbox 1481 681 1683 742; x_wconf 81' lang='lat' dir='ltr'>agroS,</span> <span class='ocrx_word' id='word_1_18' title='bbox 1751 661 2262 738; x_wconf 79' lang='lat' dir='ltr'>redintegrentur:</span> <span class='ocrx_word' id='word_1_19' title='bbox 2326 659 2508 722; x_wconf 88' lang='lat' dir='ltr'>altera</span> <span class='ocrx_word' id='word_1_20' title='bbox 2577 662 2649 722; x_wconf 89' lang='lat' dir='ltr'>de</span> <span class='ocrx_word' id='word_1_21' title='bbox 2714 680 2903 722; x_wconf 89' lang='lat' dir='ltr'>causa</span> 
     </span>
     <span class='ocr_line' id='line_1_4' title="bbox 596 768 2901 850; baseline -0 -21"><span class='ocrx_word' id='word_1_22' title='bbox 596 778 840 850; x_wconf 88' lang='lat' dir='ltr'>propter</span> <span class='ocrx_word' id='word_1_23' title='bbox 887 770 1172 832; x_wconf 89' lang='lat' dir='ltr'>inlicium.</span> <span class='ocrx_word' id='word_1_24' title='bbox 1249 772 1410 848; x_wconf 81' lang='lat' dir='ltr'>ipsae</span> <span class='ocrx_word' id='word_1_25' title='bbox 1461 772 1617 830; x_wconf 90' lang='lat' dir='ltr'>enim</span> <span class='ocrx_word' id='word_1_26' title='bbox 1669 777 1915 848; x_wconf 90' lang='lat' dir='ltr'>propter</span> <span class='ocrx_word' id='word_1_27' title='bbox 1961 768 2172 848; x_wconf 80' lang='lat' dir='ltr'>pulloS‚</span> <span class='ocrx_word' id='word_1_28' title='bbox 2199 787 2368 847; x_wconf 31' lang='lat' dir='ltr'>*quos</span> <span class='ocrx_word' id='word_1_29' title='bbox 2408 768 2645 850; x_wconf 86' lang='lat' dir='ltr'>habent,</span> <span class='ocrx_word' id='word_1_30' title='bbox 2683 772 2901 848; x_wconf 88' lang='lat' dir='ltr'>utique</span> 
     </span>
     <span class='ocr_line' id='line_1_5' title="bbox 545 875 2904 958; baseline -0.002 -18"><span class='ocrx_word' id='word_1_31' title='bbox 545 884 579 940; x_wconf 84' lang='lat'>7</span> <span class='ocrx_word' id='word_1_32' title='bbox 605 877 873 958; x_wconf 86' lang='lat' dir='ltr'>redeunt,</span> <span class='ocrx_word' id='word_1_33' title='bbox 925 879 1039 937; x_wconf 88' lang='lat' dir='ltr'>nisi</span> <span class='ocrx_word' id='word_1_34' title='bbox 1087 897 1117 937; x_wconf 93' lang='lat' dir='ltr'>a</span> <span class='ocrx_word' id='word_1_35' title='bbox 1166 895 1343 936; x_wconf 91' lang='lat' dir='ltr'>corvo</span> <span class='ocrx_word' id='word_1_36' title='bbox 1392 878 1623 937; x_wconf 90' lang='lat' dir='ltr'>occisae</span> <span class='ocrx_word' id='word_1_37' title='bbox 1671 883 1772 936; x_wconf 90' lang='lat' dir='ltr'>aut</span> <span class='ocrx_word' id='word_1_38' title='bbox 1819 875 1891 935; x_wconf 86' lang='lat' dir='ltr'>ab</span> <span class='ocrx_word' id='word_1_39' title='bbox 1939 875 2222 954; x_wconf 81' lang='lat' dir='ltr'>accipitre</span> <span class='ocrx_word' id='word_1_40' title='bbox 2270 876 2648 955; x_wconf 83' lang='lat' dir='ltr'>interceptae.</span> <span class='ocrx_word' id='word_1_41' title='bbox 2743 895 2904 955; x_wconf 91' lang='lat' dir='ltr'>quos</span> 
     </span>
     <span class='ocr_line' id='line_1_6' title="bbox 594 981 2977 1060; baseline -0.001 -15"><span class='ocrx_word' id='word_1_42' title='bbox 594 984 942 1045; x_wconf 88' lang='lat' dir='ltr'>columbarii</span> <span class='ocrx_word' id='word_1_43' title='bbox 980 985 1317 1044; x_wconf 86' lang='lat' dir='ltr'>interficere</span> <span class='ocrx_word' id='word_1_44' title='bbox 1360 983 1550 1043; x_wconf 85' lang='lat' dir='ltr'>solent</span> <span class='ocrx_word' id='word_1_45' title='bbox 1593 981 1821 1042; x_wconf 83' lang='lat' dir='ltr'>duabus</span> <span class='ocrx_word' id='word_1_46' title='bbox 1860 984 2042 1060; x_wconf 90' lang='lat' dir='ltr'>virgis</span> <span class='ocrx_word' id='word_1_47' title='bbox 2081 983 2318 1042; x_wconf 89' lang='lat' dir='ltr'>viscatis</span> <span class='ocrx_word' id='word_1_48' title='bbox 2357 982 2587 1043; x_wconf 86' lang='lat' dir='ltr'>defictis</span> <span class='ocrx_word' id='word_1_49' title='bbox 2629 985 2689 1043; x_wconf 90' lang='lat' dir='ltr'>in</span> <span class='ocrx_word' id='word_1_50' title='bbox 2731 992 2899 1044; x_wconf 87' lang='lat' dir='ltr'>terra</span> <span class='ocrx_word' id='word_1_51' title='bbox 2954 1005 2977 1043; x_wconf 87' lang='lat'>5</span> 
     </span>
     <span class='ocr_line' id='line_1_7' title="bbox 593 1089 2901 1173; baseline -0.001 -21"><span class='ocrx_word' id='word_1_52' title='bbox 593 1094 751 1153; x_wconf 90' lang='lat' dir='ltr'>inter</span> <span class='ocrx_word' id='word_1_53' title='bbox 798 1111 861 1152; x_wconf 92' lang='lat' dir='ltr'>se</span> <span class='ocrx_word' id='word_1_54' title='bbox 901 1093 1179 1173; x_wconf 80' lang='lat' dir='ltr'>curvatiS,</span> <span class='ocrx_word' id='word_1_55' title='bbox 1227 1110 1362 1152; x_wconf 90' lang='lat' dir='ltr'>cum</span> <span class='ocrx_word' id='word_1_56' title='bbox 1403 1092 1559 1151; x_wconf 88' lang='lat' dir='ltr'>inter</span> <span class='ocrx_word' id='word_1_57' title='bbox 1599 1109 1697 1150; x_wconf 91' lang='lat' dir='ltr'>eas</span> <span class='ocrx_word' id='word_1_58' title='bbox 1737 1092 2050 1168; x_wconf 85' lang='lat' dir='ltr'>posuerint</span> <span class='ocrx_word' id='word_1_59' title='bbox 2089 1089 2411 1167; x_wconf 84' lang='lat' dir='ltr'>obligatum</span> <span class='ocrx_word' id='word_1_60' title='bbox 2451 1089 2684 1165; x_wconf 90' lang='lat' dir='ltr'>animal,</span> <span class='ocrx_word' id='word_1_61' title='bbox 2734 1091 2901 1170; x_wconf 88' lang='lat' dir='ltr'>quod</span> 
     </span>
     <span class='ocr_line' id='line_1_8' title="bbox 597 1197 2899 1279; baseline -0.001 -20"><span class='ocrx_word' id='word_1_62' title='bbox 597 1198 794 1277; x_wconf 90' lang='lat' dir='ltr'>[item]</span> <span class='ocrx_word' id='word_1_63' title='bbox 845 1207 1048 1279; x_wconf 88' lang='lat' dir='ltr'>petere</span> <span class='ocrx_word' id='word_1_64' title='bbox 1097 1198 1324 1259; x_wconf 85' lang='lat' dir='ltr'>soleant</span> <span class='ocrx_word' id='word_1_65' title='bbox 1370 1201 1713 1278; x_wconf 84' lang='lat' dir='ltr'>accipitreS,</span> <span class='ocrx_word' id='word_1_66' title='bbox 1762 1199 1866 1276; x_wconf 88' lang='lat' dir='ltr'>qui</span> <span class='ocrx_word' id='word_1_67' title='bbox 1913 1199 1993 1257; x_wconf 88' lang='lat' dir='ltr'>ita</span> <span class='ocrx_word' id='word_1_68' title='bbox 2042 1197 2442 1278; x_wconf 83' lang='lat' dir='ltr'>decipiuntur,</span> <span class='ocrx_word' id='word_1_69' title='bbox 2490 1217 2626 1258; x_wconf 87' lang='lat' dir='ltr'>cum</span> <span class='ocrx_word' id='word_1_70' title='bbox 2677 1217 2744 1257; x_wconf 89' lang='lat' dir='ltr'>se</span> <span class='ocrx_word' id='word_1_71' title='bbox 2795 1197 2899 1257; x_wconf 93' lang='lat' dir='ltr'>ob·</span> 
     </span>
     <span class='ocr_line' id='line_1_9' title="bbox 594 1296 2899 1368; baseline -0.001 -2"><span class='ocrx_word' id='word_1_72' title='bbox 594 1306 862 1367; x_wconf 84' lang='lat' dir='ltr'>leverunt</span> <span class='ocrx_word' id='word_1_73' title='bbox 919 1308 1098 1368; x_wconf 80' lang='lat' dir='ltr'>visco,</span> <span class='ocrx_word' id='word_1_74' title='bbox 1189 1304 1491 1366; x_wconf 90' lang='lat' dir='ltr'>columbas</span> <span class='ocrx_word' id='word_1_75' title='bbox 1547 1305 1744 1365; x_wconf 87' lang='lat' dir='ltr'>redire</span> <span class='ocrx_word' id='word_1_76' title='bbox 1804 1296 1995 1364; x_wconf 78' lang='lat' dir='ltr'>solere</span> <span class='ocrx_word' id='word_1_77' title='bbox 2054 1304 2124 1363; x_wconf 88' lang='lat' dir='ltr'>ad</span> <span class='ocrx_word' id='word_1_78' title='bbox 2182 1303 2376 1364; x_wconf 90' lang='lat' dir='ltr'>locum</span> <span class='ocrx_word' id='word_1_79' title='bbox 2435 1303 2574 1364; x_wconf 92' lang='lat' dir='ltr'>licet</span> <span class='ocrx_word' id='word_1_80' title='bbox 2631 1305 2899 1364; x_wconf 88' lang='lat' dir='ltr'>animad-</span> 
     </span>
     <span class='ocr_line' id='line_1_10' title="bbox 592 1411 2899 1493; baseline -0.001 -21"><span class='ocrx_word' id='word_1_81' title='bbox 592 1422 850 1493; x_wconf 81' lang='lat' dir='ltr'>vertere,</span> <span class='ocrx_word' id='word_1_82' title='bbox 910 1413 1065 1492; x_wconf 90' lang='lat' dir='ltr'>quod</span> <span class='ocrx_word' id='word_1_83' title='bbox 1124 1413 1294 1473; x_wconf 89' lang='lat' dir='ltr'>multi</span> <span class='ocrx_word' id='word_1_84' title='bbox 1349 1415 1410 1472; x_wconf 93' lang='lat' dir='ltr'>in</span> <span class='ocrx_word' id='word_1_85' title='bbox 1468 1412 1699 1474; x_wconf 90' lang='lat' dir='ltr'>theatro</span> <span class='ocrx_word' id='word_1_86' title='bbox 1759 1431 1790 1472; x_wconf 92' lang='lat' dir='ltr'>e</span> <span class='ocrx_word' id='word_1_87' title='bbox 1841 1413 1976 1471; x_wconf 90' lang='lat' dir='ltr'>sinu</span> <span class='ocrx_word' id='word_1_88' title='bbox 2023 1413 2235 1471; x_wconf 89' lang='lat' dir='ltr'>missas</span> <span class='ocrx_word' id='word_1_89' title='bbox 2283 1411 2531 1491; x_wconf 82' lang='lat' dir='ltr'>faciunt,</span> <span class='ocrx_word' id='word_1_90' title='bbox 2590 1419 2772 1490; x_wconf 89' lang='lat' dir='ltr'>atque</span> <span class='ocrx_word' id='word_1_91' title='bbox 2824 1411 2899 1470; x_wconf 89' lang='lat' dir='ltr'>ad</span> 
     </span>
     <span class='ocr_line' id='line_1_11' title="bbox 541 1518 2975 1600; baseline -0.001 -20"><span class='ocrx_word' id='word_1_92' title='bbox 541 1519 797 1581; x_wconf 86' lang='lat' dir='ltr'>8locum</span> <span class='ocrx_word' id='word_1_93' title='bbox 846 1520 1116 1595; x_wconf 90' lang='lat' dir='ltr'>redeunt,</span> <span class='ocrx_word' id='word_1_94' title='bbox 1164 1539 1314 1600; x_wconf 89' lang='lat' dir='ltr'>quae</span> <span class='ocrx_word' id='word_1_95' title='bbox 1363 1521 1477 1579; x_wconf 92' lang='lat' dir='ltr'>nisi</span> <span class='ocrx_word' id='word_1_96' title='bbox 1518 1527 1982 1598; x_wconf 86' lang='lat' dir='ltr'>reverterentur,</span> <span class='ocrx_word' id='word_1_97' title='bbox 2032 1536 2147 1578; x_wconf 92' lang='lat' dir='ltr'>non</span> <span class='ocrx_word' id='word_1_98' title='bbox 2197 1520 2629 1579; x_wconf 89' lang='lat' dir='ltr'>emitterentur.</span> <span class='ocrx_word' id='word_1_99' title='bbox 2721 1518 2897 1578; x_wconf 89' lang='lat' dir='ltr'>cibus</span> <span class='ocrx_word' id='word_1_100' title='bbox 2926 1538 2975 1600; x_wconf 69' lang='lat'>‚¹⁰</span> 
     </span>
     <span class='ocr_line' id='line_1_12' title="bbox 592 1623 2899 1706; baseline -0.001 -19"><span class='ocrx_word' id='word_1_101' title='bbox 592 1627 909 1706; x_wconf 91' lang='lat' dir='ltr'>adponitur</span> <span class='ocrx_word' id='word_1_102' title='bbox 975 1629 1203 1687; x_wconf 88' lang='lat' dir='ltr'>circum</span> <span class='ocrx_word' id='word_1_103' title='bbox 1269 1629 1527 1706; x_wconf 88' lang='lat' dir='ltr'>parietes</span> <span class='ocrx_word' id='word_1_104' title='bbox 1594 1629 1654 1686; x_wconf 91' lang='lat' dir='ltr'>in</span> <span class='ocrx_word' id='word_1_105' title='bbox 1724 1623 2053 1699; x_wconf 85' lang='lat' dir='ltr'>canalibuS,</span> <span class='ocrx_word' id='word_1_106' title='bbox 2131 1643 2277 1703; x_wconf 89' lang='lat' dir='ltr'>quas</span> <span class='ocrx_word' id='word_1_107' title='bbox 2344 1627 2718 1686; x_wconf 88' lang='lat' dir='ltr'>extrinsecus</span> <span class='ocrx_word' id='word_1_108' title='bbox 2788 1644 2899 1705; x_wconf 89' lang='lat' dir='ltr'>per</span> 
     </span>
     <span class='ocr_line' id='line_1_13' title="bbox 596 1731 2899 1815; baseline 0 -22"><span class='ocrx_word' id='word_1_109' title='bbox 596 1734 825 1794; x_wconf 86' lang='lat' dir='ltr'>fistulas</span> <span class='ocrx_word' id='word_1_110' title='bbox 873 1733 1167 1813; x_wconf 89' lang='lat' dir='ltr'>supplent.</span> <span class='ocrx_word' id='word_1_111' title='bbox 1252 1733 1625 1795; x_wconf 88' lang='lat' dir='ltr'>delectantur</span> <span class='ocrx_word' id='word_1_112' title='bbox 1672 1732 1853 1813; x_wconf 83' lang='lat' dir='ltr'>milio,</span> <span class='ocrx_word' id='word_1_113' title='bbox 1901 1735 2118 1813; x_wconf 86' lang='lat' dir='ltr'>tritico,</span> <span class='ocrx_word' id='word_1_114' title='bbox 2166 1731 2407 1811; x_wconf 89' lang='lat' dir='ltr'>hordeo,</span> <span class='ocrx_word' id='word_1_115' title='bbox 2453 1735 2600 1813; x_wconf 86' lang='lat' dir='ltr'>piso,</span> <span class='ocrx_word' id='word_1_116' title='bbox 2650 1733 2899 1815; x_wconf 79' lang='lat' dir='ltr'>fasiolis,</span> 
     </span>
     <span class='ocr_line' id='line_1_14' title="bbox 590 1838 2898 1922; baseline 0.001 -23"><span class='ocrx_word' id='word_1_117' title='bbox 590 1858 747 1902; x_wconf 89' lang='lat' dir='ltr'>ervo.</span> <span class='ocrx_word' id='word_1_118' title='bbox 816 1843 981 1902; x_wconf 87' lang='lat' dir='ltr'>-item</span> <span class='ocrx_word' id='word_1_119' title='bbox 1040 1842 1163 1902; x_wconf 85' lang='lat' dir='ltr'>fere</span> <span class='ocrx_word' id='word_1_120' title='bbox 1221 1841 1394 1922; x_wconf 85' lang='lat' dir='ltr'>haec,</span> <span class='ocrx_word' id='word_1_121' title='bbox 1450 1844 1509 1901; x_wconf 91' lang='lat' dir='ltr'>in</span> <span class='ocrx_word' id='word_1_122' title='bbox 1568 1839 1837 1902; x_wconf 89' lang='lat' dir='ltr'>turribus</span> <span class='ocrx_word' id='word_1_123' title='bbox 1894 1859 1961 1900; x_wconf 87' lang='lat' dir='ltr'>ac</span> <span class='ocrx_word' id='word_1_124' title='bbox 2021 1841 2270 1899; x_wconf 88' lang='lat' dir='ltr'>summis</span> <span class='ocrx_word' id='word_1_125' title='bbox 2318 1838 2470 1899; x_wconf 88' lang='lat' dir='ltr'>villis</span> <span class='ocrx_word' id='word_1_126' title='bbox 2521 1842 2623 1920; x_wconf 88' lang='lat' dir='ltr'>qui</span> <span class='ocrx_word' id='word_1_127' title='bbox 2668 1840 2898 1901; x_wconf 88' lang='lat' dir='ltr'>habent</span> 
     </span>
     <span class='ocr_line' id='line_1_15' title="bbox 592 1947 2897 2028; baseline 0.001 -22"><span class='ocrx_word' id='word_1_128' title='bbox 592 1954 855 2026; x_wconf 85' lang='lat' dir='ltr'>agrestes</span> <span class='ocrx_word' id='word_1_129' title='bbox 912 1947 1241 2028; x_wconf 80' lang='lat' dir='ltr'>columbaS,</span> <span class='ocrx_word' id='word_1_130' title='bbox 1309 1948 1494 2026; x_wconf 89' lang='lat' dir='ltr'>quaad</span> <span class='ocrx_word' id='word_1_131' title='bbox 1553 1955 1835 2026; x_wconf 87' lang='lat' dir='ltr'>possunt,</span> <span class='ocrx_word' id='word_1_132' title='bbox 1901 1947 2267 2007; x_wconf 83' lang='lat' dir='ltr'>imitandum.</span> <span class='ocrx_word' id='word_1_133' title='bbox 2370 1949 2429 2007; x_wconf 90' lang='lat' dir='ltr'>in</span> <span class='ocrx_word' id='word_1_134' title='bbox 2488 1949 2897 2026; x_wconf 88' lang='lat' dir='ltr'>peristeronas</span> 
     </span>
     <span class='ocr_line' id='line_1_16' title="bbox 592 2046 2970 2135; baseline 0 -23"><span class='ocrx_word' id='word_1_135' title='bbox 592 2061 780 2113; x_wconf 84' lang='lat' dir='ltr'>aetate</span> <span class='ocrx_word' id='word_1_136' title='bbox 828 2053 981 2114; x_wconf 90' lang='lat' dir='ltr'>bona</span> <span class='ocrx_word' id='word_1_137' title='bbox 1030 2056 1356 2134; x_wconf 86' lang='lat' dir='ltr'>parandum</span> <span class='ocrx_word' id='word_1_138' title='bbox 1405 2074 1600 2135; x_wconf 90' lang='lat' dir='ltr'>neque</span> <span class='ocrx_word' id='word_1_139' title='bbox 1649 2054 1841 2133; x_wconf 88' lang='lat' dir='ltr'>pullos</span> <span class='ocrx_word' id='word_1_140' title='bbox 1882 2073 2073 2134; x_wconf 86' lang='lat' dir='ltr'>neque</span> <span class='ocrx_word' id='word_1_141' title='bbox 2116 2054 2357 2135; x_wconf 84' lang='lat' dir='ltr'>vetulaS,</span> <span class='ocrx_word' id='word_1_142' title='bbox 2407 2046 2653 2115; x_wconf 89' lang='lat' dir='ltr'>totidem</span> <span class='ocrx_word' id='word_1_143' title='bbox 2691 2075 2894 2117; x_wconf 90' lang='lat' dir='ltr'>mares</span> <span class='ocrx_word' id='word_1_144' title='bbox 2923 2074 2970 2114; x_wconf 91' lang='lat'>15</span> 
     </span>
     <span class='ocr_line' id='line_1_17' title="bbox 537 2161 2892 2241; baseline -0.001 -16"><span class='ocrx_word' id='word_1_145' title='bbox 537 2169 743 2240; x_wconf 89' lang='lat' dir='ltr'>9.quot</span> <span class='ocrx_word' id='word_1_146' title='bbox 796 2162 1060 2223; x_wconf 76' lang='lat' dir='ltr'>feminas,</span> <span class='ocrx_word' id='word_1_147' title='bbox 1154 2163 1299 2223; x_wconf 89' lang='lat' dir='ltr'>nihil</span> <span class='ocrx_word' id='word_1_148' title='bbox 1357 2161 1649 2223; x_wconf 81' lang='lat' dir='ltr'>columbis</span> <span class='ocrx_word' id='word_1_149' title='bbox 1709 2163 2039 2223; x_wconf 80' lang='lat' dir='ltr'>fecundius</span> <span class='ocrx_word' id='word_1_150' title='bbox 2132 2164 2331 2241; x_wconf 85' lang='lat' dir='ltr'>itaque</span> <span class='ocrx_word' id='word_1_151' title='bbox 2381 2162 2588 2223; x_wconf 89' lang='lat' dir='ltr'>diebus</span> <span class='ocrx_word' id='word_1_152' title='bbox 2638 2164 2892 2241; x_wconf 89' lang='lat' dir='ltr'>quadra-</span> 
     </span>
     <span class='ocr_line' id='line_1_18' title="bbox 588 2267 2886 2348; baseline 0.001 -21"><span class='ocrx_word' id='word_1_153' title='bbox 588 2270 756 2346; x_wconf 88' lang='lat' dir='ltr'>genis</span> <span class='ocrx_word' id='word_1_154' title='bbox 804 2270 1064 2348; x_wconf 88' lang='lat' dir='ltr'>concipit</span> <span class='ocrx_word' id='word_1_155' title='bbox 1112 2278 1172 2329; x_wconf 85' lang='lat' dir='ltr'>et</span> <span class='ocrx_word' id='word_1_156' title='bbox 1219 2271 1379 2348; x_wconf 90' lang='lat' dir='ltr'>parit</span> <span class='ocrx_word' id='word_1_157' title='bbox 1428 2277 1488 2329; x_wconf 89' lang='lat' dir='ltr'>et</span> <span class='ocrx_word' id='word_1_158' title='bbox 1534 2267 1779 2329; x_wconf 89' lang='lat' dir='ltr'>incubat</span> <span class='ocrx_word' id='word_1_159' title='bbox 1826 2277 1886 2329; x_wconf 86' lang='lat' dir='ltr'>et</span> <span class='ocrx_word' id='word_1_160' title='bbox 1932 2269 2161 2329; x_wconf 87' lang='lat' dir='ltr'>educat.</span> <span class='ocrx_word' id='word_1_161' title='bbox 2252 2276 2310 2328; x_wconf 94' lang='lat' dir='ltr'>et</span> <span class='ocrx_word' id='word_1_162' title='bbox 2357 2267 2469 2328; x_wconf 91' lang='lat' dir='ltr'>hoc</span> <span class='ocrx_word' id='word_1_163' title='bbox 2519 2269 2642 2327; x_wconf 79' lang='lat' dir='ltr'>fere</span> <span class='ocrx_word' id='word_1_164' title='bbox 2691 2276 2886 2330; x_wconf 89' lang='lat' dir='ltr'>totum</span> 
     </span>
     <span class='ocr_line' id='line_1_19' title="bbox 588 2374 2888 2457; baseline 0.001 -23"><span class='ocrx_word' id='word_1_165' title='bbox 588 2394 808 2435; x_wconf 89' lang='lat' dir='ltr'>annum</span> <span class='ocrx_word' id='word_1_166' title='bbox 846 2376 1099 2437; x_wconf 85' lang='lat' dir='ltr'>faciunt:</span> <span class='ocrx_word' id='word_1_167' title='bbox 1136 2376 1544 2436; x_wconf 85' lang='lat' dir='ltr'>tantummodo</span> <span class='ocrx_word' id='word_1_168' title='bbox 1581 2374 1957 2436; x_wconf 88' lang='lat' dir='ltr'>intervallum</span> <span class='ocrx_word' id='word_1_169' title='bbox 1999 2375 2224 2436; x_wconf 84' lang='lat' dir='ltr'>faciunt</span> <span class='ocrx_word' id='word_1_170' title='bbox 2262 2394 2293 2435; x_wconf 90' lang='lat' dir='ltr'>a</span> <span class='ocrx_word' id='word_1_171' title='bbox 2333 2375 2542 2436; x_wconf 89' lang='lat' dir='ltr'>bruma</span> <span class='ocrx_word' id='word_1_172' title='bbox 2582 2376 2651 2435; x_wconf 89' lang='lat' dir='ltr'>ad</span> <span class='ocrx_word' id='word_1_173' title='bbox 2684 2379 2888 2457; x_wconf 91' lang='lat' dir='ltr'>aequi-</span> 
     </span>
     <span class='ocr_line' id='line_1_20' title="bbox 588 2482 2887 2564; baseline 0.002 -24"><span class='ocrx_word' id='word_1_174' title='bbox 588 2483 853 2542; x_wconf 89' lang='lat' dir='ltr'>noctium</span> <span class='ocrx_word' id='word_1_175' title='bbox 901 2501 1165 2544; x_wconf 87' lang='lat' dir='ltr'>vernum.</span> <span class='ocrx_word' id='word_1_176' title='bbox 1253 2482 1401 2563; x_wconf 90' lang='lat' dir='ltr'>pulli</span> <span class='ocrx_word' id='word_1_177' title='bbox 1449 2491 1780 2543; x_wconf 89' lang='lat' dir='ltr'>nascuntur</span> <span class='ocrx_word' id='word_1_178' title='bbox 1827 2483 1969 2564; x_wconf 84' lang='lat' dir='ltr'>bini,</span> <span class='ocrx_word' id='word_1_179' title='bbox 2018 2484 2121 2562; x_wconf 92' lang='lat' dir='ltr'>qui</span> <span class='ocrx_word' id='word_1_180' title='bbox 2169 2482 2415 2543; x_wconf 88' lang='lat' dir='ltr'>simulac</span> <span class='ocrx_word' id='word_1_181' title='bbox 2465 2493 2791 2544; x_wconf 85' lang='lat' dir='ltr'>creverunt</span> <span class='ocrx_word' id='word_1_182' title='bbox 2830 2494 2887 2544; x_wconf 91' lang='lat' dir='ltr'>et</span> 
     </span>
     <span class='ocr_line' id='line_1_21' title="bbox 588 2588 2964 2673; baseline -0.002 -24"><span class='ocrx_word' id='word_1_183' title='bbox 588 2588 807 2650; x_wconf 84' lang='lat' dir='ltr'>hahent</span> <span class='ocrx_word' id='word_1_184' title='bbox 854 2589 1060 2673; x_wconf 81' lang='lat' dir='ltr'>robor,</span> <span class='ocrx_word' id='word_1_185' title='bbox 1108 2611 1243 2653; x_wconf 91' lang='lat' dir='ltr'>cum</span> <span class='ocrx_word' id='word_1_186' title='bbox 1291 2590 1582 2652; x_wconf 89' lang='lat' dir='ltr'>matribus</span> <span class='ocrx_word' id='word_1_187' title='bbox 1631 2592 1888 2669; x_wconf 89' lang='lat' dir='ltr'>pariunt.</span> <span class='ocrx_word' id='word_1_188' title='bbox 1982 2591 2084 2669; x_wconf 89' lang='lat' dir='ltr'>qui</span> <span class='ocrx_word' id='word_1_189' title='bbox 2132 2590 2324 2652; x_wconf 91' lang='lat' dir='ltr'>solent</span> <span class='ocrx_word' id='word_1_190' title='bbox 2372 2590 2640 2669; x_wconf 89' lang='lat' dir='ltr'>saginare</span> <span class='ocrx_word' id='word_1_191' title='bbox 2689 2590 2886 2670; x_wconf 87' lang='lat' dir='ltr'>pullos</span> <span class='ocrx_word' id='word_1_192' title='bbox 2917 2609 2964 2646; x_wconf 82' lang='lat'>20</span> 
     </span>
     <span class='ocr_line' id='line_1_22' title="bbox 586 2696 2889 2779; baseline 0 -22"><span class='ocrx_word' id='word_1_193' title='bbox 586 2696 981 2779; x_wconf 82' lang='lat' dir='ltr'>columbinOS‚</span> <span class='ocrx_word' id='word_1_194' title='bbox 1041 2717 1158 2777; x_wconf 88' lang='lat' dir='ltr'>quo</span> <span class='ocrx_word' id='word_1_195' title='bbox 1217 2698 1407 2777; x_wconf 91' lang='lat' dir='ltr'>pluris</span> <span class='ocrx_word' id='word_1_196' title='bbox 1454 2697 1737 2776; x_wconf 86' lang='lat' dir='ltr'>vendant,</span> <span class='ocrx_word' id='word_1_197' title='bbox 1796 2697 2110 2758; x_wconf 89' lang='lat' dir='ltr'>secludunt</span> <span class='ocrx_word' id='word_1_198' title='bbox 2160 2716 2288 2777; x_wconf 87' lang='lat' dir='ltr'>eos,</span> <span class='ocrx_word' id='word_1_199' title='bbox 2337 2714 2472 2757; x_wconf 90' lang='lat' dir='ltr'>cum</span> <span class='ocrx_word' id='word_1_200' title='bbox 2521 2698 2635 2756; x_wconf 91' lang='lat' dir='ltr'>iam</span> <span class='ocrx_word' id='word_1_201' title='bbox 2684 2697 2889 2776; x_wconf 87' lang='lat' dir='ltr'>pluma</span> 
     </span>
     <span class='ocr_line' id='line_1_23' title="bbox 587 2803 2886 2881; baseline 0.001 -19"><span class='ocrx_word' id='word_1_202' title='bbox 587 2810 727 2862; x_wconf 93' lang='lat' dir='ltr'>sunt</span> <span class='ocrx_word' id='word_1_203' title='bbox 773 2805 931 2864; x_wconf 86' lang='lat' dir='ltr'>tecti.</span> <span class='ocrx_word' id='word_1_204' title='bbox 1024 2803 1237 2863; x_wconf 88' lang='lat' dir='ltr'>deinde</span> <span class='ocrx_word' id='word_1_205' title='bbox 1283 2804 1638 2864; x_wconf 89' lang='lat' dir='ltr'>manducato</span> <span class='ocrx_word' id='word_1_206' title='bbox 1691 2804 1940 2865; x_wconf 90' lang='lat' dir='ltr'>candido</span> <span class='ocrx_word' id='word_1_207' title='bbox 1988 2804 2246 2865; x_wconf 83' lang='lat' dir='ltr'>farciunt</span> <span class='ocrx_word' id='word_1_208' title='bbox 2292 2821 2471 2881; x_wconf 87' lang='lat' dir='ltr'>pane:</span> <span class='ocrx_word' id='word_1_209' title='bbox 2526 2803 2725 2865; x_wconf 90' lang='lat' dir='ltr'>hieme</span> <span class='ocrx_word' id='word_1_210' title='bbox 2775 2805 2886 2878; x_wconf 86' lang='lat' dir='ltr'>hoc</span> 
     </span>
     <span class='ocr_line' id='line_1_24' title="bbox 495 2909 2887 2990; baseline -0 -18"><span class='ocrx_word' id='word_1_211' title='bbox 495 2909 714 2990; x_wconf 80' lang='lat' dir='ltr'>lehis,</span> <span class='ocrx_word' id='word_1_212' title='bbox 781 2919 1002 2971; x_wconf 90' lang='lat' dir='ltr'>aestate</span> <span class='ocrx_word' id='word_1_213' title='bbox 1067 2918 1186 2990; x_wconf 88' lang='lat' dir='ltr'>ter,</span> <span class='ocrx_word' id='word_1_214' title='bbox 1251 2930 1421 2972; x_wconf 89' lang='lat' dir='ltr'>mane</span> <span class='ocrx_word' id='word_1_215' title='bbox 1487 2911 1736 2972; x_wconf 91' lang='lat' dir='ltr'>meridie</span> <span class='ocrx_word' id='word_1_216' title='bbox 1801 2913 2059 2990; x_wconf 88' lang='lat' dir='ltr'>vesperi:</span> <span class='ocrx_word' id='word_1_217' title='bbox 2125 2910 2317 2971; x_wconf 91' lang='lat' dir='ltr'>hieme</span> <span class='ocrx_word' id='word_1_218' title='bbox 2383 2911 2631 2971; x_wconf 89' lang='lat' dir='ltr'>demunt</span> <span class='ocrx_word' id='word_1_219' title='bbox 2687 2912 2887 2973; x_wconf 86' lang='lat' dir='ltr'>cibum</span> 
     </span>
    </p>
   </div>
   <div class='ocr_carea' id='block_1_3' title="bbox 590 3069 1014 3078">
    <p class='ocr_par' dir='ltr' id='par_1_3' title="bbox 590 3069 1014 3078">
     <span class='ocr_line' id='line_1_25' title="bbox 590 3069 1014 3078; baseline 0 2107"><span class='ocrx_word' id='word_1_220' title='bbox 590 3069 1014 3078; x_wconf 95' lang='lat' dir='ltr'> </span> 
     </span>
    </p>
   </div>
   <div class='ocr_carea' id='block_1_4' title="bbox 733 3171 2255 3258">
    <p class='ocr_par' dir='ltr' id='par_1_4' title="bbox 733 3171 2255 3258">
     <span class='ocr_line' id='line_1_26' title="bbox 733 3171 2255 3258; baseline 0.001 -33"><span class='ocrx_word' id='word_1_221' title='bbox 733 3179 798 3226; x_wconf 84' lang='lat'>16</span> <span class='ocrx_word' id='word_1_222' title='bbox 838 3171 980 3227; x_wconf 88' lang='lat' dir='ltr'>nihil</span> <span class='ocrx_word' id='word_1_223' title='bbox 1018 3172 1289 3227; x_wconf 85' lang='lat' dir='ltr'>columbis</span> <span class='ocrx_word' id='word_1_224' title='bbox 1326 3172 1619 3227; x_wconf 85' lang='lat' dir='ltr'>fecundius</span> <span class='ocrx_word' id='word_1_225' title='bbox 1655 3189 1879 3242; x_wconf 74' lang='lat' dir='ltr'>yeopon.</span> <span class='ocrx_word' id='word_1_226' title='bbox 1921 3173 2026 3258; x_wconf 76' lang='lat' dir='ltr'>XI</span> <span class='ocrx_word' id='word_1_227' title='bbox 2037 3173 2088 3226; x_wconf 98' lang='lat' dir='ltr'><strong><em>V</em></strong></span> <span class='ocrx_word' id='word_1_228' title='bbox 2119 3179 2182 3238; x_wconf 92' lang='lat'>1,</span> <span class='ocrx_word' id='word_1_229' title='bbox 2220 3177 2255 3227; x_wconf 89' lang='lat'><strong><em>3</em></strong></span> 
     </span>
    </p>
   </div>
   <div class='ocr_carea' id='block_1_5' title="bbox 587 3317 1011 3327">
    <p class='ocr_par' dir='ltr' id='par_1_5' title="bbox 587 3317 1011 3327">
     <span class='ocr_line' id='line_1_27' title="bbox 587 3317 1011 3327; baseline 0 1858"><span class='ocrx_word' id='word_1_230' title='bbox 587 3317 1011 3327; x_wconf 95' lang='lat' dir='ltr'> </span> 
     </span>
    </p>
   </div>
   <div class='ocr_carea' id='block_1_6' title="bbox 731 3382 2884 3499">
    <p class='ocr_par' dir='ltr' id='par_1_6' title="bbox 731 3382 2884 3499">
     <span class='ocr_line' id='line_1_28' title="bbox 731 3382 2884 3499; baseline 0.002 -25"><span class='ocrx_word' id='word_1_231' title='bbox 731 3427 762 3473; x_wconf 89' lang='lat'><strong>3</strong></span> <span class='ocrx_word' id='word_1_232' title='bbox 801 3422 966 3494; x_wconf 87' lang='lat' dir='ltr'>quos]</span> <span class='ocrx_word' id='word_1_233' title='bbox 1006 3382 1130 3491; x_wconf 73' lang='lat' dir='ltr'>quois</span> <span class='ocrx_word' id='word_1_234' title='bbox 1167 3422 1223 3476; x_wconf 98' lang='lat' dir='ltr'><strong><em>A</em></strong></span> <span class='ocrx_word' id='word_1_235' title='bbox 1366 3429 1399 3476; x_wconf 86' lang='lat'>4</span> <span class='ocrx_word' id='word_1_236' title='bbox 1436 3423 1716 3477; x_wconf 89' lang='lat' dir='ltr'>reddeunt</span> <span class='ocrx_word' id='word_1_237' title='bbox 1751 3423 1804 3478; x_wconf 88' lang='lat' dir='ltr'><strong><em>A</em></strong></span> <span class='ocrx_word' id='word_1_238' title='bbox 1946 3421 2057 3476; x_wconf 88' lang='lat' dir='ltr'>nisi</span> <span class='ocrx_word' id='word_1_239' title='bbox 2093 3422 2519 3491; x_wconf 78' lang='lat' dir='ltr'>superscriptum</span> <span class='ocrx_word' id='word_1_240' title='bbox 2555 3422 2620 3477; x_wconf 79' lang='lat' dir='ltr'>in</span> <span class='ocrx_word' id='word_1_241' title='bbox 2648 3425 2704 3477; x_wconf 92' lang='lat' dir='ltr'><em>B</em></span> <span class='ocrx_word' id='word_1_242' title='bbox 2732 3422 2736 3427; x_wconf 83' lang='grc'><em>’</em></span> <span class='ocrx_word' id='word_1_243' title='bbox 2816 3422 2884 3499; x_wconf 70' lang='lat' dir='ltr'>ab</span> 
     </span>
    </p>
   </div>
   <div class='ocr_carea' id='block_1_7' title="bbox 587 3524 2882 3622">
    <p class='ocr_par' dir='ltr' id='par_1_7' title="bbox 587 3524 2882 3622">
     <span class='ocr_line' id='line_1_29' title="bbox 587 3524 2882 3622; baseline 0.001 -23"><span class='ocrx_word' id='word_1_244' title='bbox 587 3544 879 3618; x_wconf 81' lang='lat' dir='ltr'>accipitre]</span> <span class='ocrx_word' id='word_1_245' title='bbox 901 3563 965 3601; x_wconf 80' lang='lat' dir='ltr'>ae</span> <span class='ocrx_word' id='word_1_246' title='bbox 990 3524 1261 3617; x_wconf 57' lang='lat' dir='ltr'>accipiter</span> <span class='ocrx_word' id='word_1_247' title='bbox 1287 3547 1343 3601; x_wconf 98' lang='lat' dir='ltr'><strong><em>A</em></strong></span> <span class='ocrx_word' id='word_1_248' title='bbox 1452 3552 1483 3599; x_wconf 81' lang='lat'>5</span> <span class='ocrx_word' id='word_1_249' title='bbox 1523 3546 1741 3601; x_wconf 87' lang='lat' dir='ltr'>defictis</span> <span class='ocrx_word' id='word_1_250' title='bbox 1774 3546 1891 3601; x_wconf 89' lang='lat' dir='ltr'>PB</span> <span class='ocrx_word' id='word_1_251' title='bbox 1920 3553 1968 3601; x_wconf 87' lang='lat' dir='ltr'>et</span> <span class='ocrx_word' id='word_1_252' title='bbox 1995 3548 2423 3622; x_wconf 75' lang='lat' dir='ltr'>superscriptum</span> <span class='ocrx_word' id='word_1_253' title='bbox 2450 3547 2514 3600; x_wconf 77' lang='lat' dir='ltr'>in</span> <span class='ocrx_word' id='word_1_254' title='bbox 2541 3548 2591 3599; x_wconf 98' lang='lat' dir='ltr'><strong><em>A</em></strong></span> <span class='ocrx_word' id='word_1_255' title='bbox 2628 3547 2826 3601; x_wconf 85' lang='lat' dir='ltr'>defixis</span> <span class='ocrx_word' id='word_1_256' title='bbox 2852 3564 2882 3600; x_wconf 87' lang='lat' dir='ltr'><strong><em>v</em></strong></span> 
     </span>
    </p>
   </div>
   <div class='ocr_carea' id='block_1_8' title="bbox 696 3634 2882 3709">
    <p class='ocr_par' dir='ltr' id='par_1_8' title="bbox 696 3634 2882 3709">
     <span class='ocr_line' id='line_1_30' title="bbox 696 3634 2882 3709; baseline 0.001 -20"><span class='ocrx_word' id='word_1_257' title='bbox 696 3641 725 3689; x_wconf 85' lang='lat'><strong>7</strong></span> <span class='ocrx_word' id='word_1_258' title='bbox 764 3634 900 3689; x_wconf 88' lang='lat' dir='ltr'>item</span> <span class='ocrx_word' id='word_1_259' title='bbox 929 3638 1148 3709; x_wconf 87' lang='lat' dir='ltr'>petere]</span> <span class='ocrx_word' id='word_1_260' title='bbox 1177 3635 1512 3706; x_wconf 80' lang='lat' dir='ltr'>intercipere</span> <span class='ocrx_word' id='word_1_261' title='bbox 1540 3654 1594 3691; x_wconf 85' lang='lat' dir='ltr'>m</span> <span class='ocrx_word' id='word_1_262' title='bbox 1622 3641 1672 3691; x_wconf 86' lang='lat' dir='ltr'>et</span> <span class='ocrx_word' id='word_1_263' title='bbox 1697 3638 1760 3690; x_wconf 81' lang='lat' dir='ltr'>in</span> <span class='ocrx_word' id='word_1_264' title='bbox 1786 3653 1989 3691; x_wconf 79' lang='lat' dir='ltr'>rasura</span> <span class='ocrx_word' id='word_1_265' title='bbox 2016 3635 2096 3689; x_wconf 81' lang='lat' dir='ltr'><strong><em>A²</em></strong></span> <span class='ocrx_word' id='word_1_266' title='bbox 2197 3642 2227 3689; x_wconf 83' lang='lat'>9</span> <span class='ocrx_word' id='word_1_267' title='bbox 2268 3638 2437 3705; x_wconf 82' lang='lat' dir='ltr'>atque</span> <span class='ocrx_word' id='word_1_268' title='bbox 2476 3635 2590 3689; x_wconf 89' lang='lat' dir='ltr'>VB</span> <span class='ocrx_word' id='word_1_269' title='bbox 2618 3637 2804 3705; x_wconf 83' lang='lat' dir='ltr'>adque</span> <span class='ocrx_word' id='word_1_270' title='bbox 2831 3636 2882 3691; x_wconf 88' lang='lat' dir='ltr'><strong><em>A</em></strong></span> 
     </span>
    </p>
   </div>
   <div class='ocr_carea' id='block_1_9' title="bbox 669 3739 2883 3849">
    <p class='ocr_par' dir='ltr' id='par_1_9' title="bbox 669 3739 2883 3849">
     <span class='ocr_line' id='line_1_31' title="bbox 976 3739 1059 3767; baseline 0 0"><span class='ocrx_word' id='word_1_271' title='bbox 976 3739 1001 3767; x_wconf 82' lang='lat'>1·</span> <span class='ocrx_word' id='word_1_272' title='bbox 1029 3740 1059 3767; x_wconf 81' lang='lat' dir='ltr'><strong>n</strong></span> 
     </span>
     <span class='ocr_line' id='line_1_32' title="bbox 669 3739 2883 3849; baseline 0.001 -18"><span class='ocrx_word' id='word_1_273' title='bbox 669 3784 736 3832; x_wconf 90' lang='lat'>10</span> <span class='ocrx_word' id='word_1_274' title='bbox 755 3739 1169 3835; x_wconf 50' lang='lat' dir='ltr'>reuerten‘turA</span> <span class='ocrx_word' id='word_1_275' title='bbox 1251 3798 1365 3834; x_wconf 86' lang='lat' dir='ltr'>non</span> <span class='ocrx_word' id='word_1_276' title='bbox 1384 3779 1774 3835; x_wconf 77' lang='lat' dir='ltr'>emitterentur</span> <span class='ocrx_word' id='word_1_277' title='bbox 1793 3796 1903 3833; x_wconf 92' lang='lat' dir='ltr'>non</span> <span class='ocrx_word' id='word_1_278' title='bbox 1923 3778 2315 3849; x_wconf 85' lang='lat' dir='ltr'>emitterentur</span> <span class='ocrx_word' id='word_1_279' title='bbox 2336 3781 2392 3834; x_wconf 92' lang='lat' dir='ltr'>et</span> <span class='ocrx_word' id='word_1_280' title='bbox 2410 3778 2585 3847; x_wconf 76' lang='lat' dir='ltr'>eibuS‚</span> <span class='ocrx_word' id='word_1_281' title='bbox 2606 3780 2702 3835; x_wconf 83' lang='lat' dir='ltr'>sed</span> <span class='ocrx_word' id='word_1_282' title='bbox 2710 3781 2883 3835; x_wconf 76' lang='lat' dir='ltr'>verbis</span> 
     </span>
    </p>
   </div>
   <div class='ocr_carea' id='block_1_10' title="bbox 587 3867 2879 4116">
    <p class='ocr_par' dir='ltr' id='par_1_10' title="bbox 587 3867 2879 4116">
     <span class='ocr_line' id='line_1_33' title="bbox 587 3867 2879 3925; baseline 0.003 -6"><span class='ocrx_word' id='word_1_283' title='bbox 587 3883 699 3920; x_wconf 89' lang='lat' dir='ltr'>non</span> <span class='ocrx_word' id='word_1_284' title='bbox 728 3867 1118 3924; x_wconf 85' lang='lat' dir='ltr'>emitterentur</span> <span class='ocrx_word' id='word_1_285' title='bbox 1146 3872 1205 3924; x_wconf 89' lang='lat' dir='ltr'>et</span> <span class='ocrx_word' id='word_1_286' title='bbox 1230 3871 1497 3924; x_wconf 82' lang='lat' dir='ltr'>subducta</span> <span class='ocrx_word' id='word_1_287' title='bbox 1527 3870 1676 3924; x_wconf 82' lang='lat' dir='ltr'>linea</span> <span class='ocrx_word' id='word_1_288' title='bbox 1702 3870 1908 3923; x_wconf 69' lang='lat' dir='ltr'>‘notatis</span> <span class='ocrx_word' id='word_1_289' title='bbox 1926 3870 1979 3922; x_wconf 91' lang='lat' dir='ltr'><strong><em>A</em></strong></span> <span class='ocrx_word' id='word_1_290' title='bbox 2001 3886 2112 3922; x_wconf 92' lang='lat' dir='ltr'>non</span> <span class='ocrx_word' id='word_1_291' title='bbox 2136 3867 2525 3923; x_wconf 85' lang='lat' dir='ltr'>emitterentur</span> <span class='ocrx_word' id='word_1_292' title='bbox 2547 3868 2623 3922; x_wconf 87' lang='lat' dir='ltr'>Et</span> <span class='ocrx_word' id='word_1_293' title='bbox 2654 3869 2813 3925; x_wconf 86' lang='lat' dir='ltr'>cibus</span> <span class='ocrx_word' id='word_1_294' title='bbox 2832 3886 2879 3924; x_wconf 87' lang='lat' dir='ltr'>m</span> 
     </span>
     <span class='ocr_line' id='line_1_34' title="bbox 689 3956 2789 4026; baseline 0.001 -16"><span class='ocrx_word' id='word_1_295' title='bbox 689 3963 751 4010; x_wconf 93' lang='lat'>11</span> <span class='ocrx_word' id='word_1_296' title='bbox 781 3956 1084 4026; x_wconf 83' lang='lat' dir='ltr'>apponitur</span> <span class='ocrx_word' id='word_1_297' title='bbox 1122 3958 1303 4013; x_wconf 91' lang='lat' dir='ltr'><strong><em>VAB</em></strong></span> <span class='ocrx_word' id='word_1_298' title='bbox 1404 3965 1468 4012; x_wconf 88' lang='grc'>12</span> <span class='ocrx_word' id='word_1_299' title='bbox 1497 3958 1712 4012; x_wconf 84' lang='lat' dir='ltr'>fasiolis</span> <span class='ocrx_word' id='word_1_300' title='bbox 1742 3959 1858 4012; x_wconf 91' lang='lat' dir='ltr'>PB</span> <span class='ocrx_word' id='word_1_301' title='bbox 1886 3956 2112 4011; x_wconf 88' lang='lat' dir='ltr'>faseolis</span> <span class='ocrx_word' id='word_1_302' title='bbox 2131 3957 2291 4012; x_wconf 88' lang='lat' dir='ltr'>Amv</span> <span class='ocrx_word' id='word_1_303' title='bbox 2395 3965 2460 4012; x_wconf 84' lang='lat'>13</span> <span class='ocrx_word' id='word_1_304' title='bbox 2488 3956 2712 4012; x_wconf 85' lang='lat' dir='ltr'>turibus</span> <span class='ocrx_word' id='word_1_305' title='bbox 2732 3959 2789 4012; x_wconf 84' lang='lat' dir='ltr'><strong><em>A</em></strong></span> 
     </span>
     <span class='ocr_line' id='line_1_35' title="bbox 591 4044 2878 4116; baseline 0 -18"><span class='ocrx_word' id='word_1_306' title='bbox 591 4051 655 4098; x_wconf 88' lang='grc'>14</span> <span class='ocrx_word' id='word_1_307' title='bbox 693 4047 877 4114; x_wconf 73' lang='lat' dir='ltr'>quaed</span> <span class='ocrx_word' id='word_1_308' title='bbox 917 4048 1101 4103; x_wconf 90' lang='lat' dir='ltr'><strong><em>PAB</em></strong></span> <span class='ocrx_word' id='word_1_309' title='bbox 1140 4046 1324 4115; x_wconf 84' lang='lat' dir='ltr'>quoad</span> <span class='ocrx_word' id='word_1_310' title='bbox 1360 4065 1393 4102; x_wconf 83' lang='lat' dir='ltr'><strong><em>v</em></strong></span> <span class='ocrx_word' id='word_1_311' title='bbox 1510 4045 1856 4101; x_wconf 84' lang='lat' dir='ltr'>imidandum</span> <span class='ocrx_word' id='word_1_312' title='bbox 1895 4047 1948 4099; x_wconf 91' lang='lat' dir='ltr'><strong><em>A</em></strong></span> <span class='ocrx_word' id='word_1_313' title='bbox 1988 4062 2123 4100; x_wconf 79' lang='lat' dir='ltr'>corr.</span> <span class='ocrx_word' id='word_1_314' title='bbox 2164 4044 2498 4101; x_wconf 80' lang='lat' dir='ltr'>imitandum</span> <span class='ocrx_word' id='word_1_315' title='bbox 2535 4045 2620 4100; x_wconf 83' lang='lat' dir='ltr'><strong><em>A²</em></strong></span> <span class='ocrx_word' id='word_1_316' title='bbox 2737 4046 2878 4116; x_wconf 89' lang='lat' dir='ltr'>peri·</span> 
     </span>
    </p>
   </div>
   <div class='ocr_carea' id='block_1_11' title="bbox 585 4148 2878 4594">
    <p class='ocr_par' dir='ltr' id='par_1_11' title="bbox 585 4148 2878 4419">
     <span class='ocr_line' id='line_1_36' title="bbox 587 4148 2878 4241; baseline 0.001 -17"><span class='ocrx_word' id='word_1_317' title='bbox 587 4148 774 4225; x_wconf 70' lang='lat' dir='ltr'>steii’as</span> <span class='ocrx_word' id='word_1_318' title='bbox 812 4172 869 4226; x_wconf 79' lang='lat' dir='ltr'><strong><em>A</em></strong></span> <span class='ocrx_word' id='word_1_319' title='bbox 1015 4179 1079 4226; x_wconf 84' lang='lat'>16</span> <span class='ocrx_word' id='word_1_320' title='bbox 1119 4174 1258 4241; x_wconf 73' lang='lat' dir='ltr'>quot</span> <span class='ocrx_word' id='word_1_321' title='bbox 1292 4173 1390 4226; x_wconf 83' lang='lat' dir='ltr'>Bv</span> <span class='ocrx_word' id='word_1_322' title='bbox 1428 4172 1577 4241; x_wconf 78' lang='lat' dir='ltr'>quoa</span> <span class='ocrx_word' id='word_1_323' title='bbox 1617 4170 1732 4224; x_wconf 79' lang='grc' dir='ltr'>ΡΑ</span> <span class='ocrx_word' id='word_1_324' title='bbox 1874 4170 2146 4225; x_wconf 72' lang='lat' dir='ltr'>foeminas</span> <span class='ocrx_word' id='word_1_325' title='bbox 2193 4170 2244 4224; x_wconf 89' lang='lat' dir='ltr'><strong><em>V</em></strong></span> <span class='ocrx_word' id='word_1_326' title='bbox 2380 4172 2556 4225; x_wconf 72' lang='lat' dir='ltr'>nichil</span> <span class='ocrx_word' id='word_1_327' title='bbox 2595 4173 2648 4224; x_wconf 86' lang='lat' dir='ltr'><strong><em>A</em></strong></span> <span class='ocrx_word' id='word_1_328' title='bbox 2768 4173 2878 4227; x_wconf 81' lang='lat' dir='ltr'>foe-</span> 
     </span>
     <span class='ocr_line' id='line_1_37' title="bbox 587 4258 2878 4331; baseline -0.001 -17"><span class='ocrx_word' id='word_1_329' title='bbox 587 4261 819 4314; x_wconf 86' lang='lat' dir='ltr'>cundius</span> <span class='ocrx_word' id='word_1_330' title='bbox 857 4259 910 4313; x_wconf 89' lang='lat' dir='ltr'><strong><em>V</em></strong></span> <span class='ocrx_word' id='word_1_331' title='bbox 1047 4259 1422 4330; x_wconf 75' lang='lat' dir='ltr'>quadragenis</span> <span class='ocrx_word' id='word_1_332' title='bbox 1456 4265 1580 4329; x_wconf 80' lang='lat' dir='ltr'>post</span> <span class='ocrx_word' id='word_1_333' title='bbox 1617 4258 1864 4329; x_wconf 84' lang='lat' dir='ltr'>concipit</span> <span class='ocrx_word' id='word_1_334' title='bbox 1898 4261 2201 4328; x_wconf 72' lang='lat' dir='ltr'>repetitum,</span> <span class='ocrx_word' id='word_1_335' title='bbox 2239 4261 2333 4314; x_wconf 79' lang='lat' dir='ltr'>sed</span> <span class='ocrx_word' id='word_1_336' title='bbox 2361 4261 2606 4326; x_wconf 80' lang='lat' dir='ltr'>deletum,</span> <span class='ocrx_word' id='word_1_337' title='bbox 2645 4262 2706 4315; x_wconf 91' lang='lat' dir='ltr'>et</span> <span class='ocrx_word' id='word_1_338' title='bbox 2733 4261 2878 4331; x_wconf 82' lang='lat' dir='ltr'>parit</span> 
     </span>
     <span class='ocr_line' id='line_1_38' title="bbox 585 4347 2875 4419; baseline 0 -16"><span class='ocrx_word' id='word_1_339' title='bbox 585 4351 649 4403; x_wconf 80' lang='lat' dir='ltr'>in</span> <span class='ocrx_word' id='word_1_340' title='bbox 683 4350 931 4419; x_wconf 77' lang='lat' dir='ltr'>maryine</span> <span class='ocrx_word' id='word_1_341' title='bbox 965 4351 1229 4418; x_wconf 78' lang='lat' dir='ltr'>scriptum</span> <span class='ocrx_word' id='word_1_342' title='bbox 1266 4349 1320 4403; x_wconf 92' lang='lat' dir='ltr'><strong><em>A</em></strong></span> <span class='ocrx_word' id='word_1_343' title='bbox 1468 4355 1537 4403; x_wconf 88' lang='grc'>20</span> <span class='ocrx_word' id='word_1_344' title='bbox 1573 4349 1742 4403; x_wconf 87' lang='lat' dir='ltr'>robor</span> <span class='ocrx_word' id='word_1_345' title='bbox 1782 4347 1966 4403; x_wconf 88' lang='lat' dir='ltr'><strong><em>PAB</em></strong></span> <span class='ocrx_word' id='word_1_346' title='bbox 2001 4349 2172 4403; x_wconf 87' lang='lat' dir='ltr'>robur</span> <span class='ocrx_word' id='word_1_347' title='bbox 2207 4366 2241 4403; x_wconf 83' lang='grc' dir='ltr'><strong><em>υ</em></strong></span> <span class='ocrx_word' id='word_1_348' title='bbox 2386 4355 2450 4403; x_wconf 89' lang='grc'>21</span> <span class='ocrx_word' id='word_1_349' title='bbox 2492 4348 2791 4403; x_wconf 80' lang='lat' dir='ltr'>secludant</span> <span class='ocrx_word' id='word_1_350' title='bbox 2825 4350 2875 4403; x_wconf 89' lang='lat' dir='ltr'><strong><em>A</em></strong></span> 
     </span>
    </p>

    <p class='ocr_par' dir='ltr' id='par_1_12' title="bbox 587 4436 2877 4594">
     <span class='ocr_line' id='line_1_39' title="bbox 762 4436 2877 4508; baseline -0.001 -16"><span class='ocrx_word' id='word_1_351' title='bbox 762 4445 830 4492; x_wconf 91' lang='grc'>22</span> <span class='ocrx_word' id='word_1_352' title='bbox 877 4439 1076 4508; x_wconf 82' lang='lat' dir='ltr'>hyeme</span> <span class='ocrx_word' id='word_1_353' title='bbox 1122 4438 1232 4493; x_wconf 92' lang='lat' dir='ltr'>hoc</span> <span class='ocrx_word' id='word_1_354' title='bbox 1278 4437 1367 4491; x_wconf 88' lang='lat' dir='ltr'>bis</span> <span class='ocrx_word' id='word_1_355' title='bbox 1426 4438 1476 4491; x_wconf 92' lang='lat' dir='ltr'><strong><em>V</em></strong></span> <span class='ocrx_word' id='word_1_356' title='bbox 1517 4437 1702 4490; x_wconf 87' lang='lat' dir='ltr'>hieme</span> <span class='ocrx_word' id='word_1_357' title='bbox 1749 4436 1933 4491; x_wconf 88' lang='lat' dir='ltr'>hieme</span> <span class='ocrx_word' id='word_1_358' title='bbox 1981 4440 2087 4493; x_wconf 88' lang='lat' dir='ltr'>hoc</span> <span class='ocrx_word' id='word_1_359' title='bbox 2133 4438 2218 4493; x_wconf 84' lang='lat' dir='ltr'>bis</span> <span class='ocrx_word' id='word_1_360' title='bbox 2254 4440 2377 4494; x_wconf 89' lang='lat' dir='ltr'><strong><em>AB</em></strong></span> <span class='ocrx_word' id='word_1_361' title='bbox 2565 4444 2635 4492; x_wconf 87' lang='grc'>23</span> <span class='ocrx_word' id='word_1_362' title='bbox 2684 4439 2877 4507; x_wconf 77' lang='lat' dir='ltr'>hyeme</span> 
     </span>
     <span class='ocr_line' id='line_1_40' title="bbox 587 4525 1587 4594; baseline 0 -15"><span class='ocrx_word' id='word_1_363' title='bbox 587 4527 817 4581; x_wconf 88' lang='lat' dir='ltr'>demunt</span> <span class='ocrx_word' id='word_1_364' title='bbox 866 4527 915 4579; x_wconf 80' lang='lat' dir='ltr'><strong><em>V</em></strong></span> <span class='ocrx_word' id='word_1_365' title='bbox 1055 4526 1265 4594; x_wconf 87' lang='lat' dir='ltr'>cibum]</span> <span class='ocrx_word' id='word_1_366' title='bbox 1305 4527 1499 4580; x_wconf 86' lang='lat' dir='ltr'>eibunt</span> <span class='ocrx_word' id='word_1_367' title='bbox 1533 4525 1587 4579; x_wconf 91' lang='lat' dir='ltr'><strong><em>A</em></strong></span> 
     </span>
    </p>
   </div>
  </div>
 </body>
</html>
