3178 5185
590 398 718 462 288
1273 405 1655 461 COMMENT.
1694 407 1774 460 IN
1810 406 2185 461 VARRONIS

593 563 765 621 iunci
815 563 1131 635 trianguli,
1196 578 1464 638 cyperon
1522 567 1759 640 vocant,
1826 563 1999 620 multi
2052 577 2195 620 vero
2251 577 2370 620 non
2429 563 2789 621 discernunt
2843 579 2879 620 a

591 671 805 744 cypiro
861 670 1175 728 vicinitate
1229 670 1505 728 nominis.
1609 667 1822 726 deinde
1879 669 2074 726 minus
2131 668 2468 727 valentibus
2525 669 2742 747 scripsi
2805 687 2874 728 ex

593 774 1003 835 emendatione
1037 773 1264 835 Ursini:
1330 773 1554 834 Colum.
1593 772 1673 832 IX
1711 769 1771 853 5,
1803 771 1842 834 6
1889 780 2033 834 sunt
2068 777 2251 835 etiam
2283 776 2550 834 remedio
2589 776 2878 848 lanquen-

593 883 752 942 tibus
797 885 992 958 cytisi.
1086 882 1282 941 minus
1332 880 1593 941 valentes
1641 898 1782 959 apes
1830 881 2111 941 dicuntur
2157 881 2312 940 infra
2360 879 2398 957 ξ
2437 877 2542 941 20.

770 988 866 1049 Ab
934 972 1398 1066 aequinoctio
1456 1005 1679 1047 uerno
1737 986 2011 1047 florere
2068 988 2331 1066 incipit
2388 994 2455 1048 et
2512 995 2884 1066 permanet

595 1095 675 1156 ad
724 1095 1031 1156 alterum
1071 1096 1617 1174 aequinoctium
1659 1092 2112 1170 autumnum]
2153 1095 2253 1154 Ad
2286 1096 2742 1168 aequinoctium
2780 1112 2881 1154 au-

594 1206 829 1279 tumpni
863 1221 950 1283 m,
997 1205 1084 1264 ad
1126 1206 1385 1262 alterum
1432 1203 1881 1276 aequinoctium
1929 1204 2208 1261 autumni
2255 1201 2410 1261 edita
2457 1200 2595 1260 inde
2646 1219 2677 1260 a
2727 1203 2881 1280 prin-

596 1312 726 1388 cipe
775 1310 1032 1370 editione
1084 1308 1455 1389 exemplaria.
1547 1306 1640 1367 vel
1689 1310 1948 1367 alterum
1995 1306 2087 1367 vel
2134 1310 2412 1367 autumni
2447 1305 2753 1367 abundare
2792 1307 2883 1367 ad-

595 1417 822 1477 notavit
865 1416 1197 1476 Pontedera
1245 1435 1301 1494 p.
1339 1411 1492 1475 456.
1565 1412 1757 1473 delevi
1803 1421 2174 1474 autumnum.
2253 1431 2388 1473 nam
2437 1416 2883 1488 aequinoctium

597 1530 950 1584 autumnum
998 1522 1183 1582 Varro
1223 1540 1340 1581 non
1390 1521 1552 1600 dixit,
1602 1519 1704 1580 sed
1754 1525 2120 1581 autumnale.

774 1624 856 1690 15
915 1628 1065 1688 Non
1122 1646 1258 1706 quo
1315 1645 1453 1688 non
1501 1629 1572 1687 in
1632 1625 1852 1686 uillae
1909 1629 2200 1706 porticu
2258 1639 2542 1706 quoque
2603 1627 2882 1706 quidam

594 1755 728 1814 quo
778 1737 1009 1796 tutius
1057 1743 1309 1795 essent
1354 1734 1699 1794 aluariam
1748 1733 2241 1811 collocarent]
2292 1736 2587 1795 Alvearia
2625 1739 2883 1796 colloca-

592 1846 722 1903 rint
765 1842 1006 1903 Merula.
1098 1859 1215 1917 quo
1264 1844 1452 1902 tutius
1498 1848 1654 1901 esset
1699 1844 2001 1901 alvarium
2042 1825 2403 1902 collocarint
2440 1842 2673 1921 scripsi.
2757 1860 2884 1902 nam

595 1967 733 2009 cum
779 1948 993 2028 plurali
1039 1966 1290 2008 numero
1346 1945 1512 2007 verbi
1567 1953 1766 2007 essent
1820 1945 2080 2006 adverbii
2106 1954 2109 1955 ’
2136 1946 2266 2007 loco
2325 1951 2513 2010 tutius
2570 1949 2717 2027 poni
2773 1967 2884 2008 non

597 2064 850 2136 poterat,
896 2073 1091 2133 neque
1138 2054 1553 2133 imperfectum
1603 2062 1838 2132 tempus
1885 2056 2257 2115 collocarent
2282 2053 2711 2133 neglegentiae
2766 2073 2883 2115 ser-

598 2164 791 2223 monis
838 2161 1221 2222 tribuendum
1265 2179 1395 2237 esse
1443 2167 1605 2240 puto.

774 2267 905 2330 Ubi
961 2269 1108 2328 sint
1162 2267 1286 2327 alii
1345 2267 1631 2327 faciunt
1685 2285 1767 2327 ex
1813 2265 2211 2327 uiminibus
2267 2266 2660 2345 rutunda‘s]
2714 2271 2885 2330 Alvos

595 2378 703 2436 ubi
746 2378 870 2437 sint
915 2373 1072 2435 edita
1119 2381 1253 2434 ante
1293 2372 1623 2434 Victorium
1672 2372 2043 2453 exemplaria.
2116 2378 2280 2434 alvos
2325 2372 2626 2434 Victorius
2674 2374 2885 2435 delevit

596 2490 657 2542 et
719 2484 780 2542 in
846 2500 1023 2542 manu
1092 2482 1331 2560 scriptis
1390 2479 1557 2540 libris
1617 2499 1650 2540 a
1707 2499 1768 2540 se
1832 2498 1950 2539 non
2005 2481 2312 2540 inventum
2379 2486 2509 2540 esse
2546 2481 2885 2542 adnotavit.

597 2608 811 2650 nomen
859 2597 1104 2668 propter
1152 2606 1217 2648 ea
1267 2606 1417 2666 quae
1466 2597 1831 2667 sequuntur,
1888 2590 2043 2648 haec
2099 2589 2300 2648 omnia
2346 2596 2568 2649 vocant
2615 2608 2656 2649 a
2703 2592 2885 2662 mellis

602 2698 885 2757 alimonio
931 2699 1114 2770 alvos,
1161 2697 1447 2755 omissum
1494 2712 1626 2756 esse
1675 2695 1831 2756 idem
1871 2694 2300 2755 animadvertit.
2361 2747 2366 2754 .
2806 2769 2807 2772 Ἴ

777 2801 909 2863 Sed
958 2803 1059 2862 ita
1107 2803 1212 2861 uti
1259 2820 1504 2882 parum
1554 2809 1720 2862 sunt
1766 2820 1944 2880 quae
1994 2800 2400 2879 compleant
2446 2810 2523 2862 ut
2561 2820 2686 2862 eas
2726 2821 2882 2863 con·

599 2916 989 2988 angustent
1033 2911 1104 2969 in
1153 2917 1360 2969 uasto
1408 2902 1563 2970 l'oco
1602 2911 1798 2969 inani
1837 2908 2339 2987 despondeant
2375 2908 2722 2986 animum]
2770 2911 2888 2970 Sed

602 3020 690 3077 ita
735 3020 828 3077 uti
864 3034 1090 3092 parum
1140 3020 1262 3077 sint
1314 3034 1473 3091 quae
1515 3009 1881 3092 compleant,
1929 3034 2006 3076 ne
2052 3034 2158 3076 eas
2203 3019 2620 3091 coangustent.
2695 3034 2774 3076 ne
2828 3018 2885 3074 in

599 3130 765 3183 vasto
812 3127 943 3184 loco
993 3130 1049 3183 et
1096 3125 1272 3184 inani
1319 3125 1734 3199 despondeant
1770 3126 2035 3183 animum
2074 3121 2315 3205 Merula,
2350 3125 2464 3183 sed
2496 3126 2585 3183 ita
2624 3125 2720 3183 uti
2754 3139 2885 3182 cum

594 3248 821 3306 parum
867 3231 948 3289 sit
993 3247 1115 3305 qua
1163 3232 1515 3307 compleant,
1564 3248 1670 3291 eas
1716 3236 2133 3305 coanyustent,
2172 3248 2249 3290 ne
2272 3232 2347 3306 ¹in
2374 3236 2552 3307 ¹vasto
2591 3232 2725 3289 loco
2763 3246 2883 3306 sqq.

597 3334 918 3396 Iucundus.
994 3336 1064 3395 ad
1104 3337 1463 3414 scripturam
1502 3335 1808 3415 archetypi
1854 3338 1914 3395 in
1952 3335 2114 3396 hunc
2162 3336 2401 3396 modum
2442 3333 2621 3395 verba
2661 3334 2883 3411 refinxi,

595 3445 706 3502 sed
750 3445 856 3522 ita,
903 3444 1011 3502 ubi
1046 3460 1275 3518 parum
1311 3449 1455 3502 sunt
1490 3460 1651 3517 quae
1697 3446 2034 3519 conpleant,
2073 3450 2143 3503 ut
2178 3461 2284 3504 eas
2321 3447 2783 3522 conanqustent,
2824 3444 2882 3501 in

597 3555 764 3608 vasto
812 3552 942 3609 loco
991 3551 1165 3608 inani
1201 3566 1277 3608 ne
1315 3550 1729 3624 despondeant
1766 3552 2048 3609 animum.
2124 3548 2237 3608 alvi
2267 3549 2643 3628 angustiores
2673 3548 2882 3609 facien·

598 3653 705 3714 dae
755 3662 915 3735 sunt,
962 3656 1014 3713 si
1061 3672 1201 3732 apes
1249 3654 1319 3713 ad
1370 3672 1468 3714 eas
1500 3654 1861 3732 conplendas
1900 3665 2019 3715 non'
2060 3655 2381 3735 sufficiunt,
2427 3674 2502 3715 ne
2541 3653 2691 3716 illaess
2716 3655 2881 3714 vasti·

595 3769 715 3822 tate
765 3760 880 3821 loci
926 3761 1117 3820 inanis
1165 3759 1612 3839 perturbentur.

780 3865 861 3929 16
929 3866 1157 3927 Media
1193 3867 1368 3939 ⁷aluo
1415 3870 1485 3927 in
1544 3887 1677 3947 qua
1724 3870 2099 3929 introeant
2154 3887 2322 3947 apes
2369 3868 2651 3944 tacissunt
2688 3867 2882 3928 fora-

599 3977 782 4034 mina
818 3971 1079 4052 parua]
1119 3972 1631 4053 Praepositionem
1673 3979 1734 4036 in
1773 3983 1936 4036 recte
1974 3974 2219 4036 inclusit
2258 3973 2677 4055 Schneiderus.
2753 3985 2880 4034 nam

596 4082 863 4160 ineptum
914 4087 1006 4140 est
1052 4074 1148 4139 ‘in
1197 4098 1312 4157 qua
1359 4079 1485 4141 alvo
1533 4074 1882 4163 introeant'‚
1940 4081 2044 4142 sed
2100 4099 2210 4160 pro
2266 4080 2545 4143 adverbio
2601 4088 2696 4144 est
2749 4097 2882 4154 qua,

598 4195 665 4247 ut
711 4187 1080 4264 significetur
1129 4187 1313 4268 locuS‚
1359 4189 1421 4248 in
1470 4206 1587 4268 quo
1631 4195 1771 4248 sunt
1816 4189 2103 4248 foramina
2144 4187 2216 4248 ad
2254 4186 2679 4248 introeundum
2720 4188 2881 4247 facta.

598 4293 805 4353 eodem
856 4294 994 4353 vitio
1041 4292 1066 4352 Ι
1104 4289 1209 4372 41,
1248 4290 1288 4354 3
1347 4297 1409 4354 in
1465 4311 1588 4368 qua
1635 4296 1697 4354 iu
1747 4294 2050 4355 codicibus
2099 4313 2206 4374 pro
2267 4303 2391 4370 qua
2422 4296 2733 4372 „scriptum
2779 4300 2879 4353 est

597 4402 660 4459 in
725 4401 925 4459 media
991 4402 1126 4460 alvo
1182 4417 1305 4474 qua
1360 4403 1671 4464 introeant
1725 4400 1785 4461 C.
1829 4400 1892 4462 F.
1943 4399 2034 4461 W.
2079 4398 2401 4476 Muellerus
2457 4402 2519 4460 in
2576 4397 2877 4480 annalibus

598 4504 964 4564 scholasticis
1002 4504 1504 4567 Berolinensibus
1561 4525 1610 4567 a.
1655 4503 1824 4570 1865
1880 4527 1935 4587 p.
1976 4503 2012 4570 7
2020 4502 2102 4568 97
2163 4505 2547 4570 scribendum
2605 4507 2873 4568 coniecit.
