3178 5185
639 405 726 468 60
1330 409 1712 465 COMMENT.
1747 377 1832 464 ‘IN
1877 409 2252 466 VARRONIS

641 569 863 630 tentiae
908 566 989 627 111
1027 565 1087 648 2,
1120 563 1203 628 18
1253 570 1369 641 ille,
1416 569 1527 643 qui
1567 568 1825 627 simulac
1855 568 2215 642 promiseris
2259 568 2575 643 minerval,
2624 567 2924 641 incipiam,

642 678 853 751 inquit,
892 673 994 735 ubi
1031 677 1178 750 quin
1216 693 1289 734 ex
1325 673 1536 734 Aldina
1574 671 1835 734 editione
1875 680 2182 752 receptum
2222 679 2368 733 erat.
2435 671 2629 733 Plauti
2665 672 2926 750 exempla

639 789 775 860 post
832 783 1131 860 copiosam
1186 780 1651 859 disputationem
1708 779 2078 840 Fleckeiseni
2132 781 2195 840 in
2257 777 2651 840 miscellaneis
2707 781 2924 840 criticis

637 907 694 967 p.
740 885 829 950 23
880 906 1007 967 sqq.
1083 889 1418 967 composuit
1487 886 1935 947 Schoemannus
2000 904 2204 966 opusc.
2251 885 2411 947 acad.
2461 906 2511 946 v.
2557 886 2633 946 IV
2686 905 2742 966 p.
2778 882 2926 948 300.

640 994 911 1058 similiter
971 995 1195 1055 dictum
1254 1012 1386 1056 esse
1443 1002 1510 1055 ut
1574 998 1684 1070 qui
1737 993 1949 1056 Munro
2014 995 2077 1054 in
2141 992 2379 1055 Lucret.
2426 993 2451 1053 1
2501 988 2631 1055 755
2692 991 2925 1053 demon-

641 1103 863 1163 stravit.

813 1213 1001 1269 XV1II
1036 1205 1079 1269 2
1143 1207 1659 1287 Indiligentiae
1706 1206 1771 1285 l.]
1822 1209 2251 1283 Indulqentiae
2288 1207 2566 1268 Licinius
2611 1224 2683 1268 ex
2719 1205 2925 1267 Aldina

639 1315 898 1376 editione
946 1314 1246 1394 vulgatum
1294 1322 1437 1377 erat.

815 1420 857 1484 3
922 1421 1248 1483 Modulos
1295 1420 1656 1501 relinquit
1691 1414 1938 1505 nobis]
1979 1422 2253 1498 Reliquit
2288 1419 2513 1482 Merula
2549 1428 2731 1483 recte.
2791 1438 2926 1482 nam

636 1527 903 1607 perfecto
952 1537 1220 1608 tempore
1269 1548 1419 1609 opus
1468 1536 1598 1591 erat
1643 1528 1716 1590 de
1772 1530 1848 1589 iis
1895 1547 2046 1608 quae
2092 1530 2155 1589 in
2209 1527 2380 1589 libris
2431 1530 2654 1608 scripta
2701 1537 2760 1590 et
2805 1545 2920 1589 me-

640 1637 862 1695 moriae
910 1635 1181 1697 mandata
1228 1644 1418 1715 erant,
1465 1655 1583 1698 non
1632 1638 1952 1717 praesenti.

815 1742 1012 1813 Quod
1079 1751 1238 1804 cato
1297 1746 1356 1803 si
1412 1743 1649 1804 uoluit
1707 1749 1782 1805 ut
1838 1741 2089 1805 debuit
2154 1744 2250 1804 sit
2309 1743 2779 1822 proportione
2848 1741 2925 1803 ad

635 1851 976 1910 maiorem
1024 1850 1320 1911 fundum
1367 1859 1435 1910 et
1479 1852 1828 1911 minorem
1885 1849 2313 1911 adderemus
2362 1857 2431 1910 et
2486 1850 2927 1910 demeremus

634 1964 1011 2035 praeterea
1059 1965 1260 2018 extra
1307 1956 1650 2017 familiam
1705 1954 1958 2017 debuit
2005 1955 2250 2016 dicere
2300 1955 2597 2016 uilicum
2645 1962 2713 2016 et
2757 1955 2925 2016 uili-

636 2064 817 2142 cam]
876 2066 1052 2138 Quod
1110 2067 1257 2126 Cato
1314 2067 1373 2125 si
1424 2066 1613 2124 voluit
1667 2065 1764 2136 (ut
1819 2056 2053 2145 debuit)
2108 2065 2202 2124 uti
2245 2066 2669 2140 proportione,
2724 2070 2794 2123 ut
2850 2066 2931 2123 ad

634 2175 925 2233 maiorem
964 2171 1228 2248 fundum
1275 2174 1371 2232 vel
1412 2174 1705 2231 minorem
1753 2171 2118 2231 adderemus
2164 2174 2261 2231 vel
2304 2172 2693 2246 demeremuS,
2744 2179 2925 2231 extra

627 2276 929 2353 familiam
978 2280 1185 2340 debuit
1230 2281 1440 2339 dieere
1477 2280 1742 2338 villicum
1781 2283 1841 2338 et
1877 2279 2142 2338 villicam
2179 2276 2499 2356 IucunduS,
2539 2276 2643 2337 ubi
2680 2284 2749 2338 ut
2788 2285 2918 2339 ante

635 2388 721 2445 ad
746 2388 1037 2446 maiorem
1075 2384 1375 2445 Victorius
1412 2385 1630 2444 omisit.
1706 2383 1809 2443 sed
1850 2386 1912 2444 in
1948 2383 2042 2444 bis
2081 2383 2445 2463 explicandis
2486 2384 2711 2445 frustra
2741 2386 2919 2445 inter-

634 2498 836 2571 pretes
882 2489 1321 2570 laboraverunt,
1378 2509 1572 2570 neque
1622 2491 1854 2552 felicius
1909 2509 2009 2551 res
2071 2492 2251 2551 cessit
2309 2490 2638 2572 Scaligero‚
2695 2493 2803 2570 qui
2846 2494 2920 2552 ita

636 2599 952 2678 legendum
991 2601 1264 2682 coniecit,
1301 2603 1467 2675 quod
1508 2602 1655 2661 Cato
1692 2602 1749 2660 si
1783 2602 1985 2674 voluit,
2023 2606 2091 2659 ut
2129 2601 2351 2673 debuit,
2393 2602 2488 2660 uti
2514 2604 2923 2676 proportione,

638 2710 726 2768 ad
759 2710 1051 2767 maiorem
1090 2704 1355 2781 fundum
1392 2711 1505 2769 vel.
1528 2710 1821 2767 minorem
1869 2708 2103 2768 addere
2149 2709 2246 2766 vel
2286 2709 2554 2779 demere,
2603 2713 2791 2767 extra
2828 2705 2920 2782 fa·

638 2816 863 2874 miliam
902 2831 1029 2891 sqq.
1105 2812 1256 2874 duae
1303 2832 1402 2873 res
1450 2815 1510 2874 in
1567 2812 1789 2874 Catone
1846 2812 2398 2894 reprehenduntur,
2454 2814 2713 2892 primum
2771 2813 2920 2893 quod

635 2920 707 2980 ad
755 2927 987 2980 certum
1027 2919 1198 2980 fundi
1236 2920 1478 2982 modum
1515 2938 1832 2981 numerum
1873 2921 2305 2998 mancipiorum
2345 2920 2673 3001 constituit,
2712 2920 2918 2980 deinde

633 3025 790 3106 quod
837 3026 1077 3087 vilicum
1124 3034 1185 3088 et
1231 3027 1459 3088 vilicam
1508 3045 1628 3087 non
1677 3035 1842 3088 extra
1890 3026 2167 3086 familiam
2215 3025 2382 3087 dixit.
2457 3027 2528 3087 ad
2569 3045 2750 3105 quam
2798 3046 2919 3088 sen-

632 3135 875 3196 tentiam
916 3141 1260 3213 corruptam
1296 3135 1607 3215 archetypi
1645 3136 2002 3214 scripturam
2039 3136 2103 3194 in
2141 3133 2302 3194 hunc
2332 3132 2575 3193 modum
2604 3133 2921 3212 emendavi,

631 3243 797 3316 quod
855 3241 1002 3302 Cato
1055 3245 1115 3302 si
1166 3246 1377 3317 voluit,
1436 3242 1645 3304 debuit
1697 3245 1814 3324 sic,
1870 3248 1940 3302 ut
1983 3259 2105 3318 pro
2152 3243 2438 3318 portione
2498 3243 2585 3301 ad
2635 3243 2920 3301 maiorem

625 3347 889 3423 fundum
936 3354 995 3408 et
1038 3351 1331 3410 minorem
1377 3352 1743 3411 adderemus
1789 3355 1849 3409 et
1905 3350 2297 3410 demeremus.
2363 3354 2700 3424 praeterea
2749 3353 2919 3408 extra

624 3453 928 3530 familiam
975 3472 1122 3536 sqq.,
1170 3454 1226 3516 h.
1267 3474 1317 3516 e.
1358 3457 1408 3515 si
1446 3455 1589 3516 Cato
1639 3453 1894 3515 dilucide
1931 3453 2140 3515 modos
2180 3455 2544 3514 constituere
2591 3452 2796 3528 voluit,
2840 3453 2917 3511 sic

631 3561 978 3639 praecipere
1008 3560 1232 3642 debuit,
1273 3569 1337 3622 ut
1365 3562 1436 3622 ad
1467 3564 1749 3623 maiorem
1789 3570 1848 3623 et
1886 3563 2177 3622 minorem
2218 3560 2465 3621 fundum
2505 3578 2616 3640 pro
2654 3562 2917 3640 portione

631 3667 986 3728 adderemus
1035 3676 1095 3729 et
1142 3666 1537 3730 demeremuS.

809 3771 853 3834 4
917 3773 1063 3835 Duo
1111 3774 1316 3835 uilici
1373 3784 1493 3836 aut
1548 3783 1699 3837 tres
1754 3773 2071 3836 habendi
2129 3775 2283 3834 fere
2340 3775 2666 3855 operarii
2726 3772 2914 3834 modo

632 3888 702 3941 et
748 3878 1043 3941 bubulci
1090 3899 1217 3960 pro
1264 3883 1600 3960 portione
1649 3880 1956 3941 addendi
2003 3880 2084 3941 ad
2132 3878 2435 3941 minoris
2480 3878 2560 3938 ad
2632 3880 2914 3941 maioris

630 3985 874 4047 modos
913 3984 1333 4063 fundorum]
1374 3988 1662 4049 Habendi
1689 3987 1872 4063 fuere
1909 3986 2150 4048 Merula.
2225 3987 2494 4048 habendi
2519 3985 2738 4062 suere:
2786 4002 2913 4061 ope-

631 4096 797 4154 rarii
849 4097 1021 4154 modo
1079 4100 1139 4155 et
1201 4095 1451 4155 bubulci
1495 4112 1615 4171 pro
1662 4098 1945 4171 portione
2011 4096 2294 4155 demendi
2355 4096 2451 4154 vel
2513 4095 2788 4156 addendi
2838 4091 2916 4151 ad

629 4202 895 4260 minores
950 4202 1285 4261 maioresve
1338 4203 1544 4262 modos
1600 4200 1757 4262 edita
1817 4201 1955 4261 inde
2021 4198 2093 4260 ab
2150 4199 2356 4261 Aldina
2413 4198 2673 4260 editione
2733 4214 2910 4260 exem-

628 4305 832 4385 plaria.
898 4308 1171 4367 restituta
1201 4309 1497 4386 scriptura
1530 4307 1837 4388 archetypi
1866 4307 2309 4369 distinctionem
2338 4305 2661 4367 verborum
2692 4303 2909 4367 correxi

633 4420 693 4473 et
740 4415 827 4474 ad
869 4416 1119 4474 minoris
1167 4413 1374 4495 delevi,
1423 4416 1542 4476 duo
1589 4418 1761 4476 vilici
1804 4423 1913 4476 aut
1959 4420 2083 4475 tres
2119 4415 2403 4475 habendi.
2471 4414 2614 4490 fere
2651 4411 2911 4493 operarii

633 4522 805 4580 modo
855 4526 914 4580 et
960 4522 1207 4581 bubulci
1243 4539 1361 4597 pro
1402 4525 1687 4598 portione
1733 4524 2006 4582 addendi
2041 4524 2127 4581 ad
2159 4523 2422 4581 maiores
2459 4524 2667 4583 modos
2700 4521 2904 4598 fundo-
