3178 5185
570 429 693 493 108
1248 437 1628 494 COMMENT.
1668 439 1746 492 IN
1783 437 2157 492 VARRONIS

567 601 708 673 tam,
756 595 920 667 quod
962 596 1194 653 culmus
1240 596 1471 654 extulit.
1545 596 1719 670 spica
1757 611 1849 668 ea,
1897 611 2055 668 quae
2090 596 2317 654 matie-a
2354 610 2475 654 non
2515 599 2603 653 est
2639 592 2838 653 Iucun-

567 699 696 780 duS‚
744 697 847 760 ubi
892 704 1169 761 mutilata
1208 699 1504 760 Victorius
1552 701 1833 760 restituit.
1908 703 1969 760 in
2006 702 2307 775 seoetibus
2345 707 2546 760 autem
2578 698 2841 774 frumen-

570 814 793 882 torum,
849 810 1038 898 quod·
1065 811 1295 867 culmus
1350 810 1594 880 extulit,
1650 810 1839 883 spica.
1912 825 1986 867 ea
2042 824 2199 881 quae
2255 810 2532 867 mutilata
2581 825 2699 868 non
2745 816 2841 882 est,

567 921 632 972 ut
679 916 741 973 in
786 915 1015 974 hordeo
1062 912 1389 993 GesneruS,
1442 917 1502 974 in
1549 915 1851 989 segetibus
1908 921 2108 975 autem
2158 912 2556 988 frumentum,
2616 917 2678 974 in
2732 933 2842 989 quo

568 1023 800 1080 culmus
837 1024 1054 1081 extulit
1088 1025 1348 1097 spicam:
1386 1039 1459 1081 ea
1489 1039 1648 1096 quae
1675 1024 1955 1082 mutilata
1985 1039 2102 1082 non
2141 1027 2243 1098 est,
2287 1024 2348 1081 in
2387 1024 2574 1081 ordeo
2607 1020 2840 1081 Schnei-

567 1126 764 1208 deruS‚
814 1131 876 1187 in
921 1130 1221 1203 segetibus
1269 1135 1468 1188 autem
1509 1126 1809 1202 frumenti
1851 1146 2033 1203 qaam
2079 1129 2312 1190 culmus
2348 1131 2566 1189 extulit
2601 1131 2844 1204 spicam,

566 1252 640 1294 ea
697 1251 821 1313 sqq.
880 1234 1016 1294 olim
1074 1236 1316 1294 conieci.
1403 1252 1603 1294 veram
1669 1234 1986 1295 verborum
2045 1237 2398 1296 sententiam
2464 1243 2846 1313 perspexerat

566 1337 885 1422 GesneruS,
931 1359 1285 1419 quamquam
1342 1341 1468 1419 ipsa
1519 1339 1695 1400 verba
1750 1358 1868 1400 non
1928 1342 2069 1402 satis
2126 1350 2260 1420 apte
2318 1342 2643 1401 constituit.
2718 1359 2848 1400 nam

565 1456 877 1525 postquam
926 1447 998 1508 de
1049 1448 1381 1508 seminariis
1429 1457 1488 1508 et
1535 1448 1723 1526 pratis
1771 1447 2030 1508 breviter
2078 1448 2301 1508 dictum
2351 1455 2459 1528 est,
2517 1450 2849 1508 accuratius

565 1553 638 1613 de
696 1552 998 1633 segetibus
1054 1554 1390 1634 disputatur
1445 1557 1551 1635 ita,
1619 1564 1686 1614 ut
1746 1562 1946 1632 partes
2004 1572 2153 1633 quae
2211 1562 2352 1615 sunt
2404 1556 2466 1613 in
2523 1553 2730 1614 culmis
2790 1562 2850 1614 et

568 1661 801 1720 nomina
849 1660 1066 1738 quibus
1114 1680 1215 1721 eae
1264 1660 1635 1741 appellantur
1683 1660 2058 1721 definiantur.
2135 1679 2207 1720 ex
2255 1660 2346 1721 his
2385 1661 2641 1740 primum
2685 1663 2850 1740 poni·

561 1776 661 1829 tur
709 1769 888 1847 spica,
938 1785 1056 1846 quo
1106 1770 1340 1828 nomine
1390 1767 1552 1846 illud,
1601 1786 1719 1846 quo
1765 1767 1997 1827 culmus
2044 1769 2104 1826 in
2145 1766 2445 1846 segetibus
2484 1768 2847 1828 frumentum

564 1874 792 1955 extulit,
841 1873 1186 1954 appellatur.
1261 1874 1472 1934 deinde
1533 1872 1809 1934 subtilius
1867 1875 2057 1952 ipsius
2113 1876 2309 1954 spicae
2367 1882 2568 1953 partes
2629 1875 2850 1935 descri-

562 1981 803 2042 buntur.
879 1980 948 2040 ad
997 1980 1147 2041 hanc
1196 1983 1548 2041 seutentiam
1608 1983 1668 2041 in
1723 1980 1883 2041 hunc
1940 1980 2179 2042 modum
2235 1981 2413 2041 verba
2472 1982 2852 2061 conformavi,

562 2094 625 2151 in
670 2091 970 2166 segetibus
1009 2096 1209 2149 autem
1240 2087 1614 2164 frumentum
1650 2106 1767 2163 quo
1806 2092 2038 2149 culmus
2067 2092 2302 2170 extulit,
2338 2093 2543 2166 spica:
2581 2108 2655 2149 θα
2692 2107 2854 2163 quae

562 2183 843 2274 mutilata
890 2214 1009 2257 non
1057 2202 1159 2270 est,
1208 2202 1274 2256 ut
1320 2198 1383 2255 in
1430 2198 1659 2256 hordeo
1697 2213 1856 2276 sqq.‚
1908 2197 2023 2255 nisi
2071 2198 2267 2275 potius
2315 2215 2389 2257 θα
2445 2214 2621 2271 quom
2675 2200 2850 2256 muti-

561 2309 689 2365 lata
737 2322 856 2365 non
903 2311 992 2364 est
1038 2301 1420 2363 scribendum
1468 2311 1615 2362 erat.

738 2408 1046 2470 Proinde
1094 2418 1170 2469 ut
1215 2411 1418 2489 grani
1465 2427 1640 2488 apex
1700 2411 1795 2470 sit
1850 2389 2081 2488 gluma
2130 2417 2199 2470 et
2255 2409 2515 2487 arista]
2576 2411 2852 2472 Proinde

561 2525 629 2578 ut
669 2521 861 2594 arani
904 2519 1081 2577 theca
1125 2519 1207 2577 sit
1245 2521 1471 2592 alama,
1519 2524 1579 2578 et
1625 2536 1786 2592 apex
1832 2521 2030 2578 arista
2076 2516 2395 2578 IucunduS.

739 2623 780 2686 2
847 2624 1211 2703 Scriptum
1279 2627 1430 2684 scio
1500 2642 1658 2684 esse
1725 2626 1795 2685 in
1862 2625 2226 2685 euhemeri
2294 2623 2505 2685 libris
2570 2622 2843 2701 uersis]

562 2736 727 2794 Scito
768 2732 1086 2793 Muellerus
1124 2731 1272 2792 Enn.
1313 2732 1517 2811 fragm.
1556 2751 1611 2811 p.
1646 2728 1748 2793 82.
1825 2734 2185 2811 scripturam
2214 2732 2519 2810 archetypi
2558 2736 2621 2792 in
2653 2734 2846 2793 Euhe-

562 2844 718 2901 meri
761 2842 961 2913 libris,
1011 2858 1159 2920 quae
1217 2841 1277 2899 in
1333 2840 1604 2918 principe
1662 2838 1919 2900 editione
1976 2849 2254 2920 corrupta
2312 2849 2465 2921 erat,
2522 2839 2847 2900 Politianus

562 2947 937 3008 adnotatione
982 2949 1042 3007 in
1092 2947 1354 3025 margine
1403 2946 1680 3006 editionis
1728 2946 2025 3025 adscripta
2080 2946 2361 3007 defendit.
2436 2947 2687 3008 eandem
2746 2948 2842 3007 ad-

563 3056 926 3115 notationem
974 3061 1176 3133 postea
1224 3055 1284 3112 in
1335 3050 1848 3112 miscellaneorum
1897 3071 1947 3112 c.
1986 3038 2071 3114 25
2119 3052 2319 3114 edidit.

737 3160 1055 3240 Etymum
1109 3159 1372 3219 habere
1431 3178 1462 3218 a
1518 3158 1915 3238 glubendo]
1971 3158 2132 3222 Paul.
2184 3178 2308 3220 exc.
2359 3159 2514 3220 Fest.
2562 3180 2618 3240 p.
2659 3159 2769 3242 98,
2806 3159 2843 3223 8

567 3269 781 3328 Gluma
826 3269 1046 3328 hordei
1089 3269 1381 3341 tunicula,
1428 3269 1592 3341 quod
1631 3268 1926 3341 elabatur
1973 3270 2115 3327 inde
2156 3285 2439 3342 qranum.

741 3375 871 3434 Non
919 3381 987 3433 ut
1036 3377 1244 3448 ,alama
1291 3380 1400 3433 aut
1454 3376 1651 3433 arista
1708 3380 1893 3448 ,aerat
1943 3406 2014 3415 -—
2069 3377 2180 3435 sed
2231 3381 2297 3434 ut
2351 3393 2536 3435 uuam
2595 3375 2843 3454 plurima

561 3480 912 3559 apographa.
994 3483 1105 3541 sed
1156 3497 1340 3541 uuam
1404 3480 1588 3540 codex
1648 3479 2042 3540 FlorentinuS.
2118 3498 2238 3541 non
2299 3489 2368 3541 ut
2416 3486 2687 3557 glumam
2742 3490 2844 3542 aui

564 3592 819 3649 aristam
860 3595 1045 3663 qerat
1095 3620 1168 3645 —.
1220 3590 1331 3648 sed
1375 3605 1552 3647 uvam
1602 3586 1926 3648 Politianus
1974 3589 2032 3647 in
2089 3589 2362 3668 principe
2411 3589 2674 3650 editione
2730 3608 2842 3649 non

562 3697 841 3756 correxit.
938 3694 942 3698 ’
1720 3761 1726 3769 ,

739 3800 779 3863 3
845 3800 986 3871 Qua
1046 3800 1422 3863 sublatent
1475 3798 1731 3881 herba]
1792 3804 1917 3862 Sub
1964 3820 2086 3877 qua
2133 3806 2322 3864 latent
2365 3805 2559 3863 herba
2616 3804 2842 3882 scripsi.

561 3928 693 3969 nam
743 3927 936 3987 neque
983 3911 1302 3983 sublatent,
1351 3909 1508 3987 quod
1557 3916 1695 3968 ante
1745 3908 2075 3969 Gesnerum
2115 3908 2437 3990 legebatur,
2475 3909 2699 3969 dictum
2738 3918 2843 3986 est,

562 4035 755 4095 neque
804 4035 925 4091 qua
970 4018 1082 4076 sub
1129 4020 1318 4077 latent
1363 4018 1574 4091 herba,
1624 4016 1779 4095 quod
1830 4015 2132 4076 Gesnerus
2180 4016 2390 4097 edidit,
2449 4016 2696 4076 Varroni
2743 4018 2840 4075 tri-

561 4123 861 4184 buendum
912 4141 1043 4183 esse
1092 4122 1286 4183 cred0.

738 4229 933 4300 Quod
983 4229 1271 4289 infirma
1321 4230 1516 4308 spica
1569 4228 1651 4288 ad
1702 4228 2007 4289 culmum
2066 4231 2447 4290 stramenti
2505 4248 2836 4290 summum

560 4340 726 4398 item
777 4339 1009 4396 minus
1059 4354 1259 4415 quam
1307 4354 1601 4414 granum
1650 4344 1759 4396 est
1815 4335 2225 4415 appellatur
2283 4355 2625 4398 urrucum
2681 4357 2836 4398 con-

563 4442 942 4520 ticuisset]
994 4446 1351 4519 Appellatur
1397 4442 1442 4500 Α
1492 4461 1548 4501 m
1599 4450 1658 4502 et
1715 4443 1897 4502 codex
1949 4442 2327 4504 Florentinus
2383 4463 2520 4504 cum
2578 4448 2835 4525 principe

561 4550 818 4609 editione
867 4568 896 4606 a
936 4548 1224 4607 Politiano
1275 4566 1390 4607 non
1440 4557 1727 4629 correcta,
1776 4550 2141 4625 appellatum
2177 4550 2511 4630 apographa
2553 4552 2828 4631 quaedam
