<?xml version="1.0" encoding="UTF-8"?>
<!DOCTYPE html PUBLIC "-//W3C//DTD XHTML 1.0 Transitional//EN"
    "http://www.w3.org/TR/xhtml1/DTD/xhtml1-transitional.dtd">
<html xmlns="http://www.w3.org/1999/xhtml" xml:lang="en" lang="en">
 <head>
  <title>
</title>
<meta http-equiv="Content-Type" content="text/html;charset=utf-8" />
  <meta name='ocr-system' content='tesseract 3.04.00' />
  <meta name='ocr-capabilities' content='ocr_page ocr_carea ocr_par ocr_line ocrx_word'/>
</head>
<body>
  <div class='ocr_page' id='page_1' title='image "./mporcicatonisde01catogoog_0103.png"; bbox 0 0 3178 5185; ppageno 0'>
   <div class='ocr_carea' id='block_1_1' title="bbox 769 394 2567 459">
    <p class='ocr_par' dir='ltr' id='par_1_1' title="bbox 769 394 2567 459">
     <span class='ocr_line' id='line_1_1' title="bbox 769 394 2567 459; baseline 0.001 -4"><span class='ocrx_word' id='word_1_1' title='bbox 769 401 1027 455; x_wconf 84' lang='lat' dir='ltr'>RERVM</span> <span class='ocrx_word' id='word_1_2' title='bbox 1062 399 1538 456; x_wconf 80' lang='lat' dir='ltr'><strong>RVSTIGARVM</strong></span> <span class='ocrx_word' id='word_1_3' title='bbox 1572 399 1708 454; x_wconf 87' lang='lat' dir='ltr'><strong>LIB.</strong></span> <span class='ocrx_word' id='word_1_4' title='bbox 1747 399 1771 452; x_wconf 97' lang='lat' dir='ltr'>I</span> <span class='ocrx_word' id='word_1_5' title='bbox 1811 394 2054 453; x_wconf 83' lang='lat'>54-55</span> <span class='ocrx_word' id='word_1_6' title='bbox 2446 394 2567 459; x_wconf 80' lang='grc'>191</span> 
     </span>
    </p>
   </div>
   <div class='ocr_carea' id='block_1_2' title="bbox 239 563 2680 1936">
    <p class='ocr_par' dir='ltr' id='par_1_2' title="bbox 247 563 2626 1504">
     <span class='ocr_line' id='line_1_2' title="bbox 287 563 2623 649; baseline -0.002 -21"><span class='ocrx_word' id='word_1_7' title='bbox 287 569 439 628; x_wconf 87' lang='lat' dir='ltr'>enim</span> <span class='ocrx_word' id='word_1_8' title='bbox 535 586 733 629; x_wconf 85' lang='lat' dir='ltr'>eorum</span> <span class='ocrx_word' id='word_1_9' title='bbox 822 568 980 649; x_wconf 91' lang='lat' dir='ltr'>quod</span> <span class='ocrx_word' id='word_1_10' title='bbox 1073 587 1194 629; x_wconf 92' lang='lat' dir='ltr'>non</span> <span class='ocrx_word' id='word_1_11' title='bbox 1275 567 1467 628; x_wconf 90' lang='lat' dir='ltr'>solum</span> <span class='ocrx_word' id='word_1_12' title='bbox 1549 568 1791 645; x_wconf 87' lang='lat' dir='ltr'>stringit</span> <span class='ocrx_word' id='word_1_13' title='bbox 1870 566 2110 645; x_wconf 82' lang='lat' dir='ltr'>bacam,</span> <span class='ocrx_word' id='word_1_14' title='bbox 2201 563 2304 624; x_wconf 89' lang='lat' dir='ltr'>sed</span> <span class='ocrx_word' id='word_1_15' title='bbox 2388 565 2623 624; x_wconf 82' lang='lat' dir='ltr'>etiam2</span> 
     </span>
     <span class='ocr_line' id='line_1_3' title="bbox 286 674 2573 755; baseline -0.002 -21"><span class='ocrx_word' id='word_1_16' title='bbox 286 692 479 735; x_wconf 87' lang='lat' dir='ltr'>ramos</span> <span class='ocrx_word' id='word_1_17' title='bbox 547 674 729 754; x_wconf 83' lang='lat' dir='ltr'><strong>glubit</strong></span> <span class='ocrx_word' id='word_1_18' title='bbox 796 695 862 736; x_wconf 92' lang='lat' dir='ltr'>ac</span> <span class='ocrx_word' id='word_1_19' title='bbox 938 676 1223 755; x_wconf 83' lang='lat' dir='ltr'>relinquit</span> <span class='ocrx_word' id='word_1_20' title='bbox 1286 675 1356 735; x_wconf 93' lang='lat' dir='ltr'>ad</span> <span class='ocrx_word' id='word_1_21' title='bbox 1415 674 1755 753; x_wconf 83' lang='lat' dir='ltr'>gelicidium</span> <span class='ocrx_word' id='word_1_22' title='bbox 1811 681 2087 735; x_wconf 69' lang='lat' dir='ltr'>retectos</span> <span class='ocrx_word' id='word_1_23' title='bbox 2189 690 2339 751; x_wconf 88' lang='lat' dir='ltr'>quae</span> <span class='ocrx_word' id='word_1_24' title='bbox 2394 690 2573 731; x_wconf 91' lang='lat' dir='ltr'>manu</span> 
     </span>
     <span class='ocr_line' id='line_1_4' title="bbox 291 780 2573 864; baseline -0.002 -22"><span class='ocrx_word' id='word_1_25' title='bbox 291 785 449 860; x_wconf 84' lang='lat' dir='ltr'>tangi</span> <span class='ocrx_word' id='word_1_26' title='bbox 525 801 643 844; x_wconf 93' lang='lat' dir='ltr'>non</span> <span class='ocrx_word' id='word_1_27' title='bbox 707 790 1020 864; x_wconf 81' lang='lat' dir='ltr'>poterunt,</span> <span class='ocrx_word' id='word_1_28' title='bbox 1105 785 1187 844; x_wconf 91' lang='lat' dir='ltr'>ita</span> <span class='ocrx_word' id='word_1_29' title='bbox 1261 784 1426 862; x_wconf 84' lang='lat' dir='ltr'>quati</span> <span class='ocrx_word' id='word_1_30' title='bbox 1499 781 1744 863; x_wconf 85' lang='lat' dir='ltr'>debent,</span> <span class='ocrx_word' id='word_1_31' title='bbox 1830 790 1897 843; x_wconf 92' lang='lat' dir='ltr'>ut</span> <span class='ocrx_word' id='word_1_32' title='bbox 1969 780 2301 840; x_wconf 81' lang='lat' dir='ltr'>harundine</span> <span class='ocrx_word' id='word_1_33' title='bbox 2376 780 2573 858; x_wconf 85' lang='lat' dir='ltr'>potius</span> 
     </span>
     <span class='ocr_line' id='line_1_5' title="bbox 294 886 2573 969; baseline -0.002 -20"><span class='ocrx_word' id='word_1_34' title='bbox 294 907 462 967; x_wconf 89' lang='lat' dir='ltr'>quam</span> <span class='ocrx_word' id='word_1_35' title='bbox 536 892 748 969; x_wconf 86' lang='lat' dir='ltr'>pertica</span> <span class='ocrx_word' id='word_1_36' title='bbox 814 892 1133 951; x_wconf 87' lang='lat' dir='ltr'>feriantur:</span> <span class='ocrx_word' id='word_1_37' title='bbox 1208 892 1441 969; x_wconf 86' lang='lat' dir='ltr'>gravior</span> <span class='ocrx_word' id='word_1_38' title='bbox 1506 891 1665 949; x_wconf 90' lang='lat' dir='ltr'>enim</span> <span class='ocrx_word' id='word_1_39' title='bbox 1729 888 1895 968; x_wconf 83' lang='lat' dir='ltr'>plaga</span> <span class='ocrx_word' id='word_1_40' title='bbox 1964 887 2257 948; x_wconf 87' lang='lat' dir='ltr'>medicum</span> <span class='ocrx_word' id='word_1_41' title='bbox 2325 886 2573 964; x_wconf 86' lang='lat' dir='ltr'>quaerit.</span> 
     </span>
     <span class='ocr_line' id='line_1_6' title="bbox 247 993 2621 1079; baseline -0.002 -23"><span class='ocrx_word' id='word_1_42' title='bbox 247 998 391 1074; x_wconf 68' lang='lat' dir='ltr'>squi</span> <span class='ocrx_word' id='word_1_43' title='bbox 444 1000 688 1079; x_wconf 82' lang='lat' dir='ltr'>quatiet,</span> <span class='ocrx_word' id='word_1_44' title='bbox 742 1017 817 1059; x_wconf 92' lang='lat' dir='ltr'>ne</span> <span class='ocrx_word' id='word_1_45' title='bbox 873 997 1177 1058; x_wconf 88' lang='lat' dir='ltr'>adversam</span> <span class='ocrx_word' id='word_1_46' title='bbox 1236 998 1457 1058; x_wconf 90' lang='lat' dir='ltr'>caedat.</span> <span class='ocrx_word' id='word_1_47' title='bbox 1550 1015 1724 1076; x_wconf 87' lang='lat' dir='ltr'>saepe</span> <span class='ocrx_word' id='word_1_48' title='bbox 1776 999 1935 1056; x_wconf 90' lang='lat' dir='ltr'>enim</span> <span class='ocrx_word' id='word_1_49' title='bbox 1981 997 2063 1056; x_wconf 90' lang='lat' dir='ltr'>ita</span> <span class='ocrx_word' id='word_1_50' title='bbox 2108 1012 2391 1075; x_wconf 86' lang='lat' dir='ltr'>percussa</span> <span class='ocrx_word' id='word_1_51' title='bbox 2437 993 2621 1053; x_wconf 89' lang='lat' dir='ltr'>olea3</span> 
     </span>
     <span class='ocr_line' id='line_1_7' title="bbox 297 1102 2574 1185; baseline -0.002 -22"><span class='ocrx_word' id='word_1_52' title='bbox 297 1121 493 1164; x_wconf 86' lang='lat' dir='ltr'>secum</span> <span class='ocrx_word' id='word_1_53' title='bbox 562 1105 736 1166; x_wconf 82' lang='lat' dir='ltr'>defert</span> <span class='ocrx_word' id='word_1_54' title='bbox 806 1106 878 1166; x_wconf 88' lang='lat' dir='ltr'>de</span> <span class='ocrx_word' id='word_1_55' title='bbox 935 1105 1165 1166; x_wconf 88' lang='lat' dir='ltr'>ramulo</span> <span class='ocrx_word' id='word_1_56' title='bbox 1220 1104 1507 1185; x_wconf 87' lang='lat' dir='ltr'>plantam,</span> <span class='ocrx_word' id='word_1_57' title='bbox 1574 1123 1694 1184; x_wconf 91' lang='lat' dir='ltr'>quo</span> <span class='ocrx_word' id='word_1_58' title='bbox 1750 1105 1904 1164; x_wconf 87' lang='lat' dir='ltr'>facto</span> <span class='ocrx_word' id='word_1_59' title='bbox 1979 1103 2238 1162; x_wconf 82' lang='lat' dir='ltr'>fructum</span> <span class='ocrx_word' id='word_1_60' title='bbox 2296 1102 2574 1161; x_wconf 85' lang='lat' dir='ltr'>amittunt</span> 
     </span>
     <span class='ocr_line' id='line_1_8' title="bbox 296 1197 2576 1293; baseline -0.001 -23"><span class='ocrx_word' id='word_1_61' title='bbox 296 1213 516 1287; x_wconf 84' lang='lat' dir='ltr'>posteri</span> <span class='ocrx_word' id='word_1_62' title='bbox 578 1215 721 1273; x_wconf 89' lang='lat' dir='ltr'>anni.</span> <span class='ocrx_word' id='word_1_63' title='bbox 815 1231 926 1274; x_wconf 89' lang='lat' dir='ltr'>nec</span> <span class='ocrx_word' id='word_1_64' title='bbox 981 1213 1128 1274; x_wconf 88' lang='lat' dir='ltr'>haec</span> <span class='ocrx_word' id='word_1_65' title='bbox 1184 1231 1305 1273; x_wconf 93' lang='lat' dir='ltr'>non</span> <span class='ocrx_word' id='word_1_66' title='bbox 1361 1215 1602 1273; x_wconf 87' lang='lat' dir='ltr'>minima</span> <span class='ocrx_word' id='word_1_67' title='bbox 1652 1230 1856 1293; x_wconf 88' lang='lat' dir='ltr'>causa,</span> <span class='ocrx_word' id='word_1_68' title='bbox 1912 1211 2070 1291; x_wconf 92' lang='lat' dir='ltr'>quod</span> <span class='ocrx_word' id='word_1_69' title='bbox 2110 1197 2329 1270; x_wconf 52' lang='lat' dir='ltr'>&#39;oliveta</span> <span class='ocrx_word' id='word_1_70' title='bbox 2376 1208 2576 1268; x_wconf 87' lang='lat' dir='ltr'>dicant</span> 
     </span>
     <span class='ocr_line' id='line_1_9' title="bbox 302 1316 2626 1399; baseline -0 -24"><span class='ocrx_word' id='word_1_71' title='bbox 302 1316 537 1378; x_wconf 89' lang='lat' dir='ltr'>alternis</span> <span class='ocrx_word' id='word_1_72' title='bbox 578 1321 737 1380; x_wconf 89' lang='lat' dir='ltr'>annis</span> <span class='ocrx_word' id='word_1_73' title='bbox 785 1338 903 1380; x_wconf 90' lang='lat' dir='ltr'>non</span> <span class='ocrx_word' id='word_1_74' title='bbox 953 1322 1109 1381; x_wconf 82' lang='lat' dir='ltr'>ferre</span> <span class='ocrx_word' id='word_1_75' title='bbox 1157 1321 1389 1382; x_wconf 82' lang='lat' dir='ltr'>fructus</span> <span class='ocrx_word' id='word_1_76' title='bbox 1435 1329 1539 1381; x_wconf 92' lang='lat' dir='ltr'>aut</span> <span class='ocrx_word' id='word_1_77' title='bbox 1585 1339 1703 1380; x_wconf 92' lang='lat' dir='ltr'>non</span> <span class='ocrx_word' id='word_1_78' title='bbox 1750 1338 1939 1399; x_wconf 89' lang='lat' dir='ltr'>aeque</span> <span class='ocrx_word' id='word_1_79' title='bbox 1984 1336 2246 1396; x_wconf 81' lang='lat' dir='ltr'>magnos,</span> <span class='ocrx_word' id='word_1_80' title='bbox 2337 1316 2464 1376; x_wconf 90' lang='lat' dir='ltr'>olea</span> <span class='ocrx_word' id='word_1_81' title='bbox 2500 1317 2626 1375; x_wconf 81' lang='lat' dir='ltr'>ut4</span> 
     </span>
     <span class='ocr_line' id='line_1_10' title="bbox 301 1421 2564 1504; baseline 0 -21"><span class='ocrx_word' id='word_1_82' title='bbox 301 1442 403 1484; x_wconf 89' lang='lat' dir='ltr'>uva</span> <span class='ocrx_word' id='word_1_83' title='bbox 459 1444 563 1504; x_wconf 89' lang='lat' dir='ltr'>per</span> <span class='ocrx_word' id='word_1_84' title='bbox 605 1427 757 1487; x_wconf 91' lang='lat' dir='ltr'>idem</span> <span class='ocrx_word' id='word_1_85' title='bbox 804 1427 1027 1488; x_wconf 88' lang='lat' dir='ltr'>bivium</span> <span class='ocrx_word' id='word_1_86' title='bbox 1075 1428 1232 1488; x_wconf 84' lang='lat' dir='ltr'>redit</span> <span class='ocrx_word' id='word_1_87' title='bbox 1277 1430 1339 1488; x_wconf 91' lang='lat' dir='ltr'>in</span> <span class='ocrx_word' id='word_1_88' title='bbox 1388 1427 1610 1502; x_wconf 88' lang='lat' dir='ltr'>villam,</span> <span class='ocrx_word' id='word_1_89' title='bbox 1668 1427 1778 1487; x_wconf 89' lang='lat' dir='ltr'>alia</span> <span class='ocrx_word' id='word_1_90' title='bbox 1824 1426 1896 1485; x_wconf 89' lang='lat' dir='ltr'>ad</span> <span class='ocrx_word' id='word_1_91' title='bbox 1946 1424 2144 1485; x_wconf 89' lang='lat' dir='ltr'>cibum</span> <span class='ocrx_word' id='word_1_92' title='bbox 2196 1422 2258 1501; x_wconf 90' lang='lat' dir='ltr'>[l.</span> <span class='ocrx_word' id='word_1_93' title='bbox 2308 1421 2564 1502; x_wconf 83' lang='lat' dir='ltr'>edatur],</span> 
     </span>
    </p>

    <p class='ocr_par' dir='ltr' id='par_1_3' title="bbox 239 1513 2680 1936">
     <span class='ocr_line' id='line_1_11' title="bbox 239 1513 2680 1614; baseline -0 -24"><span class='ocrx_word' id='word_1_94' title='bbox 239 1547 283 1584; x_wconf 89' lang='lat'>10</span> <span class='ocrx_word' id='word_1_95' title='bbox 307 1530 409 1591; x_wconf 87' lang='lat' dir='ltr'>alia</span> <span class='ocrx_word' id='word_1_96' title='bbox 462 1541 527 1593; x_wconf 88' lang='lat' dir='ltr'>ut</span> <span class='ocrx_word' id='word_1_97' title='bbox 577 1534 898 1614; x_wconf 87' lang='lat' dir='ltr'>eliquescat</span> <span class='ocrx_word' id='word_1_98' title='bbox 952 1554 1020 1595; x_wconf 91' lang='lat' dir='ltr'>ac</span> <span class='ocrx_word' id='word_1_99' title='bbox 1077 1554 1196 1596; x_wconf 91' lang='lat' dir='ltr'>non</span> <span class='ocrx_word' id='word_1_100' title='bbox 1252 1534 1443 1595; x_wconf 90' lang='lat' dir='ltr'>solum</span> <span class='ocrx_word' id='word_1_101' title='bbox 1500 1553 1720 1614; x_wconf 90' lang='lat' dir='ltr'>corpus</span> <span class='ocrx_word' id='word_1_102' title='bbox 1766 1536 1929 1594; x_wconf 89' lang='lat' dir='ltr'>intus</span> <span class='ocrx_word' id='word_1_103' title='bbox 1975 1540 2201 1611; x_wconf 87' lang='lat' dir='ltr'>unguat</span> <span class='ocrx_word' id='word_1_104' title='bbox 2246 1530 2347 1591; x_wconf 90' lang='lat' dir='ltr'>sed</span> <span class='ocrx_word' id='word_1_105' title='bbox 2398 1532 2573 1590; x_wconf 90' lang='lat' dir='ltr'>etiam</span> <span class='ocrx_word' id='word_1_106' title='bbox 2675 1513 2680 1518; x_wconf 49' lang='grc'><strong>’</strong></span> 
     </span>
     <span class='ocr_line' id='line_1_12' title="bbox 306 1639 2574 1721; baseline 0 -26"><span class='ocrx_word' id='word_1_107' title='bbox 306 1640 668 1701; x_wconf 69' lang='lat' dir='ltr'>extrinsecus</span> <span class='ocrx_word' id='word_1_108' title='bbox 763 1643 964 1721; x_wconf 85' lang='lat' dir='ltr'>itaque</span> <span class='ocrx_word' id='word_1_109' title='bbox 1012 1643 1316 1703; x_wconf 89' lang='lat' dir='ltr'>dominum</span> <span class='ocrx_word' id='word_1_110' title='bbox 1364 1644 1424 1702; x_wconf 91' lang='lat' dir='ltr'>in</span> <span class='ocrx_word' id='word_1_111' title='bbox 1474 1641 1712 1702; x_wconf 88' lang='lat' dir='ltr'>balneas</span> <span class='ocrx_word' id='word_1_112' title='bbox 1751 1649 1810 1701; x_wconf 87' lang='lat' dir='ltr'>et</span> <span class='ocrx_word' id='word_1_113' title='bbox 1845 1641 2245 1718; x_wconf 82' lang='lat' dir='ltr'>guminasium</span> <span class='ocrx_word' id='word_1_114' title='bbox 2284 1639 2574 1715; x_wconf 86' lang='lat' dir='ltr'>sequitur.</span> 
     </span>
     <span class='ocr_line' id='line_1_13' title="bbox 307 1743 2627 1832; baseline -0 -29"><span class='ocrx_word' id='word_1_115' title='bbox 307 1743 464 1823; x_wconf 87' lang='lat' dir='ltr'>haec,</span> <span class='ocrx_word' id='word_1_116' title='bbox 513 1747 580 1806; x_wconf 90' lang='lat' dir='ltr'>de</span> <span class='ocrx_word' id='word_1_117' title='bbox 625 1767 737 1827; x_wconf 89' lang='lat' dir='ltr'>qua</span> <span class='ocrx_word' id='word_1_118' title='bbox 786 1750 853 1810; x_wconf 91' lang='lat' dir='ltr'>fit</span> <span class='ocrx_word' id='word_1_119' title='bbox 899 1750 1121 1832; x_wconf 85' lang='lat' dir='ltr'>oleum,</span> <span class='ocrx_word' id='word_1_120' title='bbox 1170 1751 1412 1829; x_wconf 85' lang='lat' dir='ltr'>congeri</span> <span class='ocrx_word' id='word_1_121' title='bbox 1458 1748 1611 1810; x_wconf 88' lang='lat' dir='ltr'>solet</span> <span class='ocrx_word' id='word_1_122' title='bbox 1656 1750 1972 1810; x_wconf 86' lang='lat' dir='ltr'>acervatim</span> <span class='ocrx_word' id='word_1_123' title='bbox 2019 1747 2147 1807; x_wconf 89' lang='lat' dir='ltr'>dies</span> <span class='ocrx_word' id='word_1_124' title='bbox 2195 1745 2460 1824; x_wconf 87' lang='lat' dir='ltr'>singulos</span> <span class='ocrx_word' id='word_1_125' title='bbox 2506 1745 2627 1803; x_wconf 85' lang='lat' dir='ltr'>in5</span> 
     </span>
     <span class='ocr_line' id='line_1_14' title="bbox 309 1850 2579 1936; baseline -0.001 -24"><span class='ocrx_word' id='word_1_126' title='bbox 309 1850 567 1936; x_wconf 83' lang='lat' dir='ltr'>tabulata,</span> <span class='ocrx_word' id='word_1_127' title='bbox 619 1863 684 1915; x_wconf 91' lang='lat' dir='ltr'>ut</span> <span class='ocrx_word' id='word_1_128' title='bbox 740 1856 825 1916; x_wconf 89' lang='lat' dir='ltr'>ibi</span> <span class='ocrx_word' id='word_1_129' title='bbox 880 1858 1262 1918; x_wconf 87' lang='lat' dir='ltr'>mediocriter</span> <span class='ocrx_word' id='word_1_130' title='bbox 1308 1857 1597 1917; x_wconf 86' lang='lat' dir='ltr'>fracescat</span> <span class='ocrx_word' id='word_1_131' title='bbox 1643 1876 1711 1917; x_wconf 91' lang='lat' dir='ltr'>ac</span> <span class='ocrx_word' id='word_1_132' title='bbox 1758 1858 1988 1934; x_wconf 90' lang='lat' dir='ltr'>primus</span> <span class='ocrx_word' id='word_1_133' title='bbox 2036 1855 2288 1934; x_wconf 89' lang='lat' dir='ltr'>quisque</span> <span class='ocrx_word' id='word_1_134' title='bbox 2334 1868 2579 1912; x_wconf 85' lang='lat' dir='ltr'>acervos</span> 
     </span>
    </p>
   </div>
   <div class='ocr_carea' id='block_1_3' title="bbox 311 2049 701 2060">
    <p class='ocr_par' dir='ltr' id='par_1_4' title="bbox 311 2049 701 2060">
     <span class='ocr_line' id='line_1_15' title="bbox 311 2049 701 2060; baseline 0 3125"><span class='ocrx_word' id='word_1_135' title='bbox 311 2049 701 2060; x_wconf 95' lang='lat' dir='ltr'> </span> 
     </span>
    </p>
   </div>
   <div class='ocr_carea' id='block_1_4' title="bbox 303 2168 2575 2419">
    <p class='ocr_par' dir='ltr' id='par_1_5' title="bbox 303 2168 2575 2419">
     <span class='ocr_line' id='line_1_16' title="bbox 469 2168 2571 2240; baseline -0.001 -16"><span class='ocrx_word' id='word_1_136' title='bbox 469 2176 494 2223; x_wconf 92' lang='lat'>1</span> <span class='ocrx_word' id='word_1_137' title='bbox 558 2170 789 2225; x_wconf 85' lang='lat' dir='ltr'>durities</span> <span class='ocrx_word' id='word_1_138' title='bbox 848 2172 996 2225; x_wconf 88' lang='lat' dir='ltr'>enim</span> <span class='ocrx_word' id='word_1_139' title='bbox 1052 2171 1200 2226; x_wconf 86' lang='lat' dir='ltr'>Non.</span> <span class='ocrx_word' id='word_1_140' title='bbox 1241 2188 1301 2240; x_wconf 77' lang='lat' dir='ltr'>p.</span> <span class='ocrx_word' id='word_1_141' title='bbox 1354 2176 1478 2238; x_wconf 88' lang='lat'><strong><em>119,</em></strong></span> <span class='ocrx_word' id='word_1_142' title='bbox 1527 2176 1594 2225; x_wconf 89' lang='lat'>11</span> <span class='ocrx_word' id='word_1_143' title='bbox 1812 2171 1963 2240; x_wconf 87' lang='lat' dir='ltr'>quod</span> <span class='ocrx_word' id='word_1_144' title='bbox 2020 2187 2132 2225; x_wconf 89' lang='lat' dir='ltr'>non</span> <span class='ocrx_word' id='word_1_145' title='bbox 2189 2169 2370 2224; x_wconf 84' lang='lat' dir='ltr'>solum</span> <span class='ocrx_word' id='word_1_146' title='bbox 2423 2168 2571 2222; x_wconf 85' lang='lat' dir='ltr'>Non.</span> 
     </span>
     <span class='ocr_line' id='line_1_17' title="bbox 303 2258 2575 2330; baseline -0.001 -17"><span class='ocrx_word' id='word_1_147' title='bbox 303 2273 355 2326; x_wconf 75' lang='lat' dir='ltr'>p.</span> <span class='ocrx_word' id='word_1_148' title='bbox 388 2262 506 2328; x_wconf 81' lang='lat'><strong><em>403,</em></strong></span> <span class='ocrx_word' id='word_1_149' title='bbox 541 2266 577 2315; x_wconf 90' lang='grc'><strong><em>9</em></strong></span> <span class='ocrx_word' id='word_1_150' title='bbox 730 2267 763 2312; x_wconf 88' lang='lat'><strong>3</strong></span> <span class='ocrx_word' id='word_1_151' title='bbox 819 2261 905 2315; x_wconf 82' lang='lat' dir='ltr'>ita</span> <span class='ocrx_word' id='word_1_152' title='bbox 960 2261 1119 2329; x_wconf 83' lang='lat' dir='ltr'>quati</span> <span class='ocrx_word' id='word_1_153' title='bbox 1166 2260 1376 2316; x_wconf 87' lang='lat' dir='ltr'>debent</span> <span class='ocrx_word' id='word_1_154' title='bbox 1424 2261 1688 2330; x_wconf 79' lang='lat' dir='ltr'>Theophr.</span> <span class='ocrx_word' id='word_1_155' title='bbox 1736 2276 1884 2315; x_wconf 78' lang='lat' dir='ltr'>caus,</span> <span class='ocrx_word' id='word_1_156' title='bbox 1923 2261 2103 2329; x_wconf 78' lang='lat' dir='ltr'>plant.</span> <span class='ocrx_word' id='word_1_157' title='bbox 2145 2260 2187 2312; x_wconf 95' lang='lat' dir='ltr'><strong><em>I</em></strong></span> <span class='ocrx_word' id='word_1_158' title='bbox 2218 2263 2311 2325; x_wconf 83' lang='lat'>20,</span> <span class='ocrx_word' id='word_1_159' title='bbox 2347 2261 2383 2311; x_wconf 92' lang='lat'><strong><em>3</em></strong></span> <span class='ocrx_word' id='word_1_160' title='bbox 2422 2258 2575 2312; x_wconf 87' lang='lat' dir='ltr'>Plin.</span> 
     </span>
     <span class='ocr_line' id='line_1_18' title="bbox 313 2349 1954 2419; baseline 0.004 -20"><span class='ocrx_word' id='word_1_161' title='bbox 313 2350 387 2414; x_wconf 85' lang='lat'>15,</span> <span class='ocrx_word' id='word_1_162' title='bbox 421 2352 490 2404; x_wconf 81' lang='lat'>12</span> <span class='ocrx_word' id='word_1_163' title='bbox 634 2356 698 2404; x_wconf 81' lang='lat'>12</span> <span class='ocrx_word' id='word_1_164' title='bbox 737 2349 880 2405; x_wconf 87' lang='grc'><strong>11333</strong></span> <span class='ocrx_word' id='word_1_165' title='bbox 918 2350 987 2404; x_wconf 87' lang='lat' dir='ltr'>de</span> <span class='ocrx_word' id='word_1_166' title='bbox 1026 2368 1139 2419; x_wconf 90' lang='grc'><strong>(133</strong></span> <span class='ocrx_word' id='word_1_167' title='bbox 1175 2350 1240 2403; x_wconf 89' lang='lat' dir='ltr'>fit</span> <span class='ocrx_word' id='word_1_168' title='bbox 1278 2350 1463 2405; x_wconf 88' lang='lat' dir='ltr'>oleum</span> <span class='ocrx_word' id='word_1_169' title='bbox 1502 2349 1650 2407; x_wconf 89' lang='lat' dir='ltr'>Non.</span> <span class='ocrx_word' id='word_1_170' title='bbox 1682 2367 1743 2419; x_wconf 78' lang='lat' dir='ltr'>p.</span> <span class='ocrx_word' id='word_1_171' title='bbox 1783 2353 1878 2416; x_wconf 81' lang='lat'>62,</span> <span class='ocrx_word' id='word_1_172' title='bbox 1914 2354 1954 2406; x_wconf 77' lang='lat'><strong><em>2</em></strong></span> 
     </span>
    </p>
   </div>
   <div class='ocr_carea' id='block_1_5' title="bbox 317 2530 711 2540">
    <p class='ocr_par' dir='ltr' id='par_1_6' title="bbox 317 2530 711 2540">
     <span class='ocr_line' id='line_1_19' title="bbox 317 2530 711 2540; baseline 0 2645"><span class='ocrx_word' id='word_1_173' title='bbox 317 2530 711 2540; x_wconf 95' lang='lat' dir='ltr'> </span> 
     </span>
    </p>
   </div>
   <div class='ocr_carea' id='block_1_6' title="bbox 256 2651 2586 4506">
    <p class='ocr_par' dir='ltr' id='par_1_7' title="bbox 256 2651 2586 4060">
     <span class='ocr_line' id='line_1_20' title="bbox 315 2651 2578 2724; baseline 0 -17"><span class='ocrx_word' id='word_1_174' title='bbox 315 2651 453 2720; x_wconf 73' lang='lat' dir='ltr'>Quod</span> <span class='ocrx_word' id='word_1_175' title='bbox 485 2669 596 2708; x_wconf 86' lang='lat' dir='ltr'>non</span> <span class='ocrx_word' id='word_1_176' title='bbox 630 2655 806 2708; x_wconf 78' lang='lat' dir='ltr'>solum</span> <span class='ocrx_word' id='word_1_177' title='bbox 844 2654 1088 2709; x_wconf 83' lang='lat' dir='ltr'>celeriter</span> <span class='ocrx_word' id='word_1_178' title='bbox 1115 2655 1420 2724; x_wconf 77' lang='lat' dir='ltr'>praeterire</span> <span class='ocrx_word' id='word_1_179' title='bbox 1455 2655 1720 2724; x_wconf 73' lang='lat' dir='ltr'>strinqere</span> <span class='ocrx_word' id='word_1_180' title='bbox 1755 2659 1978 2720; x_wconf 76' lang='lat' dir='ltr'>uacant,</span> <span class='ocrx_word' id='word_1_181' title='bbox 2014 2655 2108 2709; x_wconf 81' lang='lat' dir='ltr'>sed</span> <span class='ocrx_word' id='word_1_182' title='bbox 2134 2655 2296 2708; x_wconf 80' lang='lat' dir='ltr'>etiam</span> <span class='ocrx_word' id='word_1_183' title='bbox 2322 2659 2373 2708; x_wconf 83' lang='lat' dir='ltr'>te</span> <span class='ocrx_word' id='word_1_184' title='bbox 2399 2659 2578 2709; x_wconf 84' lang='lat' dir='ltr'>trans·</span> 
     </span>
     <span class='ocr_line' id='line_1_21' title="bbox 309 2742 2578 2812; baseline 0.001 -18"><span class='ocrx_word' id='word_1_185' title='bbox 309 2742 475 2809; x_wconf 77' lang='lat' dir='ltr'>ylubit.</span> <span class='ocrx_word' id='word_1_186' title='bbox 546 2743 626 2796; x_wconf 92' lang='lat' dir='ltr'>In</span> <span class='ocrx_word' id='word_1_187' title='bbox 677 2745 895 2798; x_wconf 79' lang='lat' dir='ltr'>excusis</span> <span class='ocrx_word' id='word_1_188' title='bbox 932 2744 1020 2798; x_wconf 87' lang='lat' dir='ltr'>M.</span> <span class='ocrx_word' id='word_1_189' title='bbox 1064 2743 1333 2799; x_wconf 78' lang='lat' dir='ltr'>Varronis</span> <span class='ocrx_word' id='word_1_190' title='bbox 1371 2745 1663 2812; x_wconf 79' lang='lat' dir='ltr'>codicibus,</span> <span class='ocrx_word' id='word_1_191' title='bbox 1703 2742 1890 2811; x_wconf 83' lang='lat' dir='ltr'>Quod,</span> <span class='ocrx_word' id='word_1_192' title='bbox 1934 2760 2047 2798; x_wconf 91' lang='lat' dir='ltr'>non</span> <span class='ocrx_word' id='word_1_193' title='bbox 2091 2750 2242 2799; x_wconf 83' lang='lat' dir='ltr'>erat:</span> <span class='ocrx_word' id='word_1_194' title='bbox 2278 2744 2342 2798; x_wconf 84' lang='lat' dir='ltr'>in</span> <span class='ocrx_word' id='word_1_195' title='bbox 2377 2744 2578 2812; x_wconf 79' lang='lat' dir='ltr'>optimo</span> 
     </span>
     <span class='ocr_line' id='line_1_22' title="bbox 309 2831 2579 2902; baseline 0.001 -20"><span class='ocrx_word' id='word_1_196' title='bbox 309 2834 465 2886; x_wconf 84' lang='lat' dir='ltr'>tamen</span> <span class='ocrx_word' id='word_1_197' title='bbox 507 2849 571 2886; x_wconf 87' lang='lat' dir='ltr'>ae</span> <span class='ocrx_word' id='word_1_198' title='bbox 614 2833 1009 2902; x_wconf 80' lang='lat' dir='ltr'>uetustissimO,</span> <span class='ocrx_word' id='word_1_199' title='bbox 1058 2834 1236 2887; x_wconf 83' lang='lat' dir='ltr'>eodem</span> <span class='ocrx_word' id='word_1_200' title='bbox 1283 2835 1396 2888; x_wconf 84' lang='lat' dir='ltr'>loeo</span> <span class='ocrx_word' id='word_1_201' title='bbox 1434 2835 1678 2902; x_wconf 77' lang='lat' dir='ltr'>positum</span> <span class='ocrx_word' id='word_1_202' title='bbox 1723 2834 2024 2887; x_wconf 78' lang='lat' dir='ltr'>inuenitur.</span> <span class='ocrx_word' id='word_1_203' title='bbox 2100 2831 2232 2886; x_wconf 81' lang='lat' dir='ltr'>Duo</span> <span class='ocrx_word' id='word_1_204' title='bbox 2276 2833 2404 2900; x_wconf 84' lang='lat' dir='ltr'>illa,</span> <span class='ocrx_word' id='word_1_205' title='bbox 2441 2848 2579 2899; x_wconf 75' lang='lat' dir='ltr'>quae</span> 
     </span>
     <span class='ocr_line' id='line_1_23' title="bbox 309 2920 2578 2991; baseline -0.001 -16"><span class='ocrx_word' id='word_1_206' title='bbox 309 2922 439 2988; x_wconf 75' lang='lat' dir='ltr'>apud</span> <span class='ocrx_word' id='word_1_207' title='bbox 478 2921 729 2977; x_wconf 80' lang='lat' dir='ltr'>Nonium</span> <span class='ocrx_word' id='word_1_208' title='bbox 773 2928 907 2976; x_wconf 79' lang='lat' dir='ltr'>sunt</span> <span class='ocrx_word' id='word_1_209' title='bbox 952 2923 1150 2989; x_wconf 80' lang='lat' dir='ltr'>uerba,</span> <span class='ocrx_word' id='word_1_210' title='bbox 1200 2921 1468 2977; x_wconf 76' lang='lat' dir='ltr'>Celeriter</span> <span class='ocrx_word' id='word_1_211' title='bbox 1502 2920 1807 2991; x_wconf 83' lang='lat' dir='ltr'>praeterire</span> <span class='ocrx_word' id='word_1_212' title='bbox 1823 2963 1836 2988; x_wconf 90' lang='lat'>‚</span> <span class='ocrx_word' id='word_1_213' title='bbox 1874 2922 2021 2976; x_wconf 78' lang='lat' dir='ltr'>unde</span> <span class='ocrx_word' id='word_1_214' title='bbox 2056 2922 2321 2989; x_wconf 77' lang='lat' dir='ltr'>fluxerint</span> <span class='ocrx_word' id='word_1_215' title='bbox 2356 2922 2534 2974; x_wconf 86' lang='lat' dir='ltr'>neseio</span> <span class='ocrx_word' id='word_1_216' title='bbox 2562 2941 2578 2972; x_wconf 86' lang='lat'>.-</span> 
     </span>
     <span class='ocr_line' id='line_1_24' title="bbox 307 3010 2577 3081; baseline -0 -18"><span class='ocrx_word' id='word_1_217' title='bbox 307 3011 439 3077; x_wconf 78' lang='lat' dir='ltr'>apud</span> <span class='ocrx_word' id='word_1_218' title='bbox 486 3010 786 3066; x_wconf 82' lang='lat' dir='ltr'>Varronem</span> <span class='ocrx_word' id='word_1_219' title='bbox 840 3017 1004 3077; x_wconf 86' lang='lat' dir='ltr'>certe,</span> <span class='ocrx_word' id='word_1_220' title='bbox 1059 3028 1157 3066; x_wconf 87' lang='lat' dir='ltr'>nee</span> <span class='ocrx_word' id='word_1_221' title='bbox 1201 3013 1266 3066; x_wconf 91' lang='lat' dir='ltr'>in</span> <span class='ocrx_word' id='word_1_222' title='bbox 1309 3013 1612 3081; x_wconf 79' lang='lat' dir='ltr'>impressis,</span> <span class='ocrx_word' id='word_1_223' title='bbox 1667 3028 1767 3066; x_wconf 85' lang='lat' dir='ltr'>nee</span> <span class='ocrx_word' id='word_1_224' title='bbox 1815 3012 1880 3064; x_wconf 90' lang='lat' dir='ltr'>in</span> <span class='ocrx_word' id='word_1_225' title='bbox 1923 3028 2095 3065; x_wconf 76' lang='lat' dir='ltr'>manu</span> <span class='ocrx_word' id='word_1_226' title='bbox 2137 3011 2358 3078; x_wconf 82' lang='lat' dir='ltr'>seriptis</span> <span class='ocrx_word' id='word_1_227' title='bbox 2393 3025 2577 3063; x_wconf 81' lang='lat' dir='ltr'>eorum</span> 
     </span>
     <span class='ocr_line' id='line_1_25' title="bbox 307 3099 2578 3169; baseline 0 -17"><span class='ocrx_word' id='word_1_228' title='bbox 307 3100 568 3168; x_wconf 72' lang='lat' dir='ltr'>uestiqium</span> <span class='ocrx_word' id='word_1_229' title='bbox 613 3101 790 3155; x_wconf 80' lang='lat' dir='ltr'><strong><em>ullum</em></strong></span> <span class='ocrx_word' id='word_1_230' title='bbox 817 3120 836 3152; x_wconf 89' lang='grc'>.·</span> <span class='ocrx_word' id='word_1_231' title='bbox 862 3117 993 3154; x_wconf 87' lang='lat' dir='ltr'>nam</span> <span class='ocrx_word' id='word_1_232' title='bbox 1041 3101 1284 3169; x_wconf 80' lang='lat' dir='ltr'>Vacant,</span> <span class='ocrx_word' id='word_1_233' title='bbox 1331 3118 1399 3156; x_wconf 80' lang='lat' dir='ltr'>ex</span> <span class='ocrx_word' id='word_1_234' title='bbox 1443 3099 1656 3155; x_wconf 82' lang='lat' dir='ltr'>Vaoam</span> <span class='ocrx_word' id='word_1_235' title='bbox 1703 3102 1912 3167; x_wconf 53' lang='lat' dir='ltr'>suctum</span> <span class='ocrx_word' id='word_1_236' title='bbox 1959 3117 2066 3154; x_wconf 87' lang='lat' dir='ltr'>esse</span> <span class='ocrx_word' id='word_1_237' title='bbox 2112 3099 2443 3167; x_wconf 83' lang='lat' dir='ltr'>affirmarim</span> <span class='ocrx_word' id='word_1_238' title='bbox 2470 3100 2578 3153; x_wconf 85' lang='lat' dir='ltr'>:in</span> 
     </span>
     <span class='ocr_line' id='line_1_26' title="bbox 307 3188 2579 3259; baseline 0 -17"><span class='ocrx_word' id='word_1_239' title='bbox 307 3188 460 3242; x_wconf 82' lang='lat' dir='ltr'>eodem</span> <span class='ocrx_word' id='word_1_240' title='bbox 506 3190 651 3243; x_wconf 85' lang='lat' dir='ltr'>enim</span> <span class='ocrx_word' id='word_1_241' title='bbox 697 3189 1011 3256; x_wconf 74' lang='lat' dir='ltr'>fidelissimo</span> <span class='ocrx_word' id='word_1_242' title='bbox 1058 3191 1238 3244; x_wconf 83' lang='lat' dir='ltr'>codice</span> <span class='ocrx_word' id='word_1_243' title='bbox 1272 3207 1377 3259; x_wconf 74' lang='lat' dir='ltr'>per</span> <span class='ocrx_word' id='word_1_244' title='bbox 1413 3209 1475 3259; x_wconf 89' lang='lat' dir='ltr'>u,</span> <span class='ocrx_word' id='word_1_245' title='bbox 1525 3191 1586 3244; x_wconf 85' lang='lat' dir='ltr'>id</span> <span class='ocrx_word' id='word_1_246' title='bbox 1631 3191 1859 3244; x_wconf 78' lang='lat' dir='ltr'>uerbum</span> <span class='ocrx_word' id='word_1_247' title='bbox 1895 3196 1945 3244; x_wconf 83' lang='lat' dir='ltr'>et</span> <span class='ocrx_word' id='word_1_248' title='bbox 1979 3190 2095 3256; x_wconf 81' lang='lat' dir='ltr'>hie,</span> <span class='ocrx_word' id='word_1_249' title='bbox 2141 3193 2190 3243; x_wconf 82' lang='lat' dir='ltr'>et</span> <span class='ocrx_word' id='word_1_250' title='bbox 2228 3188 2358 3242; x_wconf 81' lang='lat' dir='ltr'>a‘liis</span> <span class='ocrx_word' id='word_1_251' title='bbox 2392 3188 2579 3242; x_wconf 78' lang='lat' dir='ltr'>multis</span> 
     </span>
     <span class='ocr_line' id='line_1_27' title="bbox 309 3275 2579 3347; baseline 0 -16"><span class='ocrx_word' id='word_1_252' title='bbox 309 3275 418 3331; x_wconf 82' lang='lat' dir='ltr'>loeis</span> <span class='ocrx_word' id='word_1_253' title='bbox 459 3280 726 3347; x_wconf 81' lang='lat' dir='ltr'>scriptum</span> <span class='ocrx_word' id='word_1_254' title='bbox 771 3284 861 3332; x_wconf 86' lang='lat' dir='ltr'>est.</span> <span class='ocrx_word' id='word_1_255' title='bbox 936 3278 1235 3333; x_wconf 79' lang='lat' dir='ltr'>Extremae</span> <span class='ocrx_word' id='word_1_256' title='bbox 1280 3281 1444 3334; x_wconf 83' lang='lat' dir='ltr'>etiam</span> <span class='ocrx_word' id='word_1_257' title='bbox 1489 3280 1756 3335; x_wconf 77' lang='lat' dir='ltr'>dictiones</span> <span class='ocrx_word' id='word_1_258' title='bbox 1796 3281 1962 3333; x_wconf 78' lang='lat' dir='ltr'>huius</span> <span class='ocrx_word' id='word_1_259' title='bbox 1998 3279 2103 3333; x_wconf 84' lang='lat' dir='ltr'>loci</span> <span class='ocrx_word' id='word_1_260' title='bbox 2140 3279 2293 3347; x_wconf 76' lang='lat' dir='ltr'>apud</span> <span class='ocrx_word' id='word_1_261' title='bbox 2327 3277 2579 3332; x_wconf 78' lang='lat' dir='ltr'>Nonium</span> 
     </span>
     <span class='ocr_line' id='line_1_28' title="bbox 256 3366 2579 3436; baseline -0 -15"><span class='ocrx_word' id='word_1_262' title='bbox 256 3432 259 3433; x_wconf 15' lang='lat'><em>⁷</em></span> <span class='ocrx_word' id='word_1_263' title='bbox 309 3366 618 3434; x_wconf 75' lang='lat' dir='ltr'>deprauatae</span> <span class='ocrx_word' id='word_1_264' title='bbox 628 3408 646 3434; x_wconf 94' lang='lat'><em>,</em></span> <span class='ocrx_word' id='word_1_265' title='bbox 691 3382 831 3435; x_wconf 76' lang='lat' dir='ltr'>quae</span> <span class='ocrx_word' id='word_1_266' title='bbox 877 3368 942 3421; x_wconf 91' lang='lat' dir='ltr'>in</span> <span class='ocrx_word' id='word_1_267' title='bbox 987 3370 1199 3422; x_wconf 78' lang='lat' dir='ltr'>eunctis</span> <span class='ocrx_word' id='word_1_268' title='bbox 1234 3385 1406 3422; x_wconf 72' lang='lat' dir='ltr'>mann</span> <span class='ocrx_word' id='word_1_269' title='bbox 1439 3369 1663 3436; x_wconf 75' lang='lat' dir='ltr'>scriptis</span> <span class='ocrx_word' id='word_1_270' title='bbox 1707 3367 1976 3422; x_wconf 83' lang='lat' dir='ltr'>Varronis</span> <span class='ocrx_word' id='word_1_271' title='bbox 2012 3368 2170 3423; x_wconf 83' lang='lat' dir='ltr'>libris</span> <span class='ocrx_word' id='word_1_272' title='bbox 2206 3367 2385 3421; x_wconf 82' lang='lat' dir='ltr'>eodem</span> <span class='ocrx_word' id='word_1_273' title='bbox 2412 3372 2579 3435; x_wconf 81' lang='lat' dir='ltr'>paeto</span> 
     </span>
     <span class='ocr_line' id='line_1_29' title="bbox 308 3452 2586 3524; baseline 0 -17"><span class='ocrx_word' id='word_1_274' title='bbox 308 3452 560 3524; x_wconf 76' lang='lat' dir='ltr'>leywntur&#39;</span> <span class='ocrx_word' id='word_1_275' title='bbox 613 3455 892 3510; x_wconf 78' lang='lat' dir='ltr'>Victorius</span> <span class='ocrx_word' id='word_1_276' title='bbox 1030 3455 1272 3512; x_wconf 84' lang='lat' dir='ltr'>duricies</span> <span class='ocrx_word' id='word_1_277' title='bbox 1309 3457 1366 3511; x_wconf 99' lang='lat' dir='ltr'><strong><em>A</em></strong></span> <span class='ocrx_word' id='word_1_278' title='bbox 1488 3462 1517 3509; x_wconf 90' lang='lat'>1</span> <span class='ocrx_word' id='word_1_279' title='bbox 1555 3458 1754 3511; x_wconf 83' lang='lat' dir='ltr'>bacam</span> <span class='ocrx_word' id='word_1_280' title='bbox 1785 3455 1902 3511; x_wconf 89' lang='lat' dir='ltr'>Am</span> <span class='ocrx_word' id='word_1_281' title='bbox 1941 3473 2137 3510; x_wconf 87' lang='grc'><strong>3333111</strong></span> <span class='ocrx_word' id='word_1_282' title='bbox 2167 3458 2223 3511; x_wconf 89' lang='grc' dir='ltr'><strong><em>Β</em></strong></span> <span class='ocrx_word' id='word_1_283' title='bbox 2260 3457 2494 3511; x_wconf 84' lang='lat' dir='ltr'>baccam</span> <span class='ocrx_word' id='word_1_284' title='bbox 2532 3455 2586 3509; x_wconf 89' lang='lat' dir='ltr'><strong><em>V</em></strong></span> 
     </span>
     <span class='ocr_line' id='line_1_30' title="bbox 425 3544 2579 3615; baseline 0 -16"><span class='ocrx_word' id='word_1_285' title='bbox 425 3551 455 3599; x_wconf 81' lang='lat'><strong>2</strong></span> <span class='ocrx_word' id='word_1_286' title='bbox 492 3544 766 3614; x_wconf 86' lang='lat' dir='ltr'>relinquit</span> <span class='ocrx_word' id='word_1_287' title='bbox 813 3544 926 3600; x_wconf 89' lang='lat' dir='ltr'>VB</span> <span class='ocrx_word' id='word_1_288' title='bbox 962 3544 1244 3614; x_wconf 82' lang='lat' dir='ltr'>relinquid</span> <span class='ocrx_word' id='word_1_289' title='bbox 1280 3547 1335 3600; x_wconf 89' lang='lat' dir='ltr'><strong><em>A</em></strong></span> <span class='ocrx_word' id='word_1_290' title='bbox 1457 3562 1601 3615; x_wconf 90' lang='grc'><strong>(1333</strong></span> <span class='ocrx_word' id='word_1_291' title='bbox 1640 3564 1810 3601; x_wconf 88' lang='grc'><strong>1113113</strong></span> <span class='ocrx_word' id='word_1_292' title='bbox 1844 3563 1877 3600; x_wconf 84' lang='lat' dir='ltr'><strong><em>v</em></strong></span> <span class='ocrx_word' id='word_1_293' title='bbox 1915 3547 2012 3614; x_wconf 86' lang='lat' dir='ltr'>qui</span> <span class='ocrx_word' id='word_1_294' title='bbox 2049 3563 2219 3600; x_wconf 87' lang='grc'><strong>1113113</strong></span> <span class='ocrx_word' id='word_1_295' title='bbox 2256 3545 2438 3600; x_wconf 88' lang='lat' dir='ltr'>PAB</span> <span class='ocrx_word' id='word_1_296' title='bbox 2546 3550 2579 3599; x_wconf 83' lang='lat'>5</span> 
     </span>
     <span class='ocr_line' id='line_1_31' title="bbox 309 3633 2582 3706; baseline -0 -19"><span class='ocrx_word' id='word_1_297' title='bbox 309 3634 526 3705; x_wconf 76' lang='lat' dir='ltr'>quatiet]</span> <span class='ocrx_word' id='word_1_298' title='bbox 566 3634 826 3702; x_wconf 81' lang='lat' dir='ltr'>quatinet</span> <span class='ocrx_word' id='word_1_299' title='bbox 852 3634 909 3687; x_wconf 89' lang='lat' dir='ltr'><strong><em>A</em></strong></span> <span class='ocrx_word' id='word_1_300' title='bbox 953 3681 960 3689; x_wconf 83' lang='lat'><strong>.</strong></span> <span class='ocrx_word' id='word_1_301' title='bbox 1019 3641 1051 3689; x_wconf 87' lang='grc'>6</span> <span class='ocrx_word' id='word_1_302' title='bbox 1087 3635 1263 3706; x_wconf 83' lang='lat' dir='ltr'>facto]</span> <span class='ocrx_word' id='word_1_303' title='bbox 1302 3634 1458 3689; x_wconf 68' lang='lat' dir='ltr'>factu</span> <span class='ocrx_word' id='word_1_304' title='bbox 1495 3651 1635 3690; x_wconf 88' lang='lat' dir='ltr'>corr.</span> <span class='ocrx_word' id='word_1_305' title='bbox 1668 3667 1730 3674; x_wconf 94' lang='lat'>—</span> <span class='ocrx_word' id='word_1_306' title='bbox 1763 3638 1824 3690; x_wconf 89' lang='lat' dir='ltr'>to</span> <span class='ocrx_word' id='word_1_307' title='bbox 1851 3634 1908 3688; x_wconf 89' lang='lat' dir='ltr'><strong><em>A</em></strong></span> <span class='ocrx_word' id='word_1_308' title='bbox 2019 3641 2049 3690; x_wconf 81' lang='lat'>&#39;¹1</span> <span class='ocrx_word' id='word_1_309' title='bbox 2088 3653 2191 3690; x_wconf 87' lang='grc'><strong>1133</strong></span> <span class='ocrx_word' id='word_1_310' title='bbox 2224 3634 2367 3689; x_wconf 87' lang='grc'><strong>11333</strong></span> <span class='ocrx_word' id='word_1_311' title='bbox 2398 3633 2582 3687; x_wconf 83' lang='grc' dir='ltr'>ΡΑΒ</span> 
     </span>
     <span class='ocr_line' id='line_1_32' title="bbox 310 3721 2582 3796; baseline 0 -21"><span class='ocrx_word' id='word_1_312' title='bbox 310 3726 357 3776; x_wconf 83' lang='lat' dir='ltr'>ut</span> <span class='ocrx_word' id='word_1_313' title='bbox 387 3722 521 3778; x_wconf 88' lang='grc'><strong>11333</strong></span> <span class='ocrx_word' id='word_1_314' title='bbox 558 3740 591 3778; x_wconf 87' lang='lat' dir='ltr'><strong><em>v</em></strong></span> <span class='ocrx_word' id='word_1_315' title='bbox 774 3729 805 3778; x_wconf 88' lang='lat'>9</span> <span class='ocrx_word' id='word_1_316' title='bbox 861 3721 1080 3776; x_wconf 87' lang='lat' dir='ltr'>biuium</span> <span class='ocrx_word' id='word_1_317' title='bbox 1115 3741 1149 3777; x_wconf 87' lang='lat' dir='ltr'><strong><em>v</em></strong></span> <span class='ocrx_word' id='word_1_318' title='bbox 1186 3723 1421 3778; x_wconf 87' lang='lat' dir='ltr'>biluium</span> <span class='ocrx_word' id='word_1_319' title='bbox 1458 3723 1641 3778; x_wconf 90' lang='lat' dir='ltr'>PAB</span> <span class='ocrx_word' id='word_1_320' title='bbox 1768 3777 1776 3785; x_wconf 82' lang='grc'><strong><em>,</em></strong></span> <span class='ocrx_word' id='word_1_321' title='bbox 1820 3726 1857 3779; x_wconf 91' lang='lat' dir='ltr'>l.</span> <span class='ocrx_word' id='word_1_322' title='bbox 1880 3724 2103 3796; x_wconf 81' lang='lat' dir='ltr'>edatur]</span> <span class='ocrx_word' id='word_1_323' title='bbox 2140 3723 2365 3779; x_wconf 85' lang='lat' dir='ltr'>ledatur</span> <span class='ocrx_word' id='word_1_324' title='bbox 2402 3723 2582 3778; x_wconf 91' lang='lat' dir='ltr'>PAB</span> 
     </span>
     <span class='ocr_line' id='line_1_33' title="bbox 309 3803 2580 3884; baseline 0.001 -19"><span class='ocrx_word' id='word_1_325' title='bbox 309 3810 447 3867; x_wconf 76' lang='lat' dir='ltr'>datur</span> <span class='ocrx_word' id='word_1_326' title='bbox 479 3831 513 3866; x_wconf 80' lang='lat' dir='ltr'><em>v</em></span> <span class='ocrx_word' id='word_1_327' title='bbox 546 3854 559 3866; x_wconf 90' lang='lat'><strong>.</strong></span> <span class='ocrx_word' id='word_1_328' title='bbox 588 3813 637 3867; x_wconf 86' lang='lat' dir='ltr'>c’</span> <span class='ocrx_word' id='word_1_329' title='bbox 675 3811 915 3867; x_wconf 84' lang='lat' dir='ltr'>dedatur</span> <span class='ocrx_word' id='word_1_330' title='bbox 947 3815 1012 3867; x_wconf 79' lang='lat' dir='ltr'>in</span> <span class='ocrx_word' id='word_1_331' title='bbox 1047 3814 1294 3883; x_wconf 76' lang='lat' dir='ltr'>maryine</span> <span class='ocrx_word' id='word_1_332' title='bbox 1329 3814 1626 3883; x_wconf 78' lang='lat' dir='ltr'>adscripsit</span> <span class='ocrx_word' id='word_1_333' title='bbox 1667 3815 1723 3867; x_wconf 92' lang='lat' dir='ltr'><strong><em>P</em></strong></span> <span class='ocrx_word' id='word_1_334' title='bbox 1749 3856 1761 3869; x_wconf 88' lang='lat'><strong>.</strong></span> <span class='ocrx_word' id='word_1_335' title='bbox 1793 3813 2025 3884; x_wconf 84' lang='lat' dir='ltr'>eligitur</span> <span class='ocrx_word' id='word_1_336' title='bbox 2062 3815 2371 3868; x_wconf 81' lang='lat' dir='ltr'>Inewndus.</span> <span class='ocrx_word' id='word_1_337' title='bbox 2432 3803 2580 3868; x_wconf 80' lang='lat' dir='ltr'><em>‘Ma-</em></span> 
     </span>
     <span class='ocr_line' id='line_1_34' title="bbox 310 3901 2582 3971; baseline 0.001 -17"><span class='ocrx_word' id='word_1_338' title='bbox 310 3901 461 3955; x_wconf 77' lang='lat' dir='ltr'>culam</span> <span class='ocrx_word' id='word_1_339' title='bbox 485 3902 647 3956; x_wconf 78' lang='lat' dir='ltr'>habet</span> <span class='ocrx_word' id='word_1_340' title='bbox 680 3904 918 3971; x_wconf 78' lang='lat' dir='ltr'>optimus</span> <span class='ocrx_word' id='word_1_341' title='bbox 953 3903 1133 3957; x_wconf 68' lang='lat' dir='ltr'>codem.</span> <span class='ocrx_word' id='word_1_342' title='bbox 1209 3901 1482 3969; x_wconf 66' lang='lat' dir='ltr'>Ledam,</span> <span class='ocrx_word' id='word_1_343' title='bbox 1518 3904 1662 3957; x_wconf 89' lang='lat' dir='ltr'>enim</span> <span class='ocrx_word' id='word_1_344' title='bbox 1697 3903 1786 3958; x_wconf 81' lang='lat' dir='ltr'>hic</span> <span class='ocrx_word' id='word_1_345' title='bbox 1818 3905 2083 3971; x_wconf 79' lang='lat' dir='ltr'>seriptum</span> <span class='ocrx_word' id='word_1_346' title='bbox 2120 3903 2217 3957; x_wconf 87' lang='lat' dir='ltr'>est’</span> <span class='ocrx_word' id='word_1_347' title='bbox 2305 3903 2582 3958; x_wconf 70' lang='lat' dir='ltr'>Victorius</span> 
     </span>
     <span class='ocr_line' id='line_1_35' title="bbox 398 3990 2580 4060; baseline 0.002 -17"><span class='ocrx_word' id='word_1_348' title='bbox 398 3996 458 4044; x_wconf 88' lang='grc'>10</span> <span class='ocrx_word' id='word_1_349' title='bbox 497 3990 808 4059; x_wconf 82' lang='lat' dir='ltr'>eliquescat</span> <span class='ocrx_word' id='word_1_350' title='bbox 845 3990 959 4045; x_wconf 91' lang='lat' dir='ltr'>VB</span> <span class='ocrx_word' id='word_1_351' title='bbox 995 3991 1347 4059; x_wconf 80' lang='lat' dir='ltr'>eliquescant</span> <span class='ocrx_word' id='word_1_352' title='bbox 1372 3993 1491 4046; x_wconf 91' lang='lat' dir='ltr'>Am</span> <span class='ocrx_word' id='word_1_353' title='bbox 1593 3997 1658 4044; x_wconf 90' lang='lat'>11</span> <span class='ocrx_word' id='word_1_354' title='bbox 1702 3992 1919 4060; x_wconf 79' lang='lat' dir='ltr'>‘Itaque</span> <span class='ocrx_word' id='word_1_355' title='bbox 1949 3990 2237 4046; x_wconf 87' lang='lat' dir='ltr'>dominum</span> <span class='ocrx_word' id='word_1_356' title='bbox 2265 3994 2323 4047; x_wconf 87' lang='lat' dir='ltr'>et</span> <span class='ocrx_word' id='word_1_357' title='bbox 2350 3993 2580 4047; x_wconf 83' lang='lat' dir='ltr'>balneas</span> 
     </span>
    </p>

    <p class='ocr_par' dir='ltr' id='par_1_8' title="bbox 312 4078 2583 4506">
     <span class='ocr_line' id='line_1_36' title="bbox 312 4078 2583 4150; baseline 0.002 -19"><span class='ocrx_word' id='word_1_358' title='bbox 312 4080 357 4132; x_wconf 81' lang='lat' dir='ltr'>et</span> <span class='ocrx_word' id='word_1_359' title='bbox 385 4080 731 4149; x_wconf 80' lang='lat' dir='ltr'>gymnasium</span> <span class='ocrx_word' id='word_1_360' title='bbox 770 4078 1040 4148; x_wconf 81' lang='lat' dir='ltr'>sequitur.</span> <span class='ocrx_word' id='word_1_361' title='bbox 1104 4079 1268 4134; x_wconf 81' lang='lat' dir='ltr'>Vetus</span> <span class='ocrx_word' id='word_1_362' title='bbox 1301 4081 1434 4136; x_wconf 80' lang='lat' dir='ltr'>haee</span> <span class='ocrx_word' id='word_1_363' title='bbox 1469 4086 1546 4135; x_wconf 85' lang='lat' dir='ltr'>est</span> <span class='ocrx_word' id='word_1_364' title='bbox 1572 4082 1745 4149; x_wconf 78' lang='lat' dir='ltr'>leetiO,</span> <span class='ocrx_word' id='word_1_365' title='bbox 1781 4097 1920 4150; x_wconf 76' lang='lat' dir='ltr'>quae</span> <span class='ocrx_word' id='word_1_366' title='bbox 1947 4085 1997 4136; x_wconf 84' lang='lat' dir='ltr'>et</span> <span class='ocrx_word' id='word_1_367' title='bbox 2022 4082 2252 4150; x_wconf 74' lang='lat' dir='ltr'>eleqans,</span> <span class='ocrx_word' id='word_1_368' title='bbox 2289 4086 2338 4136; x_wconf 84' lang='lat' dir='ltr'>et</span> <span class='ocrx_word' id='word_1_369' title='bbox 2364 4084 2583 4136; x_wconf 73' lang='lat' dir='ltr'>erudita</span> 
     </span>
     <span class='ocr_line' id='line_1_37' title="bbox 312 4168 2582 4240; baseline 0.002 -19"><span class='ocrx_word' id='word_1_370' title='bbox 312 4169 529 4223; x_wconf 76' lang='lat' dir='ltr'>uidetur&#39;</span> <span class='ocrx_word' id='word_1_371' title='bbox 588 4168 868 4223; x_wconf 79' lang='lat' dir='ltr'>Victorius</span> <span class='ocrx_word' id='word_1_372' title='bbox 1001 4168 1194 4237; x_wconf 82' lang='lat' dir='ltr'>itaque</span> <span class='ocrx_word' id='word_1_373' title='bbox 1230 4169 1327 4237; x_wconf 75' lang='grc'><strong>1131</strong></span> <span class='ocrx_word' id='word_1_374' title='bbox 1376 4170 1665 4224; x_wconf 87' lang='lat' dir='ltr'>dominum</span> <span class='ocrx_word' id='word_1_375' title='bbox 1701 4171 1758 4224; x_wconf 90' lang='lat' dir='ltr'><em>B</em></span> <span class='ocrx_word' id='word_1_376' title='bbox 1874 4170 1932 4224; x_wconf 87' lang='lat' dir='ltr'>in</span> <span class='ocrx_word' id='word_1_377' title='bbox 1969 4169 2226 4240; x_wconf 81' lang='lat' dir='ltr'>balneas]</span> <span class='ocrx_word' id='word_1_378' title='bbox 2264 4172 2323 4224; x_wconf 89' lang='lat' dir='ltr'>et</span> <span class='ocrx_word' id='word_1_379' title='bbox 2347 4170 2582 4226; x_wconf 82' lang='lat' dir='ltr'>balneas</span> 
     </span>
     <span class='ocr_line' id='line_1_38' title="bbox 322 4256 2581 4335; baseline 0.002 -26"><span class='ocrx_word' id='word_1_380' title='bbox 322 4256 473 4312; x_wconf 86' lang='lat' dir='ltr'>VAB</span> <span class='ocrx_word' id='word_1_381' title='bbox 530 4259 590 4311; x_wconf 87' lang='lat' dir='ltr'>et</span> <span class='ocrx_word' id='word_1_382' title='bbox 638 4257 699 4312; x_wconf 86' lang='lat' dir='ltr'>in</span> <span class='ocrx_word' id='word_1_383' title='bbox 754 4258 987 4313; x_wconf 81' lang='lat' dir='ltr'>balneas</span> <span class='ocrx_word' id='word_1_384' title='bbox 1039 4257 1402 4314; x_wconf 80' lang='lat' dir='ltr'>Schneiderus</span> <span class='ocrx_word' id='word_1_385' title='bbox 1592 4260 1967 4330; x_wconf 77' lang='lat' dir='ltr'>gyminasium</span> <span class='ocrx_word' id='word_1_386' title='bbox 2015 4259 2072 4313; x_wconf 93' lang='lat' dir='ltr'><em>P</em></span> <span class='ocrx_word' id='word_1_387' title='bbox 2101 4258 2477 4335; x_wconf 18' lang='lat' dir='ltr'>*giminasium</span> <span class='ocrx_word' id='word_1_388' title='bbox 2524 4260 2581 4314; x_wconf 89' lang='lat' dir='ltr'><strong><em>A</em></strong></span> 
     </span>
     <span class='ocr_line' id='line_1_39' title="bbox 318 4346 2581 4416; baseline 0.002 -16"><span class='ocrx_word' id='word_1_389' title='bbox 318 4346 581 4415; x_wconf 71' lang='lat' dir='ltr'>gyfiasium</span> <span class='ocrx_word' id='word_1_390' title='bbox 618 4348 677 4401; x_wconf 88' lang='lat' dir='ltr'><em>B</em></span> <span class='ocrx_word' id='word_1_391' title='bbox 723 4346 1079 4416; x_wconf 76' lang='lat' dir='ltr'>gymnasium</span> <span class='ocrx_word' id='word_1_392' title='bbox 1116 4365 1149 4403; x_wconf 87' lang='lat' dir='ltr'><strong><em>v</em></strong></span> <span class='ocrx_word' id='word_1_393' title='bbox 1292 4348 1543 4416; x_wconf 85' lang='lat' dir='ltr'>sequitur</span> <span class='ocrx_word' id='word_1_394' title='bbox 1579 4348 1701 4403; x_wconf 90' lang='lat' dir='ltr'>AB</span> <span class='ocrx_word' id='word_1_395' title='bbox 1738 4347 1868 4402; x_wconf 89' lang='lat' dir='ltr'>inde</span> <span class='ocrx_word' id='word_1_396' title='bbox 1906 4348 2158 4416; x_wconf 86' lang='lat' dir='ltr'>sequitur</span> <span class='ocrx_word' id='word_1_397' title='bbox 2205 4347 2271 4415; x_wconf 89' lang='lat' dir='ltr'>V,</span> <span class='ocrx_word' id='word_1_398' title='bbox 2316 4350 2415 4403; x_wconf 79' lang='lat' dir='ltr'>ubi</span> <span class='ocrx_word' id='word_1_399' title='bbox 2449 4348 2581 4405; x_wconf 87' lang='lat' dir='ltr'>inde</span> 
     </span>
     <span class='ocr_line' id='line_1_40' title="bbox 318 4436 2582 4506; baseline 0 -14"><span class='ocrx_word' id='word_1_400' title='bbox 318 4437 537 4492; x_wconf 76' lang='lat' dir='ltr'>delevisse</span> <span class='ocrx_word' id='word_1_401' title='bbox 568 4437 789 4491; x_wconf 80' lang='lat' dir='ltr'>videtur</span> <span class='ocrx_word' id='word_1_402' title='bbox 821 4436 875 4489; x_wconf 92' lang='lat' dir='ltr'><strong><em>P</em></strong></span> <span class='ocrx_word' id='word_1_403' title='bbox 983 4442 1045 4490; x_wconf 82' lang='lat'>12</span> <span class='ocrx_word' id='word_1_404' title='bbox 1084 4436 1316 4504; x_wconf 83' lang='lat' dir='ltr'>fortasse</span> <span class='ocrx_word' id='word_1_405' title='bbox 1342 4437 1651 4493; x_wconf 83' lang='lat' dir='ltr'>acervatim</span> <span class='ocrx_word' id='word_1_406' title='bbox 1676 4438 1734 4492; x_wconf 89' lang='lat' dir='ltr'>in</span> <span class='ocrx_word' id='word_1_407' title='bbox 1764 4437 1884 4491; x_wconf 86' lang='lat' dir='ltr'>dies</span> <span class='ocrx_word' id='word_1_408' title='bbox 1913 4436 2162 4506; x_wconf 82' lang='lat' dir='ltr'>singulos</span> <span class='ocrx_word' id='word_1_409' title='bbox 2275 4443 2340 4492; x_wconf 88' lang='grc'>13</span> <span class='ocrx_word' id='word_1_410' title='bbox 2379 4437 2582 4494; x_wconf 77' lang='lat' dir='ltr'>fraces·</span> 
     </span>
    </p>
   </div>
   <div class='ocr_carea' id='block_1_7' title="bbox 324 4520 2475 4671">
    <p class='ocr_par' dir='ltr' id='par_1_9' title="bbox 324 4520 2475 4671">
     <span class='ocr_line' id='line_1_41' title="bbox 324 4520 2475 4595; baseline 0.002 -18"><span class='ocrx_word' id='word_1_411' title='bbox 324 4526 416 4579; x_wconf 79' lang='lat' dir='ltr'>scat</span> <span class='ocrx_word' id='word_1_412' title='bbox 443 4525 500 4580; x_wconf 94' lang='lat' dir='ltr'><strong><em>A</em></strong></span> <span class='ocrx_word' id='word_1_413' title='bbox 647 4526 883 4594; x_wconf 87' lang='lat' dir='ltr'>quisque</span> <span class='ocrx_word' id='word_1_414' title='bbox 919 4522 1346 4595; x_wconf 72' lang='lat' dir='ltr'>superscriptum</span> <span class='ocrx_word' id='word_1_415' title='bbox 1381 4527 1446 4581; x_wconf 91' lang='lat' dir='ltr'>in</span> <span class='ocrx_word' id='word_1_416' title='bbox 1483 4528 1539 4582; x_wconf 86' lang='lat' dir='ltr'><strong><em>A</em></strong></span> <span class='ocrx_word' id='word_1_417' title='bbox 1685 4543 1913 4581; x_wconf 82' lang='lat' dir='ltr'>aceruos</span> <span class='ocrx_word' id='word_1_418' title='bbox 1957 4520 2139 4582; x_wconf 89' lang='lat' dir='ltr'>PAB</span> <span class='ocrx_word' id='word_1_419' title='bbox 2176 4541 2405 4580; x_wconf 83' lang='lat' dir='ltr'>aceruus</span> <span class='ocrx_word' id='word_1_420' title='bbox 2441 4544 2475 4581; x_wconf 87' lang='lat' dir='ltr'><strong><em>v</em></strong></span> 
     </span>
     <span class='ocr_line' id='line_1_42' title="bbox 403 4622 2190 4671; baseline 0.002 -8"><span class='ocrx_word' id='word_1_421' title='bbox 403 4622 525 4665; x_wconf 62' lang='lat' dir='ltr'>camo</span> <span class='ocrx_word' id='word_1_422' title='bbox 554 4634 621 4664; x_wconf 74' lang='grc'>111</span> <span class='ocrx_word' id='word_1_423' title='bbox 649 4634 772 4664; x_wconf 58' lang='grc'><strong>33111</strong></span> <span class='ocrx_word' id='word_1_424' title='bbox 801 4633 840 4663; x_wconf 90' lang='lat' dir='ltr'>c.</span> <span class='ocrx_word' id='word_1_425' title='bbox 1251 4666 1256 4671; x_wconf 85' lang='grc'>,</span> <span class='ocrx_word' id='word_1_426' title='bbox 2090 4623 2154 4669; x_wconf 69' lang='lat' dir='ltr'>1ss</span> <span class='ocrx_word' id='word_1_427' title='bbox 2187 4662 2190 4665; x_wconf 96' lang='lat'>.</span> 
     </span>
    </p>
   </div>
  </div>
 </body>
</html>
