3178 5185
553 347 682 409 272
1537 346 1907 403 VARRONIS

556 521 620 572 ut
675 513 1006 592 decipiaris.
1100 521 1316 591 quotus
1375 515 1628 592 quisque
1689 517 1846 574 enim
1899 522 1992 574 est
2037 532 2255 593 annus,
2313 532 2430 593 quo
2479 532 2602 573 non
2655 513 2896 589 videas,

555 619 794 698 epulum
851 626 953 679 aut
1007 620 1374 700 triumphum
1432 629 1534 680 aut
1592 620 1832 699 collegia
1881 640 1999 681 non
2047 621 2304 701 epulari,
2352 640 2502 699 quae
2552 640 2729 681 nunc
2782 623 2874 679 in-

554 725 953 786 numerabiles
1000 725 1325 787 incendunt
1375 724 1709 788 annonam?
1802 728 1914 788 Sed
1965 737 2210 808 propter
2256 728 2579 802 luxuriam,
2641 730 2890 807 inquit,

461 840 540 896 17
565 833 817 912 quodam
867 833 1039 893 modo
1088 834 1351 921 epulum*
1377 834 1739 896 cotidianum
1778 844 1869 895 est
1906 838 2061 895 intra
2099 838 2304 896 ianuas
2340 836 2579 896 Romae.
2645 819 2877 895 Nonne

553 920 697 1002 item
736 939 798 1000 L.
838 941 1155 1022 AbucciuS,
1193 942 1387 1023 home,
1427 950 1493 1002 ut
1533 945 1718 1023 scitiS‚
1756 944 2021 1022 adprime
2062 944 2290 1024 doctuS‚
2329 945 2501 1004 cuius
2543 943 2874 1004 Luciliano
2932 961 2957 1000 5

556 1047 897 1108 charactere
938 1058 1077 1128 sunt
1115 1049 1313 1130 libelli,
1352 1051 1588 1111 dicebat
1627 1053 1687 1111 in
1718 1051 1940 1111 Albano
1982 1051 2228 1112 fundum
2268 1070 2442 1112 suum
2475 1050 2877 1130 pastionibus

556 1174 793 1242 semper
847 1157 1002 1216 vinci
1060 1176 1092 1216 a
1147 1154 1347 1217 villa?
1389 1176 1596 1236 agrum
1656 1161 1814 1218 enim
1869 1160 2067 1218 minus
2122 1157 2327 1218 decem
2374 1156 2534 1217 milia
2584 1157 2890 1237 reddere,

559 1262 748 1323 villam
815 1259 949 1341 plus
1005 1265 1225 1325 vicena.
1326 1265 1483 1324 idem
1546 1265 1875 1326 secundum
1933 1284 2124 1345 mare,
2182 1283 2301 1343 quo
2358 1264 2487 1324 loco
2546 1264 2759 1339 vellet,
2824 1266 2876 1323 si

555 1348 824 1448 parasset
872 1369 1081 1450 villam,
1129 1389 1192 1430 se
1242 1390 1420 1450 supra
1473 1379 1713 1432 centum
1756 1372 1919 1456 milia
1970 1391 2001 1431 e
2041 1371 2171 1431 villa
2212 1370 2874 1450 recepturumsagro}

559 1494 665 1555 age
713 1495 831 1536 non
880 1475 953 1536 M.
1002 1476 1142 1537 Cato
1191 1496 1408 1563 nuper,
1463 1498 1601 1539 cum
1651 1478 1885 1540 Luculli
1931 1482 2174 1558 accepit¹
2209 1478 2478 1560 tutelam>
2526 1498 2558 1538 e
2606 1479 2964 1559 piscinis-m

388 1661 393 1666 ‚
465 1590 543 1646 18
568 1585 696 1642 eius
745 1583 1131 1668 quadraginta
1178 1584 1416 1670 milibus
1464 1588 1758 1647 sestertiis
1795 1587 2058 1667 vendidit
2095 1584 2319 1665 piscis?
2355 1577 2598 1667 Axius,
2634 1585 2877 1646 Merula

559 1692 659 1770 mi,
705 1692 916 1769 inquit,
964 1693 1165 1770 recipe
1215 1711 1308 1752 me
1359 1711 1598 1771 quaeso
1628 1694 1985 1772 discipulum
2033 1694 2319 1754 villaticae
2368 1695 2678 1773 pastionis,
2744 1692 2875 1773 Ille,

561 1796 676 1867 Qui
724 1798 969 1859 simulac
1016 1801 1364 1877 promiseris
1412 1801 1737 1884 minerval‚⁴
1772 1803 2081 1881 incipiam,
2128 1804 2337 1880 inquit,
2385 1801 2443 1861 id
2493 1809 2583 1861 est
2631 1820 2874 1881 cenam,

560 1902 683 1981 Ego
732 1923 870 1964 vero
920 1924 1036 1965 non
1086 1924 1317 1987 recuso,
1367 1906 1458 1967 vel
1504 1907 1681 1967 hodie
1722 1920 1800 1967 'ex
1850 1909 1963 1968 ista
2000 1911 2268 1987 pastione
2308 1899 2873 1987 cre'B‘WAppiuS,

562 2010 752 2100 Credo
827 2012 1073 2072 simulac
1149 2015 1406 2092 primum
1473 2033 1543 2074 ex
1612 2017 1725 2074 isto
1792 2014 2047 2076 villatico
2113 2034 2327 2096 pecore
2393 2016 2614 2102 mortui
2684 2022 2873 2085 erunt
2901 2020 2952 2060 15

561 2136 802 2180 anseres
859 2128 960 2179 aut
1006 2139 1282 2199 pavones,
1377 2122 1483 2206 Cui
1532 2122 1657 2203 ille,
1714 2122 1867 2193 Quid
1917 2126 2075 2205 enim
2121 2126 2398 2203 interest,
2450 2132 2870 2202 utrum-mor-

561 2226 773 2285 ticinas
830 2227 1005 2287 editis
1063 2227 1365 2289 volucres
1399 2249 1469 2289 an
1527 2232 1752 2309 pisceS‚
1806 2249 1957 2309 quos
2013 2233 2129 2291 nisi
2175 2238 2449 2312 ‘mortuos
2495 2231 2640 2289 estis
2689 2248 2867 2311 num-

516 2323 525 2334 ’
561 2330 783 2410 quam?
838 2333 940 2392 sed
982 2339 1093 2394 oro'
1125 2342 1209 2414 te,
1256 2337 1468 2416 inquit,
1509 2337 1725 2396 induce
1763 2356 1858 2397 me
1897 2340 1958 2397 in
1996 2340 2148 2397 viam
2185 2337 2530 2417 disciplinae
2559 2318 2868 2397 'villaticae

561 2440 846 2518 pastionis
894 2458 960 2499 ac
1008 2442 1124 2499 vim
1172 2437 1539 2521 formamque
1588 2445 1717 2527 eius
1766 2462 2010 2524 expone.

708 2761 774 2808 10
813 2772 918 2826 age
955 2772 1068 2810 non
1104 2756 1177 2809 M.
1219 2757 1358 2812 Cato
1403 2739 1653 2813 Mam-ob.
1692 2764 1904 2813 saturn.
1939 2759 2057 2811 III
2078 2764 2167 2825 15,
2197 2758 2466 2814 6Colum.
2509 2759 2682 2812 VIII
2707 2765 2803 2827 16,
2832 2764 2868 2814 5

497 2864 507 2877 ·
567 2845 717 2900 Ptin,
756 2851 812 2911 9,
852 2849 963 2898 170
1498 2848 1501 2849 ⁷
1609 2840 1612 2847 ’
1673 2848 1676 2851 ’
1909 2864 1916 2868 ⁴
2707 2866 2712 2867 ⁷

671 3153 702 3200 2
742 3146 984 3216 collegia
1023 3147 1392 3217 nonnepulari
1429 3151 1482 3202 A
1593 3150 1762 3220 nunc]
1799 3168 1915 3203 nun
1952 3152 2008 3206 A
2117 3157 2149 3204 3
2186 3151 2492 3206 incendunt
2528 3151 2642 3205 PB
2669 3151 2868 3206 incen-

567 3235 822 3289 dundunt
858 3236 914 3290 A
960 3235 1260 3289 intendunt
1303 3253 1335 3290 v
1380 3290 1383 3293 ,
1490 3253 1733 3291 anonam
1783 3237 1835 3290 V
1972 3237 2160 3306 inquit
2195 3239 2293 3293 Bv
2339 3238 2535 3306 inquid
2574 3238 2686 3293 ΡΑ
2836 3245 2869 3291 4

567 3327 790 3394 epulum
831 3314 1257 3395 superscriptum
1293 3327 1355 3379 in
1391 3326 1447 3378 Β
1594 3331 1625 3379 5
1666 3326 1931 3380 abuccius
1977 3327 2158 3381 PAB
2197 3328 2443 3383 albutius
2480 3346 2529 3382 v.
2608 3326 2760 3382 ‘Non
2798 3344 2866 3380 ne

565 3414 703 3468 item
742 3414 802 3469 L.
841 3402 1118 3467 Albutius,
1195 3414 1358 3468 Nihil
1403 3416 1699 3469 immutaui
1725 3438 1738 3470 ε
1771 3417 1835 3468 in
1872 3416 2091 3484 optimis
2126 3422 2306 3471 tamen
2342 3418 2745 3485 exemplaribus
2780 3418 2868 3471 hic

569 3503 860 3558 Abuccius,
920 3502 1128 3556 Iterum
1166 3505 1308 3558 idem
1347 3520 1540 3558 nomen
1576 3505 1676 3558 hoc
1713 3505 1833 3572 ipso
1870 3505 1934 3558 i‘n
1963 3506 2118 3581 libro,
2156 3507 2254 3560 ubi
2282 3508 2347 3560 de
2376 3506 2704 3560 Pauonibus
2734 3508 2864 3574 ayit,

568 3598 615 3644 et
652 3592 716 3645 in
753 3594 964 3645 excusis
1001 3593 1267 3646 Albutius
1303 3596 1393 3646 est.
1477 3591 1546 3646 Vt
1585 3595 1801 3669 quidem
1837 3595 2117 3651 Abuccius
2144 3595 2396 3649 habebat'
2449 3595 2727 3650 Victorius

568 3679 819 3750 adprime
849 3683 901 3733 A
939 3679 1193 3750 apprime
1237 3680 1349 3734 VB
1494 3681 1772 3749 luciliano¹
1800 3682 1909 3736 VB
1941 3670 2233 3749 ¹luciniano
2263 3685 2316 3736 A
2354 3682 2640 3738 luciniana
2671 3702 2726 3738 m

566 3759 601 3824 6
640 3764 961 3824 charactere
991 3770 1045 3822 A
1077 3772 1358 3824 caractere
1399 3771 1450 3824 V
1475 3772 1836 3825 characthere
1866 3773 1921 3826 B
2025 3779 2054 3826 7
2093 3772 2325 3827 reddere
2356 3774 2438 3828 bis
2466 3774 2748 3842 scriptum,
2776 3775 2868 3829 sed

559 3861 859 3928 pesteriore
898 3861 1010 3913 loco
1048 3861 1275 3914 deletum
1313 3865 1390 3914 est
1425 3862 1488 3914 in
1524 3862 1579 3923 A
1614 3916 1618 3920 ,
1726 3868 1756 3915 9
1796 3880 1866 3923 se,
1891 3863 2318 3931 supe-seriptum
2340 3863 2418 3921 ‚bn-
2455 3862 2511 3916 A
2643 3866 2867 3918 centum

571 3949 728 4004 milia
775 3967 804 4003 e
852 3949 992 4002 uilla.
1033 3950 1088 4003 P
1132 3952 1355 4004 centum
1401 3950 1780 4018 miliae'uilla
1816 3952 1871 4005 B
1912 3952 2132 4005 centum
2183 3950 2338 4005 miiie
2376 3950 2515 4004 uilla
2552 3951 2606 4005 A
2647 3955 2865 4007 centum

571 4040 729 4094 milia
766 4039 906 4093 uilla.
941 4056 972 4093 v
1098 4042 1452 4108 recepturum
1491 4057 1628 4108 agro
1667 4057 1772 4109 age
1809 4041 1931 4095 AB
1969 4043 2321 4110 recepturum
2358 4038 2478 4109 Age
2525 4040 2580 4094 V
2682 4048 2748 4096 10
2786 4041 2868 4095 lu-

570 4128 704 4182 culli
725 4130 820 4183 Bv
843 4127 1024 4182 lucilli
1040 4129 1146 4182 PA
1239 4135 1302 4182 11
1331 4128 1606 4183 sestertiis
1621 4130 1675 4182 B
1697 4129 1949 4183 sestertis
1970 4129 2077 4182 PA
2098 4127 2372 4195 sesterciis
2391 4146 2422 4183 v
2513 4130 2682 4199 piscis
2696 4131 2869 4186 PAB

571 4218 752 4287 pisces
770 4236 801 4271 v
897 4224 960 4271 12
991 4218 1176 4286 inquit
1201 4218 1311 4273 VB
1339 4218 1532 4286 inquid
1556 4219 1610 4270 A
1707 4224 1770 4271 13
1801 4217 1896 4286 qui
1916 4217 2150 4272 simulac
2174 4218 2339 4272 VAB
2360 4217 2493 4285 quin
2515 4218 2750 4274 simulac
2771 4221 2871 4274 Iu-

572 4308 785 4361 cundus
928 4305 1221 4374 minerual,
1261 4306 1323 4359 id
1360 4311 1446 4361 est
1483 4322 1732 4374 coenam,
1771 4305 2039 4375 incipiam
2073 4307 2259 4375 inquit
2284 4306 2650 4362 Schneiderus
2791 4308 2873 4363 in-

573 4396 697 4463 quit
745 4396 855 4449 VB
892 4396 1087 4464 inquid
1126 4398 1179 4449 A
1325 4412 1558 4450 coenam
1605 4394 1659 4448 V
1774 4401 1841 4448 14
1875 4395 2046 4450 Axius
2086 4413 2191 4466 ego
2230 4413 2360 4461 uero
2397 4414 2510 4452 non
2546 4414 2742 4465 recuso
2780 4399 2874 4453 uel

573 4483 760 4551 hodie,
797 4484 854 4538 et
891 4501 957 4537 ex
994 4486 1106 4538 ista,
1141 4484 1398 4554 pastione
1436 4485 1636 4551 crebro
1668 4484 1958 4551 Iucunda-5
2106 4491 2169 4540 18
2201 4483 2396 4554 ‚inquit
2443 4485 2556 4540 VB
2592 4485 2789 4556 inquid
2818 4488 2873 4541 A
