3178 5185
584 414 712 477 246
1544 359 1549 364 ’
1568 409 1939 467 VARRONIS

583 600 787 662 equae,
836 578 1153 640 videndum
1201 597 1274 639 ne
1322 586 1423 639 aut
1469 578 1741 639 laborent
1786 578 2125 658 plusculum
2173 586 2274 639 aut
2319 595 2394 637 ne
2442 577 2677 657 frigidis
2734 577 2892 637 locis

583 691 725 769 sint,
784 688 940 767 quod
997 687 1161 764 algor
1219 688 1471 747 maxime
1516 686 1939 767 praegnatibus
1987 685 2176 746 obest.
2268 687 2468 765 itaque
2516 688 2578 745 in
2628 683 2890 746 stabulis

582 806 640 857 et
672 815 876 857 umore
907 794 1223 876 prohibere
1254 803 1489 873 oportet
1517 795 1783 875 humum,
1813 794 2011 855 clausa
2039 781 2258 854 habere
2288 795 2438 854 ostia
2467 812 2535 854 ac
2563 794 2890 875 fenestraS,

582 913 641 965 et
686 906 843 964 inter
891 903 1152 982 singulas
1201 921 1231 961 a
1278 902 1669 981 praesepibus
1715 903 2035 963 intericere
2082 901 2410 981 longorioS,
2458 903 2561 980 qui
2610 918 2712 961 eas
2761 901 2885 961 dis·

580 1020 845 1093 cernant,
890 1030 964 1072 ne
1012 1013 1169 1071 inter
1217 1028 1280 1070 se
1327 1028 1592 1090 pugnare
1639 1011 1886 1088 possint.
1978 1017 2361 1088 praegnatem
2406 1027 2603 1088 neque
2640 1008 2881 1088 inplere
2940 1025 2966 1064 5

488 1124 563 1179 11
588 1119 722 1178 cibo
771 1137 963 1196 neque
1010 1119 1238 1177 esurire
1287 1125 1538 1196 oportet.
1631 1117 1874 1177 alternis
1923 1120 2026 1196 qui
2072 1118 2408 1197 admittant,
2466 1116 2886 1177 diuturniores

576 1243 788 1304 equoS,
845 1223 1120 1284 meliores
1176 1223 1369 1302 pullos
1425 1224 1557 1283 fieri
1614 1225 1848 1305 dicunt,
1904 1227 2102 1303 itaque
2159 1232 2226 1285 ut
2283 1223 2580 1284 restibiles
2641 1231 2883 1301 segetes

577 1352 708 1393 esse
757 1340 1097 1412 exuctoreS,
1147 1334 1232 1391 sic
1281 1333 1597 1410 quotannis
1650 1350 1798 1411 quae
1844 1339 2197 1411 praegnates
2244 1333 2405 1392 fiant.
2498 1330 2614 1409 [in]
2663 1331 2881 1391 decem

577 1439 788 1499 diebus
837 1438 1164 1499 secundum
1212 1447 1448 1518 partum
1496 1458 1631 1500 cum
1671 1439 1961 1499 matribus
1999 1441 2060 1499 in
2098 1438 2380 1518 pabulum
2417 1438 2878 1518 prodigendum,

578 1566 650 1606 ne
707 1545 960 1624 ungulas
1017 1545 1306 1606 conburat
1363 1555 1598 1607 stercus
1647 1545 1960 1624 [tenebat]
2054 1545 2644 1626 quinquemestribus
2691 1544 2877 1624 pullis
2908 1560 2961 1598 10

578 1655 765 1733 sactiS,
813 1671 948 1713 cum
996 1653 1224 1713 redacti
1271 1661 1411 1714 sunt
1458 1655 1517 1713 in
1557 1653 1875 1734 stabulum,
1922 1653 2301 1714 obiciendum
2338 1653 2586 1713 farinam
2624 1653 2878 1713 hordea·

577 1763 727 1821 ciam
766 1759 1028 1820 molitam
1067 1778 1202 1820 cum
1241 1760 1594 1842 furfuribus,
1642 1770 1702 1821 et
1741 1760 1936 1840 siquid
1977 1760 2133 1820 aliud
2176 1769 2333 1820 terra
2373 1769 2579 1821 natum
2616 1759 2878 1821 libenter

484 1873 560 1928 12
585 1868 779 1929 edent.
871 1863 1162 1929 anniculis
1208 1869 1324 1928 iam
1372 1869 1544 1930 sactis
1591 1868 1848 1929 dandum
1897 1867 2187 1928 hordeum
2235 1875 2294 1927 et
2341 1867 2632 1949 furfureS,
2678 1886 2876 1948 usque

576 1975 764 2055 quaad
833 1984 1012 2036 erunt
1076 1976 1379 2036 lactantes.
1484 1995 1678 2055 neque
1744 1978 1911 2054 prius
1977 1975 2217 2036 biennio
2283 1976 2553 2036 confecto
2620 1994 2653 2035 a
2719 1975 2874 2036 lacte

576 2082 1025 2164 removendum3
1074 2102 1313 2163 eosque,
1360 2102 1496 2143 cum
1545 2091 1706 2144 stent
1744 2102 1881 2143 cum
1919 2082 2227 2163 matribuS,
2273 2082 2572 2144 interdum
2612 2091 2869 2143 tractan·
2902 2093 2953 2134 15

574 2190 741 2270 dum,
801 2209 899 2270 ne,
957 2209 1092 2251 cum
1151 2192 1271 2250 sint
1326 2190 1618 2270 deiuncti,
1674 2198 2114 2271 exterreantur3
2170 2190 2494 2269 eademque
2553 2208 2729 2251 causa
2784 2190 2873 2250 ibi

574 2296 774 2357 frenos
848 2296 1360 2379 suspendendum,
1434 2305 1499 2357 ut
1573 2297 1731 2358 eculi
1804 2295 2198 2359 consuescant
2270 2308 2330 2358 et
2393 2298 2596 2359 videre
2661 2317 2869 2359 eorum

713 2528 744 2575 2
803 2524 1202 2594 praegnatibus
1251 2523 1435 2579 PAB
1481 2524 1922 2594 praegnantibus
1958 2523 2082 2579 A2v
2228 2529 2260 2577 3
2318 2526 2378 2578 et
2419 2541 2612 2579 umore
2651 2525 2766 2579 PA
2811 2528 2870 2579 et

571 2611 803 2668 humore
860 2614 954 2667 Bv
1010 2615 1082 2667 ab
1138 2614 1370 2669 humore
1428 2615 1724 2670 Iucundus
1902 2616 2131 2669 humum
2178 2614 2340 2670 ABv
2396 2632 2590 2669 umum
2639 2615 2695 2668 P

572 2701 720 2755 ostia
767 2702 818 2755 V
847 2703 1038 2757 hostia
1072 2703 1195 2757 AB
1340 2709 1371 2756 5
1408 2707 1738 2772 pregnatem
1767 2702 1824 2758 A
1859 2708 2261 2773 praegnantem
2310 2704 2425 2758 VB
2567 2704 2784 2774 inplere
2809 2705 2868 2763 A

568 2790 805 2860 implere
864 2791 974 2846 VB
1021 2792 1246 2862 impleri
1301 2793 1537 2848 Ursinus
1683 2801 1714 2849 6
1763 2793 2069 2848 admittant
2112 2793 2295 2848 PAB
2341 2793 2649 2848 admittunt
2693 2811 2726 2849 v

570 2880 949 2935 diuturniores
1005 2897 1177 2950 equas
1228 2882 1537 2937 Pontedera
1582 2900 1645 2952 p.
1692 2886 1801 2938 435
2016 2887 2049 2936 8
2107 2883 2292 2936 essent
2346 2884 2635 2937 exuctores
2683 2883 2739 2936 P
2777 2887 2865 2939 ffit

570 2973 858 3024 exuctores
913 2970 968 3023 A
1032 2972 1180 3026 esset
1234 2973 1522 3026 exuctores
1577 2971 1633 3024 B
1688 2973 1874 3026 essent
1929 2971 2242 3027 exactiores
2297 2989 2329 3027 v
2387 2973 2501 3028 sint
2556 2973 2862 3029 exuctiores

575 3058 845 3113 Gesnerus
1061 3061 1198 3129 quot
1241 3061 1400 3114 annis
1437 3079 1469 3116 v
1517 3061 1666 3130 quod
1715 3061 1875 3116 annis
1919 3061 2103 3116 PAB
2319 3064 2642 3133 praegnatis
2684 3064 2863 3119 PAB

569 3148 945 3218 praegnantes
981 3165 1014 3203 v
1161 3155 1226 3203 10
1276 3148 1383 3202 ‘Ne
1422 3150 1662 3219 ungulas
1702 3153 1992 3206 comburat
2030 3151 2240 3206 stercus
2277 3153 2589 3207 cauendum
2621 3199 2632 3209 .
2662 3154 2862 3224 Recep-

570 3243 683 3290 tam
736 3238 880 3292 hanc
935 3238 1210 3292 lectionem
1264 3254 1379 3292 non
1432 3240 1659 3306 damnO,
1717 3241 2001 3309 antiquam
2055 3246 2236 3295 tamen
2289 3243 2544 3311 quamuis
2589 3244 2862 3312 uitiosum,

567 3326 1048 3395 inquinatamque,
1119 3332 1306 3381 notam
1379 3343 1487 3382 esse
1558 3330 1709 3383 uolo:
1796 3329 1883 3383 Ne
1954 3330 2195 3399 ungulas
2269 3334 2584 3387 commutat
2656 3335 2861 3389 stercus

568 3414 798 3467 tenebat
826 3456 839 3469 .
871 3416 950 3469 In
1004 3415 1204 3484 optimo
1259 3416 1439 3470 codiee
1491 3418 1677 3472 mendi
1730 3423 1863 3472 nota
1917 3419 2173 3486 adposita
2246 3419 2343 3473 est’
2413 3419 2689 3477 Victorius

568 3504 823 3557 comurat
869 3506 1082 3558 stercus
1127 3504 1361 3559 tenebat
1406 3510 1455 3559 et
1490 3507 1554 3560 in
1592 3508 1838 3577 maryine
1876 3506 1919 3561 c‘
1961 3509 2252 3573 comburat
2290 3510 2501 3565 stercus
2538 3513 2777 3569 tenellas
2814 3516 2869 3570 P

568 3610 693 3647 cum
748 3593 936 3648 inurat
990 3597 1202 3649 stercus
1256 3596 1488 3650 tenebat
1523 3595 1580 3651 A
1618 3602 1686 3651 cii
1744 3600 1926 3652 murat
1978 3600 2189 3653 stercus
2237 3600 2469 3655 tenebat
2513 3619 2566 3656 m
2614 3607 2864 3659 comurat

568 3684 780 3737 stercus
826 3684 1057 3738 tenebat
1093 3685 1150 3739 B
1196 3688 1448 3740 comutet
1494 3689 1705 3740 stercus
1754 3687 1978 3741 cauebit
2012 3704 2045 3741 v
2084 3688 2377 3742 comburat
2413 3692 2625 3746 stercus
2664 3711 2860 3750 cauen-

568 3772 700 3825 dum
744 3772 1037 3828 Iucundus
1183 3780 1247 3828 11
1297 3774 1657 3837 hordeaciam
1702 3776 1758 3830 A
1801 3775 2150 3831 hordiaciam
2196 3779 2252 3833 B
2300 3779 2627 3835 ordeaceam
2675 3783 2729 3836 V

570 3866 637 3915 13
687 3862 916 3917 ordeum
965 3862 1018 3916 V
1159 3870 1226 3918 14
1271 3865 1457 3933 quaad
1496 3865 1676 3920 PAB
1723 3866 1906 3934 quoad
1941 3883 1974 3920 v
2122 3872 2186 3921 15
2235 3885 2354 3922 cum
2406 3870 2556 3925 stent
2605 3872 2719 3927 VB
2757 3890 2860 3928 cun

568 3952 728 4018 (corr.
788 3956 857 4005 cu
903 3951 1004 4021 ΑΒ)
1061 3954 1212 4007 stent
1253 3955 1308 4007 A
1368 3972 1493 4009 cum
1542 3956 1699 4009 stant
1741 3972 1795 4009 m
1966 3972 2089 4010 com
2137 3957 2407 4011 matribus
2452 3960 2507 4013 A
2673 3968 2737 4016 16
2763 3958 2766 3963 ’
2792 3979 2859 4016 ne

568 4040 718 4110 cum]
779 4057 882 4095 nec
927 4043 1048 4095 tum
1111 4047 1174 4096 ut
1236 4045 1454 4099 videtur
1516 4044 1572 4098 A
1727 4044 1977 4100 deiuncti
2039 4044 2217 4102 VAB
2272 4045 2539 4103 disiuncti
2593 4066 2625 4104 v
2772 4070 2859 4107 ex·

566 4140 852 4219 ter2mtur
888 4167 943 4220 A
980 4168 1335 4222 extereantur
1368 4186 1422 4223 m
1569 4175 1634 4224 17
1672 4172 1738 4224 ut
1774 4170 1921 4225 eculi
1958 4171 2074 4226 PB
2110 4171 2286 4225 uttilli
2330 4178 2393 4227 ut
2437 4177 2653 4231 videtur
2700 4178 2756 4234 A
2799 4181 2861 4232 ut

570 4252 658 4307 illi
694 4273 745 4308 m
784 4256 847 4308 ut
877 4255 1027 4310 oculi
1054 4274 1086 4311 v
1115 4300 1128 4312 .
1162 4257 1262 4311 ‘Vt
1289 4258 1479 4327 equuli
1509 4267 1888 4317 consuescant.
1962 4268 2214 4335 Antiqua
2240 4268 2384 4333 haec,
2423 4273 2474 4321 et
2498 4283 2634 4321 uera
2663 4269 2816 4322 lectio
2844 4289 2858 4321 ε

566 4345 822 4397 mendum
856 4346 921 4398 in
956 4363 1178 4401 excusos
1214 4349 1479 4415 fluxerat,
1515 4351 1662 4417 quod
1698 4352 1761 4405 in
1797 4354 2025 4408 uetustis
2058 4354 2252 4422 Eculi,
2289 4356 2555 4425 seriptum
2592 4362 2686 4423 est,
2722 4374 2860 4426 quae

565 4433 843 4501 srciptura
889 4435 1166 4503 imperitos
1209 4436 1500 4505 fefellerat,
1548 4440 1641 4492 sed
1685 4455 1798 4493 non
1843 4443 2012 4497 multo
2049 4445 2212 4498 etiam
2247 4449 2376 4513 post
2413 4445 2649 4499 Eculum
2695 4462 2857 4516 posse

568 4520 805 4591 domari,
844 4523 906 4576 in
942 4525 1132 4578 iisdem
1168 4526 1433 4594 seriptum
1469 4526 1566 4580 est’
1618 4527 1891 4585 Victorius
1925 4584 1930 4589 ,
