3178 5185
606 439 732 502 166
1289 447 1669 502 COMMENT.
1709 448 1789 502 IN
1825 444 2202 502 VARRONIS

601 602 895 663 adversar.
945 622 1000 681 p.
1040 598 1187 663 524.
1282 601 1482 662 eadem
1550 601 1938 680 explicatione
2005 601 2172 662 verbi
2229 601 2527 678 frendere
2593 618 2739 661 usus
2804 610 2891 663 est

599 708 809 770 Ateius
856 708 1008 789 apud
1057 708 1300 770 Festum
1347 728 1402 788 p.
1445 706 1591 771 162.

776 814 1046 877 Porcus
1094 834 1427 894 graecum
1474 824 1586 876 est
1632 834 1885 877 nomen
1944 818 2320 895 antiquum
2378 815 2501 876 sed
2558 814 2893 875 ohscura-

602 931 744 984 tum
811 923 996 1002 quod
1064 941 1250 984 nunc
1315 941 1470 984 eum
1538 931 1794 984 vocant
1855 921 2198 998 choeron]
2267 922 2314 981 A
2372 921 2615 983 Graecis
2685 940 2894 982 nomen

598 1030 843 1091 ductum
891 1048 1022 1090 esse
1065 1029 1249 1091 Varro
1298 1030 1370 1090 de
1419 1030 1557 1110 ling.
1600 1029 1694 1091 lat.
1733 1028 1779 1087 V
1817 1026 1900 1090 97
1951 1029 2267 1109 adnotavit,
2307 1032 2450 1090 inde
2490 1046 2744 1110 porczw,
2782 1031 2900 1089 nisi

601 1141 659 1198 si
703 1156 742 1198 a
786 1138 1060 1214 GraeciS,
1098 1140 1263 1212 quod
1304 1138 1554 1198 Athenis
1601 1140 1664 1197 in
1711 1139 1886 1198 libris
1929 1153 2252 1198 sacrorum
2287 1139 2583 1214 scriptum
2631 1143 2723 1196 est
2753 1154 2891 1213 por-

605 1262 713 1306 eoe
752 1239 1019 1325 (porcae
1057 1261 1251 1322 porco
1299 1243 1485 1304 codex
1523 1242 1920 1325 Florentium,
1956 1235 2187 1329 κάπρῳ
2233 1236 2346 1303 καὶ
2394 1235 2620 1326 πόρκῳ
2676 1235 2895 1326 vulgo).

612 1370 679 1411 ea
718 1370 868 1430 quae
906 1351 1020 1412 hoc
1058 1351 1190 1411 loco
1229 1352 1448 1428 scripta
1489 1357 1630 1410 sunt
1667 1350 1808 1411 olim
1844 1349 2144 1411 Nauckius
2180 1349 2389 1410 Philol.
2419 1369 2467 1411 v.
2498 1348 2550 1408 11
2580 1343 2662 1430 (a.
2698 1342 2897 1432 1847)

547 1502 550 1509 ,
600 1477 658 1537 p.
702 1454 829 1519 154
875 1459 956 1518 ita
1011 1460 1440 1537 interpretatus
1498 1464 1615 1537 est,
1663 1465 1731 1518 ut
1777 1456 1960 1517 Varro
2017 1476 2198 1536 pravo
2255 1455 2641 1536 etymologiae
2704 1456 2898 1517 studio

603 1564 818 1625 ductus
866 1566 1105 1625 nomina
1145 1582 1375 1641 porcus
1423 1571 1482 1624 et
1528 1570 1756 1644 χοῖρος
1802 1563 2168 1644 copulaverit
2214 1571 2274 1625 et
2320 1565 2382 1624 in
2420 1581 2633 1641 graeco
2675 1570 2900 1644 χοῖρος

601 1670 745 1732 nihil
794 1674 910 1733 nisi
957 1672 1271 1751 antiquum
1308 1688 1541 1748 porcus
1599 1670 1895 1732 deflexum
1950 1670 2199 1732 liberius
2256 1679 2316 1732 et
2372 1669 2761 1731 obscuratum
2817 1672 2899 1731 in-

604 1797 735 1839 esse
783 1778 1125 1841 crediderit.

781 1886 856 1946 ln
922 1904 1166 1947 eorum
1230 1895 1401 1965 petu
1467 1885 1751 1945 scrofae
1817 1883 1926 1944 his
1993 1883 2106 1944 die
2172 1896 2248 1945 ut
2302 1883 2553 1945 bibant
2609 1882 2895 1962 curant]

602 1996 678 2054 In
733 2012 942 2056 eorum
993 1993 1163 2070 foetu
1222 2011 1293 2052 ex
1342 1990 1587 2052 Victorii
1646 1990 1902 2052 editione
1961 1998 2268 2069 receptum
2327 2001 2470 2052 erat.
2565 1995 2629 2052 in
2694 2010 2894 2053 eorum

599 2108 789 2178 partu
854 2102 1054 2180 potius
1119 2097 1500 2159 scribendum
1566 2116 1699 2158 esse
1766 2106 2011 2178 apparet
2066 2117 2136 2159 ex
2193 2100 2265 2159 iis
2323 2117 2473 2177 quae
2546 2098 2763 2159 deinde
2827 2100 2892 2159 de

605 2207 890 2290 pariendo
951 2207 1416 2287 praecipiuntur.
1509 2205 1722 2266 similia
1784 2213 1925 2266 sunt
1981 2223 2046 2265 ea
2105 2223 2255 2284 quae
2312 2206 2383 2266 de
2441 2206 2622 2266 asinis
2682 2208 2894 2287 scripta

603 2322 745 2374 sunt
789 2313 842 2373 II
882 2312 940 2396 6,
977 2311 1021 2374 4
1077 2317 1140 2375 in
1191 2320 1385 2390 partu
1443 2316 1655 2375 eadem
1705 2311 1846 2389 fere
1900 2315 2225 2374 observant
2279 2331 2437 2389 quae
2493 2316 2565 2373 in
2615 2317 2785 2388 equis
2841 2323 2898 2374 et

603 2422 654 2481 ll
698 2418 753 2503 1,
792 2419 874 2482 27
926 2424 1334 2482 admissuram
1380 2427 1440 2480 et
1477 2427 1830 2496 parturum.
1908 2438 2042 2480 nam
2085 2419 2251 2495 fetus
2298 2419 2370 2479 de
2419 2419 2711 2481 matribus
2759 2421 2895 2482 dici-

606 2538 721 2611 tur,
761 2547 910 2609 quae
957 2528 1152 2609 pullos
1190 2526 1280 2587 vel
1319 2526 1463 2607 quid
1511 2525 1668 2587 aliud
1716 2527 1973 2609 pariunt,
2012 2534 2114 2587 aut
2158 2528 2275 2606 ipsi
2314 2526 2460 2606 pulli
2499 2529 2605 2607 qui
2650 2546 2896 2588 nascun-

491 2717 502 2722 μ
606 2644 706 2696 tur
761 2635 850 2695 vel
908 2636 1139 2695 fructus
1197 2635 1477 2696 dicuntur
1527 2633 1709 2710 fetuS.
1794 2633 1928 2710 fetu
1985 2636 2311 2694 vitulorum
2375 2633 2595 2713 legitur
2652 2633 2803 2717 115,
2840 2635 2899 2716 3,

607 2742 712 2803 sed
761 2742 832 2802 de
882 2738 1247 2802 fecunditate
1295 2749 1509 2820 terrae,
1555 2742 1618 2800 in
1666 2758 1781 2819 qua
1827 2738 2001 2800 multi
2048 2739 2214 2800 vituli
2262 2750 2608 2803 nascuntur.

785 2849 1046 2909 Parere
1095 2867 1281 2909 nunc
1328 2854 1671 2927 oportere
1717 2865 1978 2926 porcos
2027 2845 2212 2925 quod
2270 2865 2596 2909 mammas
2643 2848 2901 2911 habeat

608 2959 668 3018 si
728 2959 962 3018 minus
1015 2958 1251 3036 pariat
1306 2956 1783 3016 fructuariam
1842 2953 2166 3014 idoneam
2224 2972 2360 3015 non
2418 2954 2603 3034 esse]
2664 2959 2900 3020 Parere

606 3073 691 3127 tot
737 3070 973 3142 oportet
1001 3082 1241 3141 porcae,
1281 3069 1427 3139 quot
1462 3080 1751 3122 mammas
1788 3064 2014 3124 habeat
2051 3061 2204 3122 edita
2243 3062 2380 3122 inde
2420 3061 2491 3122 ab
2532 3063 2740 3124 Aldina
2780 3066 2897 3126 edi-

612 3175 770 3234 tione
802 3170 1173 3251 exemplaria.
1231 3172 1507 3231 restituto
1547 3170 1835 3229 infinitivo
1875 3176 2173 3246 oportere,
2212 3188 2389 3248 quem
2419 3172 2570 3231 ratio
2610 3175 2899 3233 sermonis

609 3278 897 3360 postulat,
953 3278 1168 3356 scripsi
1225 3295 1459 3354 parere
1523 3279 1739 3337 dicunt
1800 3283 2082 3352 oportere
2138 3293 2380 3353 porcoS.
2471 3279 2671 3355 porcis
2734 3297 2895 3340 suam

610 3387 826 3464 cuique
895 3402 1203 3445 mammam
1270 3402 1302 3443 a
1367 3381 1657 3443 matribus
1732 3382 2014 3443 destinari
2079 3392 2281 3442 narrat
2345 3382 2572 3444 Plinius
2637 3382 2717 3444 XI
2755 3384 2897 3448 233.

609 3494 809 3570 itaque
857 3491 1111 3552 scrofam
1158 3489 1364 3550 dicunt
1410 3496 1688 3567 oportere
1736 3496 1825 3549 tot
1879 3507 2094 3567 porcos
2140 3507 2380 3572 parere,
2428 3498 2573 3569 quot
2623 3510 2897 3552 mammas

610 3598 841 3679 habeat,
881 3616 1009 3659 eam
1050 3616 1199 3676 quae
1237 3615 1374 3657 eum
1414 3614 1730 3657 numerum
1770 3614 1888 3655 non
1928 3595 2159 3675 expleat
2205 3596 2590 3657 fructuariam
2631 3598 2896 3660 idoneam

610 3726 728 3768 non
767 3724 916 3767 esse.
973 3713 1199 3766 temere
1238 3712 1434 3765 autem
1464 3703 1795 3783 Nettleship
1835 3702 2021 3763 annal.
2052 3703 2252 3783 philol.
2282 3702 2613 3785 Cantabrig.
2645 3724 2695 3767 a.
2730 3703 2890 3768 1877

610 3832 666 3892 p.
707 3811 836 3875 174
882 3814 1117 3874 numeri
1163 3811 1447 3873 indicium
1491 3819 1631 3891 post
1675 3814 1872 3872 minus
1919 3810 2208 3872 excidisse
2256 3813 2610 3890 suspicatur.

793 3917 874 3981 18
942 3918 1140 3990 Quod
1186 3918 1649 3999 portenderit
1697 3918 1960 3978 factum
2019 3920 2466 3979 tricesimum
2523 3938 2780 3981 annum
2827 3930 2897 3983 ut

610 4026 1059 4088 labinienses
1116 4025 1579 4087 condiderint
1635 4025 1968 4104 oppidum
2028 4024 2218 4103 alba]
2273 4025 2549 4100 Triqinta
2613 4033 2792 4090 annis
2834 4038 2895 4089 ut

616 4136 1007 4196 Lavinienses
1053 4135 1385 4194 conderent
1429 4135 1712 4210 oppidum
1749 4134 1965 4222 Albdm
2012 4132 2326 4193 IucunduS.
2401 4135 2792 4196 condiderint
2826 4155 2891 4196 ex

615 4241 934 4321 archetypo
993 4239 1287 4302 Victorius
1345 4241 1625 4300 restituit.
1710 4247 1848 4317 post
1913 4243 2281 4302 tricesimum
2342 4257 2569 4300 annum
2624 4261 2736 4322 pro
2792 4248 2892 4305 tri·

613 4352 791 4425 qinta
838 4351 1033 4427 annis,
1080 4347 1238 4426 quod
1285 4346 1457 4427 vulgo
1505 4355 1814 4426 receptum
1863 4356 2007 4429 erat,
2048 4349 2279 4430 scripsi,
2316 4346 2373 4409 h.
2404 4365 2455 4409 e.
2493 4358 2700 4411 exacto
2747 4370 2891 4412 anno

571 4517 574 4518 γ
620 4457 943 4516 tricesimo:
990 4453 1043 4513 II
1082 4451 1141 4535 3,
1178 4453 1217 4517 8
1259 4463 1398 4532 post
1442 4463 1727 4532 quartum
1773 4473 2032 4518 mensem
2078 4459 2296 4518 reddit.
2561 4535 2574 4548 ο

792 4560 1019 4620 Huius
1078 4564 1228 4621 suis
1292 4581 1367 4622 ac
1431 4581 1816 4642 porcorum
1872 4566 2281 4624 etiamnunc
2332 4565 2641 4644 uestigia
2689 4584 2885 4646 appa·
