3178 5185
578 390 656 452 12
1267 397 1648 451 COMMENT.
1689 396 1766 449 IN
1804 395 2179 450 VARRONIS

571 562 810 629 topatus
879 563 1157 630 vocatur,
1235 559 1340 631 qui
1400 559 1626 616 viritim
1690 564 1908 617 contra
1972 558 2174 617 senati
2243 557 2671 615 auctoritatem
2741 575 2872 631 per

570 664 930 723 Flaminium
1005 666 1184 723 datus
1257 673 1368 734 est,
1443 672 1686 724 secutus
1760 663 1988 723 scilicet
2062 662 2407 723 Ciceronem
2485 661 2557 721 de
2634 672 2872 722 senect.

570 766 630 852 4,
662 765 740 829 11
792 773 899 844 qui
945 763 1040 850 (Q.
1089 770 1304 830 Fabius
1350 763 1670 853 Maximus)
1718 775 1931 833 consul
1974 774 2192 831 iterum
2247 771 2347 847 Sp.
2413 771 2679 831 Carvilio
2742 774 2870 831 col-

569 880 705 952 leqa
743 881 1086 952 quiescente
1130 880 1188 938 C.
1228 881 1526 939 Flaminio
1573 879 1818 940 tribuno
1856 880 2068 954 plebis,
2116 880 2323 953 quoad
2358 881 2583 954 potuit,
2631 881 2874 940 restitit

567 1003 786 1060 aarum
853 986 1161 1046 Picentem
1225 992 1283 1046 et
1343 986 1641 1046 Gallicum
1706 987 1930 1045 viritim
1996 992 2215 1046 contra
2268 992 2515 1046 senatus
2581 989 2866 1046 auctori-

568 1099 749 1152 tatem
797 1095 1102 1154 dividenti.

748 1199 933 1260 Dena
981 1199 1213 1261 cullea
1266 1201 1415 1260 uini
1462 1198 1686 1277 fiunt]
1734 1199 1817 1260 De
1865 1199 2061 1260 dubiis
2101 1198 2438 1259 nominibus
2474 1217 2722 1277 gramm.
2766 1199 2872 1261 lat.

572 1327 619 1368 v.
659 1307 704 1365 V
751 1327 806 1387 p.
845 1303 1003 1387 576,
1048 1304 1128 1368 19
1187 1311 1439 1368 culleum
1489 1311 1738 1383 qeneris
1794 1310 2024 1381 neutri,
2071 1314 2140 1367 ut
2192 1308 2338 1368 Cato
2397 1300 2628 1368 ‘cullea
2679 1303 2881 1369 vini':

569 1417 863 1475 dixerunt
890 1417 1003 1474 alii
1027 1419 1275 1490 culleos,
1305 1418 1416 1475 sed
1441 1433 1559 1475 non
1591 1417 1907 1491 recipitur.
1971 1413 2351 1492 neglegenter
2380 1412 2583 1474 eadem
2614 1414 2880 1476 Varroni

572 1519 779 1581 tribuit
817 1520 1042 1581 Nonius
1089 1541 1144 1600 p.
1185 1518 1329 1602 197,
1364 1519 1446 1583 13
1501 1524 1739 1583 Culleus
1786 1524 2119 1583 masculino
2157 1540 2356 1602 saepe,
2394 1529 2611 1584 neutro
2665 1523 2877 1584 Varro

570 1631 644 1688 de
690 1648 761 1689 re
805 1632 1040 1689 rustica
1087 1632 1185 1690 lib.
1229 1632 1268 1689 I
1321 1625 1417 1690 ‘in
1471 1633 1715 1706 sinqula
1763 1633 1981 1705 iuqera
2029 1632 2187 1690 dena
2235 1633 2432 1690 cullea
2489 1632 2614 1689 vini
2650 1625 2876 1703 fiunt’.

568 1734 714 1795 Plin.
745 1734 873 1795 XIV
901 1731 987 1797 52
1027 1740 1181 1796 idem
1219 1738 1364 1798 Cato
1405 1740 1589 1798 denos
1627 1741 1851 1798 culleos
1879 1739 2088 1798 redire
2126 1755 2206 1797 ex
2248 1738 2561 1811 iuqeribus
2596 1741 2877 1814 scripsit.

570 1842 867 1923 Ursinum,
918 1845 1020 1923 qui
1066 1847 1375 1918 quindena
1423 1847 1621 1905 cullea
1668 1845 1942 1921 coniecit,
1999 1842 2155 1922 quod
2194 1862 2474 1905 sescenas
2519 1863 2718 1905 urnas
2767 1864 2875 1925 po-

572 1959 740 2011 neret
787 1949 1106 2010 Columella
1146 1950 1226 2010 111
1265 1950 1323 2032 3,
1353 1948 1395 2011 2
1442 1959 1501 2011 et
1538 1952 1684 2011 item
1720 1949 1800 2010 111
1839 1947 1897 2030 9,
1933 1948 1993 2033 3,
2041 1949 2143 2010 ubi
2187 1957 2466 2027 septenas
2510 1953 2570 2011 in
2612 1950 2875 2031 Sanger-

572 2059 837 2117 manensi
884 2057 1087 2118 codice
1136 2060 1424 2137 scriptum
1472 2066 1580 2137 est,
1629 2058 1906 2119 refutavit
1945 2056 2244 2118 Gesnerus
2286 2076 2402 2117 non
2448 2056 2518 2118 ad
2558 2056 2873 2141 Catonem,

570 2163 672 2225 sed
738 2164 807 2224 ad
879 2167 1065 2244 ipsius
1133 2164 1412 2226 Varronis
1484 2166 1892 2226 testimonium
1962 2183 2097 2226 eum
2174 2183 2487 2226 numerum
2558 2168 2872 2244 pertinere

567 2289 832 2333 monens,

746 2378 933 2441 Libo·
956 2382 1257 2441 martius
1298 2381 1719 2460 praefectus
1758 2378 2035 2441 fabrum
2066 2378 2257 2457 tuos]
2289 2380 2356 2441 L.
2383 2381 2653 2440 Martius
2673 2399 2871 2456 prae-

564 2487 766 2564 fectus
805 2487 1057 2564 fabrum
1104 2495 1244 2549 tuus
1284 2487 1584 2549 luctindus
1633 2496 1692 2548 et
1729 2487 1941 2548 deinde
1984 2487 2202 2567 reliqui
2248 2487 2524 2549 editoreS.
2597 2488 2757 2550 Libo
2799 2507 2870 2548 ex

572 2596 889 2676 archetypo
949 2598 1211 2678 restitui,
1265 2598 1408 2657 item
1466 2604 1615 2658 tuos.
1690 2598 1860 2657 cuius
1918 2596 2076 2656 modi
2122 2596 2340 2656 formas
2396 2605 2550 2676 tum,
2606 2615 2746 2657 cum
2806 2599 2871 2657 in

572 2704 773 2764 codice
815 2706 1070 2783 scriptae
1106 2713 1290 2786 erant,
1328 2706 1554 2785 recepi3
1596 2713 1800 2764 contra
1831 2702 2118 2764 librorum
2158 2705 2502 2764 memoriam
2541 2706 2869 2766 restituere

571 2811 751 2893 nolui,
789 2811 814 2871 1
853 2809 913 2894 6,
944 2809 983 2872 6
1023 2828 1263 2887 aequos,
1317 2809 1418 2890 10,
1449 2810 1489 2872 2
1530 2815 1826 2886 antiquos,
1875 2808 1979 2891 37,
2008 2808 2050 2871 2
2097 2814 2316 2885 calvos,
2364 2805 2470 2891 55,
2499 2805 2541 2871 5
2591 2791 2869 2886 acervos,

572 2917 621 2977 ll
660 2918 720 2998 4,
750 2915 790 2978 2
839 2928 897 2977 et
944 2917 1021 2978 ΙΙΙ
1059 2916 1120 2998 2,
1151 2916 1191 2979 6
1239 2937 1381 2979 avos
1420 2928 1478 2979 et
1506 2936 1790 2995 proavos,
1830 2916 1908 2977 111
1954 2915 2050 2997 17,
2083 2915 2121 2979 8
2160 2935 2381 2992 servos,
2424 2914 2523 2997 16,
2558 2915 2647 2979 34
2697 2927 2757 2979 et
2805 2921 2866 2979 in

572 3035 852 3104 corrupta
891 3028 1185 3104 scriptura
1225 3026 1443 3086 ibidem
1489 3023 1570 3086 21
1607 3034 1665 3084 et
1695 3022 1781 3085 32
1819 3029 2017 3096 alvos;
2052 3026 2313 3104 itemque
2353 3024 2375 3084 1
2406 3022 2466 3102 2,
2496 3021 2537 3085 5
2577 3029 2868 3087 aestivam

571 3151 678 3212 pro
718 3137 960 3212 aestivo,
999 3131 1058 3212 2,
1091 3132 1168 3194 11
1222 3151 1413 3207 ovom,
1461 3130 1620 3214 131,
1647 3131 1706 3193 4.
1765 3131 1817 3190 11
1855 3129 1914 3211 4,
1943 3129 2046 3193 21.
2093 3130 2173 3191 111
2215 3129 2316 3213 16,
2353 3130 2428 3195 18
2478 3136 2675 3193 alvom
2715 3142 2774 3192 et
2815 3132 2865 3192 11

576 3238 632 3321 7,
663 3238 703 3301 3
750 3259 975 3316 equom,
1027 3240 1127 3301 ubi
1173 3258 1464 3315 equorum
1508 3242 1568 3299 in
1619 3239 1822 3300 codice
1870 3240 1997 3299 fuit.

750 3344 788 3408 8
856 3348 999 3407 Duo
1047 3350 1382 3427 inprimis
1430 3356 1802 3425 spectasse
1862 3346 2205 3407 uidentur
2260 3346 2867 3407 italici·homines

574 3454 899 3533 colendo]
961 3458 1033 3516 In
1090 3459 1339 3517 colendo
1395 3457 1623 3534 scripsi.
1709 3472 1842 3514 nam
1901 3472 2018 3515 non
2066 3454 2208 3533 quid
2257 3453 2503 3515 colendo
2552 3453 2865 3534 efficiatur,

574 3562 675 3623 sed
716 3563 855 3641 quid
896 3565 957 3622 in
996 3563 1226 3624 cultura
1266 3580 1541 3641 agrorum
1580 3560 2166 3631 animadvertendum
2208 3563 2284 3622 sit
2320 3560 2635 3621 indicatur.
2687 3580 2862 3639 saepe

574 3678 771 3730 autem
820 3672 878 3731 in
919 3668 1235 3749 archetypo
1285 3674 1345 3730 in
1385 3670 1743 3749 praepositio
1789 3669 2006 3728 omissa
2046 3677 2189 3747 erat,
2237 3667 2262 3727 1
2300 3665 2359 3748 2,
2387 3665 2430 3727 4
2477 3670 2540 3727 in
2591 3667 2862 3744 Europa,

575 3775 679 3858 37,
707 3774 746 3836 3
796 3781 859 3838 in
906 3782 1177 3852 cultura,
1234 3775 1339 3860 41,
1369 3774 1408 3836 3
1467 3780 1573 3852 qui
1629 3780 1690 3837 in
1738 3795 1837 3851 ea,
1895 3774 1995 3835 ubi
2043 3778 2206 3850 quod
2249 3793 2324 3834 ea
2372 3775 2432 3833 in
2479 3773 2685 3833 codice
2735 3773 2864 3851 fuit,

571 3881 677 3967 50,
706 3882 746 3946 3
786 3887 848 3945 in
888 3887 1183 3959 iuqerum,
1222 3878 1324 3962 55,
1355 3879 1397 3943 5
1435 3885 1497 3943 in
1536 3886 1681 3957 dies,
1720 3879 1806 3942 60
1844 3886 1907 3942 in
1944 3884 2211 3955 lentisco,
2252 3877 2337 3941 64
2376 3884 2437 3941 in
2475 3898 2563 3956 eo,
2602 3879 2655 3940 ΙΙ
2692 3878 2746 3960 1,
2777 3878 2862 3941 20

576 3997 635 4052 in
675 3995 1007 4065 nutricatu,
1056 3988 1115 4070 8,
1143 3986 1184 4050 5
1224 3993 1285 4050 in
1324 3994 1605 4064 vecturis,
1655 3988 1756 4066 11,
1786 3986 1829 4049 4
1869 3992 1929 4050 in
1969 3991 2146 4050 lactis
2184 3991 2333 4048 duos
2371 3991 2636 4074 congios,
2691 3985 2790 4066 11,
2820 3984 2859 4047 9

574 4103 634 4160 in
673 4104 835 4174 lana,
874 4097 952 4158 III
991 4096 1049 4178 3,
1080 4095 1119 4158 3
1160 4102 1221 4158 in
1269 4102 1485 4178 altera,
1534 4094 1592 4172 6,
1622 4094 1661 4157 3
1702 4100 1763 4157 in
1801 4099 1929 4172 has,
1979 4092 2037 4177 9,
2067 4092 2106 4156 6
2146 4098 2208 4156 in
2245 4102 2525 4176 utraque,
2579 4092 2676 4176 12,
2717 4093 2748 4156 1
2800 4098 2860 4154 in

572 4226 658 4285 ec,
710 4204 811 4288 14,
839 4204 881 4266 4
928 4210 990 4267 in
1041 4224 1156 4281 eos,
1210 4203 1307 4286 16,
1339 4203 1420 4267 88
1461 4209 1523 4266 in
1571 4208 1800 4266 eadem.

750 4315 1020 4387 Decolat,
1067 4332 1174 4392 pro
1222 4332 1340 4391 quo
1377 4316 1638 4374 decollat
1682 4311 1819 4372 inde
1867 4330 1898 4371 a
1945 4312 2214 4390 principe
2253 4309 2509 4370 editione
2552 4317 2859 4389 receptum

575 4429 717 4502 erat,
766 4420 1028 4480 defendit
1075 4420 1405 4481 Gronovius
1453 4422 1512 4478 in
1562 4418 1684 4480 Liv.
1726 4417 1934 4478 XXVII
1979 4414 2076 4495 17,
2102 4414 2162 4477 4.

753 4527 1119 4607 Sumptum
1160 4526 1399 4586 facere
1436 4527 1505 4585 in
1545 4523 1858 4602 cultura]
1901 4526 1974 4585 In
2013 4528 2316 4585 culturam
2346 4522 2665 4604 IucunduS,
2703 4521 2857 4602 quod
