3178 5185
571 420 702 487 266
1247 426 1629 482 COMMENT.
1667 427 1747 482 IN
1792 426 2168 482 VARRONIS

569 582 629 668 5,
674 583 752 647 17
792 592 932 663 post
990 587 1106 646 hoc
1166 602 1357 645 cavea
1418 601 1555 644 cum
1611 590 1806 644 matre
1861 585 2151 645 cludendi
2199 588 2340 643 sunt
2386 587 2442 644 et
2494 580 2682 657 farre
2722 583 2857 642 hor-

572 698 797 755 deaceo
844 712 982 755 cum
1028 710 1193 768 aqua
1240 695 1476 754 incocto
1515 696 1611 753 vel
1653 695 1880 754 adoreo
1912 690 2098 767 farre
2134 694 2270 752 vino
2310 707 2589 767 resperso
2628 692 2858 751 modice

570 804 790 863 alendi.
866 800 938 861 ad
985 800 1201 875 horum
1248 798 1514 878 exempla
1562 798 1739 860 verba
1786 801 1849 860 in
1897 797 2216 878 archetypo
2265 803 2545 877 corrupta
2592 798 2655 858 in
2701 797 2858 859 hunc

570 908 808 969 modum
858 905 1158 986 supplevi,
1196 911 1505 985 polentam
1559 910 1812 968 mixtam
1859 925 1996 968 cum
2042 910 2310 968 nasturti
2351 908 2576 967 semine
2622 908 2759 968 vino
2805 888 2883 966 et*

570 1035 733 1091 aqua
783 1020 1094 1092 aliquanto
1141 1021 1282 1076 ante
1321 1013 1558 1090 factam
1606 1016 1898 1075 intritam.
1989 1012 2225 1093 polenta
2274 1015 2408 1073 vino
2456 1020 2516 1074 et
2575 1030 2726 1091 aqua
2772 1015 2858 1072 in·

569 1125 708 1183 trita
756 1123 905 1184 facta
953 1122 1172 1183 dicitur
1219 1140 1369 1201 quae
1416 1121 1647 1182 modice
1695 1121 2021 1182 madefacta
2067 1129 2158 1183 est
2203 1122 2338 1181 vino
2395 1128 2456 1181 et
2510 1138 2690 1201 aqua,
2739 1139 2854 1181 non

567 1232 628 1291 in
677 1248 887 1309 aquam
933 1231 1154 1311 intrita,
1201 1237 1267 1290 ut
1314 1237 1452 1290 sunt
1501 1229 1663 1311 haec,
1710 1228 1763 1288 ΙΙ
1802 1226 1860 1310 9,
1904 1226 1986 1290 10
2023 1246 2248 1306 panem
2306 1232 2368 1289 in
2410 1232 2570 1290 lacte
2618 1230 2726 1290 des
2774 1230 2857 1289 in·

568 1341 793 1413 tritum,
843 1333 928 1398 14
971 1338 1230 1398 nucibus
1271 1339 1520 1412 craecis
1558 1340 1622 1398 in
1659 1355 1823 1412 aqua
1869 1339 2047 1411 tritis,
2086 1335 2166 1395 111
2197 1333 2256 1418 9,
2288 1332 2369 1397 21
2421 1339 2663 1398 triticeo
2695 1355 2861 1414 pane

569 1447 778 1506 intrito
827 1448 889 1506 in
936 1463 1175 1520 aquam,
1223 1444 1301 1504 111
1344 1441 1443 1525 10,
1484 1442 1523 1505 6
1571 1447 1866 1506 hordeum
1914 1448 2189 1506 intritum
2236 1447 2298 1504 in
2348 1462 2587 1518 aquam.

751 1548 831 1613 14
916 1551 1062 1623 Qua
1138 1552 1219 1612 de
1295 1551 1635 1612 clunibus
1710 1552 2090 1631 coeperint
2162 1550 2425 1611 habere
2498 1553 2757 1631 pinnas
2829 1571 2860 1612 e

569 1660 805 1739 capite
853 1677 886 1718 e
934 1658 1120 1719 collo
1179 1677 1428 1719 eorum
1484 1657 1746 1720 crebro
1805 1658 2121 1737 eligendi
2177 1656 2426 1738 pedes]
2483 1661 2742 1732 Quando
2791 1644 2865 1720 de

569 1769 851 1828 clunibus
898 1766 1054 1827 edita
1101 1764 1238 1825 inde
1288 1784 1321 1826 a
1367 1766 1638 1844 principe
1697 1765 1953 1826 editione
2013 1765 2384 1845 exemplaria.
2476 1784 2511 1827 e
2555 1768 2761 1843 capite
2807 1773 2864 1827 et

567 1894 601 1936 e
658 1877 811 1935 collo
858 1871 1180 1935 Iucuudus,
1275 1875 1629 1934 sententiam
1687 1872 2007 1934 verborum
2061 1871 2564 1953 perturbaverunt
2610 1872 2864 1934 Ursinus

571 1990 631 2043 et
670 1980 1089 2063 Schneiderus,
1139 1999 1276 2042 cum
1324 1981 1440 2042 huc
1487 1982 1791 2060 pertinere
1838 1989 2118 2060 putarent
2165 1999 2315 2060 quae
2364 1980 2436 2041 de
2485 1999 2632 2041 cura
2678 1980 2864 2062 pullo·

567 2108 699 2150 rum
763 2091 983 2169 scripta
1047 2096 1187 2149 sunt
1244 2087 1399 2168 apud
1457 2086 1840 2149 Columellam
1886 2086 2015 2147 VIII
2052 2084 2111 2170 5,
2155 2085 2234 2150 18
2276 2091 2493 2166 primis
2539 2092 2723 2164 quasi
2778 2092 2862 2151 in-

559 2196 839 2272 fantibus
888 2198 1101 2257 diebus
1140 2197 1578 2273 pertractandi
1611 2201 1754 2256 sunt
1790 2200 2219 2272 plumulaeque
2266 2198 2377 2258 sub
2417 2200 2623 2258 cauda
2670 2200 2863 2258 cluni-

568 2306 677 2365 bus
725 2305 1161 2378 detrahendae,
1200 2322 1277 2364 ne
1313 2310 1587 2364 stercore
1635 2306 2047 2378 conquinatae
2084 2306 2418 2366 durescant
2453 2311 2514 2366 et
2547 2308 2863 2367 naturalia

447 2432 448 2435 ¹
562 2413 979 2489 praecludant
1026 2418 1084 2471 et
1131 2410 1202 2471 de
1251 2411 1476 2471 sartura
1522 2408 1599 2471 ib.
1644 2408 1698 2491 7,
1738 2408 1779 2471 2
1819 2415 2029 2488 pluma
2087 2415 2277 2473 omnis
2323 2430 2357 2472 e
2403 2414 2604 2488 capite
2651 2418 2711 2473 et
2755 2414 2863 2473 sub

569 2523 685 2580 alis
732 2526 914 2595 atque
961 2521 1239 2580 clunibus
1287 2521 1666 2596 deterqetur,
1718 2521 1841 2580 illic
1888 2538 1964 2580 ne
2003 2522 2355 2598 pediculum
2401 2525 2592 2596 creet,
2640 2522 2743 2580 hic
2789 2539 2865 2581 ne

566 2635 838 2688 stercore
876 2631 1011 2688 loca
1048 2629 1366 2688 naturalia
1404 2630 1734 2687 exulceret.
1814 2626 1971 2688 unde
2009 2626 2261 2688 Ursinus
2301 2626 2687 2688 scribendum
2728 2647 2862 2689 con·

570 2736 711 2795 iecit
756 2751 932 2809 quom
980 2737 1294 2811 coeperint
1337 2736 1567 2795 habere
1607 2736 1851 2811 pinnas,
1891 2753 2001 2796 eae
2050 2738 2126 2796 de
2172 2736 2453 2796 clunibus
2500 2739 2862 2811 evellendae,

572 2841 972 2904 Schneiderus
1019 2844 1263 2916 quando
1311 2844 1623 2919 coeperint
1667 2843 1898 2904 habere
1935 2845 2177 2919 pinnas,
2216 2845 2292 2903 de
2338 2844 2620 2905 clunibus
2669 2847 2862 2906 deter-

564 2954 828 3029 qendum
874 2957 1128 3031 stercuS,
1167 2968 1202 3011 e
1248 2952 1449 3027 capite
1486 2957 1547 3011 et
1581 2968 1615 3010 e
1653 2954 1804 3011 collo
1852 2968 2061 3011 eorum
2101 2952 2322 3012 crebro
2363 2953 2638 3026 elioendi,
2661 2955 2861 3029 pedes.

572 3060 804 3120 diversa
844 3057 914 3118 ab
952 3057 1046 3117 his
1086 3065 1227 3118 sunt
1254 3055 1535 3130 Varronis
1563 3064 1897 3136 praecepta.
1951 3075 2085 3118 nam
2123 3057 2195 3117 de
2235 3056 2510 3118 clunibus
2548 3057 2865 3140 pullorum,

569 3165 670 3227 ubi
714 3167 929 3245 pinnae
977 3165 1139 3224 nasci
1196 3165 1529 3244 coeperint,
1576 3171 1639 3224 et
1685 3183 1716 3224 e
1773 3166 1963 3244 capite
2032 3172 2092 3225 et
2136 3184 2168 3225 e
2218 3163 2368 3226 collo
2417 3184 2626 3226 eorum
2684 3167 2865 3247 pedes

568 3272 660 3334 vel
707 3271 1013 3354 pediculos
1062 3272 1165 3351 qui
1215 3270 1385 3350 vulgo
1436 3271 1716 3331 dicuntur
1763 3270 1976 3332 crebro
2025 3270 2327 3351 eligendos
2375 3290 2508 3333 esse
2557 3271 2721 3335 dicit.

744 3379 1237 3458 Prodigendae
1294 3380 1366 3439 in
1423 3379 1572 3439 sole
1630 3388 1697 3441 et
1753 3382 1825 3440 in
1881 3377 2343 3441 stercilinum
2408 3387 2486 3440 ut
2550 3380 2859 3443 uolitare

566 3490 857 3568 possint
903 3486 1087 3566 quod
1138 3489 1236 3547 ita
1284 3486 1650 3548 alibiliora
1690 3487 1880 3549 fiunt
1916 3505 2147 3566 neque
2187 3485 2453 3566 pullos]
2486 3490 2864 3565 Prodiqendi

569 3598 631 3656 in
676 3599 859 3656 solem
920 3601 979 3655 et
1035 3596 1096 3654 in
1152 3597 1621 3671 sterquilinium,
1679 3601 1746 3655 ut
1798 3613 1864 3655 se
1917 3599 2193 3656 volutare
2244 3598 2504 3677 possint,
2560 3601 2727 3672 quod
2778 3601 2861 3659 ita

567 3704 900 3764 alibiliores
930 3704 1105 3775 fiunt,
1144 3719 1338 3777 neque
1376 3704 1575 3778 pullos
1614 3707 1846 3762 tantum
1887 3720 1955 3762 ex
1996 3701 2208 3763 Aldina
2248 3702 2506 3764 editione
2547 3702 2860 3766 Victorius

557 3810 1011 3887 prodiqendum
1060 3806 1340 3887 Scaliger.
1432 3812 1710 3869 volutare
1756 3827 1874 3868 non
1934 3808 2131 3870 addito
2190 3812 2539 3889 pronomine
2598 3811 2863 3873 defendit

565 3916 751 3977 idem:
798 3915 879 3975 III
920 3912 1023 3998 17,
1065 3912 1099 3977 7
1152 3933 1288 3977 cum
1334 3934 1505 3977 mare
1552 3917 1848 3977 turbaret.
1943 3934 2300 3997 quamquam
2356 3919 2587 3996 passive
2636 3918 2861 3981 dictum

567 4032 659 4085 est
706 4024 955 4084 volutari
1012 4019 1160 4103 114,
1200 4020 1238 4084 8
1297 4030 1364 4083 ut
1418 4027 1763 4085 volutentur
1810 4031 1872 4084 et
1917 4023 1990 4085 de
2038 4026 2183 4103 ipsis
2231 4023 2461 4104 gallinis
2510 4044 2692 4105 supra
2742 4027 2781 4105 ἓ
2822 4025 2856 4088 7

567 4136 630 4193 in
669 4136 924 4209 pulvere
968 4134 1247 4192 volutari.
1324 4139 1632 4210 praeterea
1673 4134 2097 4210 prodiqendae
2143 4150 2215 4191 ex
2264 4129 2583 4211 archetypo
2623 4135 2858 4195 restitui

567 4249 628 4300 et
673 4246 924 4319 tantum,
971 4238 1127 4317 quod
1175 4237 1479 4299 Iucundus
1527 4237 1851 4320 addiderat,
1900 4238 2104 4299 delevi.
2190 4238 2292 4299 sed
2341 4248 2623 4300 neutrum
2673 4259 2857 4319 genus

566 4349 875 4408 alibiliora
922 4343 1326 4423 neglegentiae
1368 4344 1646 4406 Varronis
1685 4345 2071 4407 tribuendum
2108 4363 2239 4406 esse
2280 4364 2394 4406 non
2435 4356 2600 4425 puto.
2659 4350 2854 4427 itaque

567 4429 780 4532 s'cripsi
811 4454 1237 4530 prodiqendae
1274 4444 1335 4513 in
1373 4456 1554 4514 solem
1583 4460 1644 4514 et
1680 4458 1742 4516 in
1778 4456 2173 4529 stercilinum,
2202 4459 2271 4514 ut
2305 4457 2583 4515 volutare
2606 4458 2854 4534 possint,

568 4560 733 4632 quod
757 4562 862 4618 ‚ita
912 4560 1246 4619 alibiliores
1286 4563 1462 4640 fiunt,
1508 4577 1704 4636 neque
1741 4565 1958 4639 pullos,
2004 4563 2115 4624 sed
2157 4579 2329 4622 omne
2374 4579 2501 4640 sqq.
