3178 5185
215 7 560 273 y]

533 394 664 459 276
1217 402 1598 458 COMMENT.
1635 403 1715 458 IN
1752 402 2126 459 VARRONIS

535 559 621 616 ad
681 560 986 617 culturam
1051 558 1218 617 dedit
1282 564 1544 631 natura,
1610 553 1724 637 31,
1762 553 1805 617 4
1868 560 1936 618 hi
1997 564 2138 619 sunt
2202 560 2389 632 enim,
2455 555 2507 617 11
2551 555 2616 638 1,
2661 554 2694 617 1
2760 565 2826 617 ut

535 666 680 725 ruri
724 667 896 725 enim.

714 770 799 831 Ut
836 772 1019 831 enim
1058 788 1270 850 saepe
1313 789 1467 833 cum
1513 768 1775 830 hahent
1821 770 2104 831 catulos
2145 778 2481 832 recentes
2530 769 2712 830 alios
2758 771 2825 830 iu

538 886 797 938 uentre
846 876 1109 937 habere
1167 874 1682 956 reperiuntur]
1741 878 1842 936 Fit
1888 881 2046 938 enim
2101 896 2286 954 saepe
2320 892 2409 920 -·-
2447 880 2611 940 alios
2657 884 2725 936 ut
2768 879 2830 935 in

537 992 747 1047 ventre
802 985 1031 1045 habere
1087 982 1486 1061 reperiantur
1541 982 1846 1044 Iucundos
1904 992 1964 1043 et
2019 983 2231 1045 deinde
2288 983 2507 1063 reliqui
2556 982 2830 1044 editores.

539 1093 782 1152 restitui
827 1090 1144 1151 lectionem
1193 1089 1501 1169 archetypi
1547 1087 1619 1149 ab
1668 1088 1884 1149 Ursino
1932 1089 2327 1171 emendatam,
2385 1093 2605 1151 etenim
2652 1108 2832 1165 saepe

535 1232 623 1241 ——
672 1202 826 1260 alios
874 1201 936 1258 in
984 1199 1469 1281 ventre-habere
1514 1199 1929 1272 reperiuntur.

715 1304 806 1364 De
845 1306 937 1363 iis
985 1302 1369 1364 archelaus
1419 1302 1684 1363 scribit
1721 1321 2066 1363 annorum
2107 1302 2289 1382 quod
2329 1305 2618 1383 sitquis
2659 1301 2835 1362 uelit

541 1414 732 1473 scire
780 1412 1147 1488 inspicere
1186 1418 1525 1488 oportere
1565 1411 1912 1469 foramina
1953 1398 2293 1488 naturae]
2341 1412 2657 1472 Annorum
2696 1416 2838 1485 quot

538 1523 660 1579 sint
703 1522 760 1578 si
803 1521 937 1593 quis
983 1520 1126 1577 velit
1171 1520 1334 1577 scire
1380 1517 1535 1577 edita
1583 1516 1722 1576 inde
1771 1514 1844 1575 ab
1891 1515 2097 1577 Aldina
2153 1508 2417 1577 editione
2459 1516 2836 1595 exemplaria.

540 1643 842 1687 annorum
897 1630 1042 1699 quot
1095 1627 1176 1683 sit
1232 1616 1342 1698 qui
1385 1627 1525 1685 velit
1576 1626 1742 1683 scire
1789 1625 2020 1701 scripsi.
2114 1642 2248 1683 nam
2305 1622 2622 1702 singularis
2672 1623 2836 1683 verbi

542 1749 832 1793 numerus
878 1734 958 1790 sit
1001 1737 1139 1807 post
1182 1748 1511 1808 pronomen
1559 1728 1807 1809 pluralis
1854 1731 2092 1789 numeri
2130 1733 2204 1790 de
2243 1733 2315 1789 iis
2354 1730 2615 1790 editores
2655 1732 2836 1790 offen-

540 1830 681 1899 dere
739 1856 858 1898 non
915 1834 1184 1896 debehat.
1277 1835 1348 1896 de
1405 1834 1694 1896 Archelao
1752 1834 1957 1896 eadem
2014 1836 2201 1895 refert
2265 1834 2491 1895 Plinius
2529 1835 2661 1897 VIII
2707 1833 2835 1898 218

453 2016 457 2023 ,
541 1946 885 2006 Archelaus
922 1951 1142 2004 auctor
1180 1950 1284 2019 est,
1323 1949 1467 2018 quot
1502 1946 1626 2003 sint
1662 1945 1941 2019 corporis
1979 1960 2286 2003 cavernae
2322 1944 2408 2002 ad
2441 1951 2838 2004 excrementa

540 2055 751 2128 lepori,
791 2054 1030 2112 totidem
1069 2068 1262 2111 annos
1291 2068 1420 2110 esse
1448 2052 1698 2109 aetatis:
1736 2051 1947 2108 varius
1976 2054 2143 2108 certe
2180 2066 2467 2108 numerus
2505 2054 2837 2127 reperitur.

717 2154 760 2218 5
824 2156 964 2217 Hos
1012 2174 1299 2235 quoque
1347 2174 1576 2234 nuper
1624 2157 2040 2215 institutum
2100 2164 2176 2215 ut
2221 2157 2644 2233 saginarent
2691 2156 2839 2236 ple·

540 2282 757 2343 raque
816 2282 968 2323 curn
1026 2272 1368 2341 exceptos
1424 2281 1456 2322 e
1511 2261 1880 2342 leporario
1946 2261 2261 2321 condant
2322 2263 2393 2320 in
2451 2265 2717 2349 caucis²
2771 2272 2839 2324 et

541 2370 696 2431 loco
745 2370 995 2432 clauso
1045 2371 1318 2430 faciant
1363 2367 1707 2449 pingues]
1764 2370 2042 2429 Condant
2078 2368 2258 2427 editio
2296 2369 2577 2449 princeps
2617 2390 2649 2430 a
2688 2369 2838 2430 Poli'-

543 2481 702 2539 tiano
751 2497 869 2537 non
918 2484 1185 2537 correcta
1235 2485 1293 2537 et
1340 2475 1675 2555 apographa
1714 2476 2066 2555 recentiora,
2106 2476 2483 2535 concludant
2524 2494 2597 2535 ex
2637 2487 2837 2537 vetere

547 2587 890 2646 coniectura
927 2583 972 2643 Α
1015 2591 1076 2643 et
1115 2603 1189 2665 m,
1228 2583 1383 2662 quod
1425 2585 1485 2643 in
1518 2581 1787 2644 Aldinam
1827 2582 2145 2643 editionem
2168 2582 2491 2660 ‘receptum
2525 2592 2586 2644 et
2625 2582 2838 2645 deinde

545 2692 616 2752 ad
675 2690 936 2773 reliquas
1001 2700 1390 2769 propagatum
1457 2699 1568 2751 est.
1664 2708 1798 2750 narn
1864 2691 1923 2749 iu
1991 2688 2308 2768 archetypo
2374 2690 2487 2750 suit
2551 2695 2838 2752 condant.

544 2799 784 2859 mutatis
823 2796 1020 2856 verbis
1059 2797 1202 2855 haec
1241 2796 1474 2858 rettulit
1511 2795 1848 2856 Macrobius
1887 2794 2126 2856 Saturn.
2166 2794 2247 2854 III
2287 2792 2387 2877 13,
2433 2794 2516 2857 14
2554 2802 2842 2874 exiqebat
2947 2826 2955 2834 ·

543 2906 660 2965 hoc
706 2921 943 2979 quoque
991 2906 1096 2963 illa
1138 2906 1324 2977 qulae
1371 2906 1859 2978 intemperantia,
1906 2909 1974 2963 ut
2020 2910 2079 2964 et
2124 2907 2357 2979 lepores
2393 2907 2840 2978 saqinarentur

544 3018 691 3070 teste
752 3010 1044 3084 Varrone,
1092 3014 1200 3084 qui
1245 3012 1320 3070 de
1368 3014 1513 3084 aqri
1555 3014 1804 3071 cultura
1852 3010 2008 3070 libro
2057 3013 2261 3084 terti0‚
2309 3025 2446 3070 cum
2494 3013 2571 3072 de
2618 3016 2836 3088 lepori-

544 3119 653 3177 bus
691 3120 1061 3196 loqueretur,
1107 3119 1198 3176 sic
1246 3120 1350 3190 ait,
1400 3110 1554 3177 ‘hoc
1603 3134 1840 3191 quoque
1876 3134 2073 3193 nuper
2117 3119 2452 3176 institutum
2490 3124 2560 3177 ut
2594 3123 2840 3193 saqina-

543 3231 780 3298 rentur,
829 3241 964 3284 cum
1015 3228 1300 3298 exceptos
1347 3243 1381 3284 e
1426 3226 1734 3300 leporario
1784 3225 2054 3283 condant
2094 3216 2426 3303 (quondam
2469 3219 2736 3309 codices)
2776 3231 2839 3286 in

544 3334 749 3390 caveis
796 3337 856 3391 et
899 3333 1029 3390 loco
1077 3332 1285 3389 clauso
1326 3328 1573 3405 faciant
1612 3325 1921 3405 pinques’.
2014 3328 2172 3389 unde
2221 3327 2627 3390 Schneiderus
2684 3330 2835 3409 apud

549 3434 871 3496 Varronem
928 3434 1091 3495 dedit
1143 3438 1259 3496 hoc
1314 3454 1550 3511 quoque
1606 3454 1803 3513 nuper
1861 3439 2219 3511 institutum,
2275 3442 2344 3496 ut
2395 3440 2840 3510 saqinarentur

544 3546 796 3622 lepore3‚
863 3559 1000 3602 cum
1065 3549 1347 3619 exceptos
1413 3562 1448 3603 e
1503 3546 1810 3619 leporario
1873 3544 2144 3620 condunt
2197 3546 2260 3602 in
2316 3546 2522 3603 caveis
2585 3552 2647 3604 et
2707 3548 2836 3605 loco

545 3654 752 3710 clauso
793 3648 1042 3725 faciunt
1080 3651 1359 3724 pinques.
1453 3648 1698 3709 exhibui
1746 3650 2102 3727 scripturam
2156 3648 2481 3727 archetypi.
2577 3650 2681 3711 sed
2729 3669 2838 3729 pro

537 3759 855 3834 pleraque,
903 3754 1060 3834 quod
1109 3753 1371 3815 adverbii
1419 3755 1549 3815 loco
1599 3773 1718 3815 non
1758 3754 1994 3836 dicitur,
2041 3764 2142 3816 aut
2174 3760 2532 3831 plerumque
2575 3756 2839 3816 scriben-

546 3862 687 3923 dum
734 3871 826 3923 est
872 3870 976 3923 aut
1012 3865 1310 3939 plerique.
1385 3881 1518 3922 nam
1567 3862 1799 3923 diversa
1847 3871 1987 3922 sunt
2036 3880 2184 3940 quae
2234 3880 2265 3921 a
2301 3864 2706 3941 grammaticis
2744 3863 2842 3923 ad-

546 3971 847 4050 feruntur,
914 3968 1057 4029 Gell.
1097 3968 1171 4027 VI
1210 3967 1280 4048 2,
1321 3966 1354 4029 1
1423 3969 1680 4030 hominis
1739 3972 2041 4045 pleraque
2102 3972 2278 4030 haud
2339 3971 2718 4043 indiliqentis
2781 3981 2844 4029 et

545 4074 701 4135 XVII
745 4073 844 4157 19,
886 4073 927 4137 6
973 4079 1025 4136 is
1072 4080 1192 4137 erit
1231 4079 1529 4152 pleraque
1576 4077 1988 4154 inpeccabilis,
2064 4075 2225 4154 apud,
2265 4074 2591 4136 Varronem
2642 4085 2841 4138 autem

543 4180 569 4240 1
614 4180 711 4259 13,
750 4180 790 4242 6
838 4201 997 4258 quae
1044 4201 1210 4243 nunc
1255 4190 1401 4243 sunt
1435 4187 1735 4260 pleraque
1785 4190 2003 4244 contra
2042 4183 2400 4242 nominativo
2441 4200 2584 4242 casu
2614 4163 2842 4243 dictum

544 4298 637 4348 est
676 4291 989 4364 pleraque,
1036 4306 1156 4348 non
1203 4291 1554 4349 accusativo.

724 4393 1035 4464 Quorum
1084 4413 1252 4474 ergo
1302 4398 1442 4455 tria
1481 4413 1747 4474 genera
1791 4397 1942 4456 fere
1984 4393 2182 4472 sunt]
2225 4395 2453 4456 Eorum
2492 4413 2643 4471 erqo
2684 4396 2844 4468 edita

545 4501 681 4561 inde
731 4520 763 4560 a
809 4503 1079 4579 principe
1128 4502 1391 4564 editione
1440 4502 1810 4584 exemplaria.
