<?xml version="1.0" encoding="UTF-8"?>
<!DOCTYPE html PUBLIC "-//W3C//DTD XHTML 1.0 Transitional//EN"
    "http://www.w3.org/TR/xhtml1/DTD/xhtml1-transitional.dtd">
<html xmlns="http://www.w3.org/1999/xhtml" xml:lang="en" lang="en">
 <head>
  <title>
</title>
<meta http-equiv="Content-Type" content="text/html;charset=utf-8" />
  <meta name='ocr-system' content='tesseract 3.04.00' />
  <meta name='ocr-capabilities' content='ocr_page ocr_carea ocr_par ocr_line ocrx_word'/>
</head>
<body>
  <div class='ocr_page' id='page_1' title='image "./mporcicatonisde01catogoog_0264.png"; bbox 0 0 3178 5185; ppageno 0'>
   <div class='ocr_carea' id='block_1_1' title="bbox 522 405 2124 471">
    <p class='ocr_par' dir='ltr' id='par_1_1' title="bbox 522 405 2124 471">
     <span class='ocr_line' id='line_1_1' title="bbox 522 405 2124 471; baseline -0.007 0"><span class='ocrx_word' id='word_1_1' title='bbox 522 407 608 471; x_wconf 80' lang='grc'><em>22</em></span> <span class='ocrx_word' id='word_1_2' title='bbox 1207 409 1591 465; x_wconf 84' lang='lat' dir='ltr'><strong>COMMENT.</strong></span> <span class='ocrx_word' id='word_1_3' title='bbox 1631 408 1711 462; x_wconf 86' lang='lat' dir='ltr'><em>IN</em></span> <span class='ocrx_word' id='word_1_4' title='bbox 1747 405 2124 461; x_wconf 84' lang='lat' dir='ltr'><strong>VARRONIS</strong></span> 
     </span>
    </p>
   </div>
   <div class='ocr_carea' id='block_1_2' title="bbox 526 560 2847 4594">
    <p class='ocr_par' dir='ltr' id='par_1_2' title="bbox 526 560 2830 963">
     <span class='ocr_line' id='line_1_2' title="bbox 526 560 2828 661; baseline -0.005 -30"><span class='ocrx_word' id='word_1_5' title='bbox 526 586 821 661; x_wconf 59' lang='lat' dir='ltr'><em>aprorun}</em></span> <span class='ocrx_word' id='word_1_6' title='bbox 859 574 1104 628; x_wconf 81' lang='lat' dir='ltr'><em>ceterae</em></span> <span class='ocrx_word' id='word_1_7' title='bbox 1141 567 1493 626; x_wconf 79' lang='lat' dir='ltr'><em>venationis,</em></span> <span class='ocrx_word' id='word_1_8' title='bbox 1558 563 1640 622; x_wconf 83' lang='grc' dir='ltr'><em>ΙΙΙ</em></span> <span class='ocrx_word' id='word_1_9' title='bbox 1672 561 1729 641; x_wconf 82' lang='lat'><em>7,</em></span> <span class='ocrx_word' id='word_1_10' title='bbox 1761 560 1844 623; x_wconf 88' lang='grc'><em>10</em></span> <span class='ocrx_word' id='word_1_11' title='bbox 1874 565 2063 638; x_wconf 82' lang='lat' dir='ltr'><em>paria</em></span> <span class='ocrx_word' id='word_1_12' title='bbox 2091 563 2333 636; x_wconf 73' lang='lat' dir='ltr'><em>sinqula</em></span> <span class='ocrx_word' id='word_1_13' title='bbox 2362 563 2532 633; x_wconf 69' lang='lat' dir='ltr'><em>volqo</em></span> <span class='ocrx_word' id='word_1_14' title='bbox 2561 566 2828 620; x_wconf 80' lang='lat' dir='ltr'><em>veneunt</em></span> 
     </span>
     <span class='ocr_line' id='line_1_3' title="bbox 531 665 2826 744; baseline -0.006 -6"><span class='ocrx_word' id='word_1_15' title='bbox 531 679 785 739; x_wconf 80' lang='lat' dir='ltr'><em>ducenis</em></span> <span class='ocrx_word' id='word_1_16' title='bbox 831 676 1087 735; x_wconf 82' lang='lat' dir='ltr'><em>nummis</em></span> <span class='ocrx_word' id='word_1_17' title='bbox 1134 691 1248 733; x_wconf 80' lang='lat' dir='ltr'><em>nec</em></span> <span class='ocrx_word' id='word_1_18' title='bbox 1294 689 1414 732; x_wconf 79' lang='lat' dir='ltr'><em>non</em></span> <span class='ocrx_word' id='word_1_19' title='bbox 1462 674 1692 731; x_wconf 77' lang='lat' dir='ltr'><em>eximia</em></span> <span class='ocrx_word' id='word_1_20' title='bbox 1738 672 1992 744; x_wconf 69' lang='lat' dir='ltr'><em>sinqulis</em></span> <span class='ocrx_word' id='word_1_21' title='bbox 2048 669 2286 728; x_wconf 83' lang='lat' dir='ltr'><em>milibus</em></span> <span class='ocrx_word' id='word_1_22' title='bbox 2341 684 2665 727; x_wconf 81' lang='lat' dir='ltr'><em>nummum.</em></span> <span class='ocrx_word' id='word_1_23' title='bbox 2739 665 2826 725; x_wconf 87' lang='lat'><em>111</em></span> 
     </span>
     <span class='ocr_line' id='line_1_4' title="bbox 531 773 2830 865; baseline -0.006 -19"><span class='ocrx_word' id='word_1_24' title='bbox 531 781 632 865; x_wconf 85' lang='lat'><em>16,</em></span> <span class='ocrx_word' id='word_1_25' title='bbox 668 779 749 844; x_wconf 84' lang='lat'><em>12</em></span> <span class='ocrx_word' id='word_1_26' title='bbox 796 800 924 843; x_wconf 89' lang='lat' dir='ltr'><em>esse</em></span> <span class='ocrx_word' id='word_1_27' title='bbox 971 786 1204 856; x_wconf 84' lang='lat' dir='ltr'><em>oportet</em></span> <span class='ocrx_word' id='word_1_28' title='bbox 1252 797 1399 839; x_wconf 92' lang='lat' dir='ltr'><em>aere</em></span> <span class='ocrx_word' id='word_1_29' title='bbox 1449 784 1781 854; x_wconf 85' lang='lat' dir='ltr'><em>temperato</em></span> <span class='ocrx_word' id='word_1_30' title='bbox 1827 794 2021 851; x_wconf 80' lang='lat' dir='ltr'><em>neque</em></span> <span class='ocrx_word' id='word_1_31' title='bbox 2067 781 2298 835; x_wconf 83' lang='lat' dir='ltr'><em>aestate</em></span> <span class='ocrx_word' id='word_1_32' title='bbox 2337 773 2581 848; x_wconf 81' lang='lat' dir='ltr'><em>fervido</em></span> <span class='ocrx_word' id='word_1_33' title='bbox 2628 792 2830 847; x_wconf 77' lang='lat' dir='ltr'><em>neque</em></span> 
     </span>
     <span class='ocr_line' id='line_1_5' title="bbox 526 891 1162 963; baseline -0.008 -12"><span class='ocrx_word' id='word_1_34' title='bbox 526 893 720 951; x_wconf 80' lang='lat' dir='ltr'><em>hieme</em></span> <span class='ocrx_word' id='word_1_35' title='bbox 762 906 886 949; x_wconf 83' lang='lat' dir='ltr'><em>non</em></span> <span class='ocrx_word' id='word_1_36' title='bbox 931 891 1162 963; x_wconf 81' lang='lat' dir='ltr'><em>aprico.</em></span> 
     </span>
    </p>

    <p class='ocr_par' dir='ltr' id='par_1_3' title="bbox 531 985 2837 1501">
     <span class='ocr_line' id='line_1_6' title="bbox 710 985 2827 1072; baseline -0.005 -17"><span class='ocrx_word' id='word_1_37' title='bbox 710 996 811 1055; x_wconf 78' lang='lat' dir='ltr'><em>Ex</em></span> <span class='ocrx_word' id='word_1_38' title='bbox 858 997 926 1069; x_wconf 86' lang='lat' dir='ltr'><em>is,</em></span> <span class='ocrx_word' id='word_1_39' title='bbox 975 992 1132 1072; x_wconf 90' lang='lat' dir='ltr'><em>quod</em></span> <span class='ocrx_word' id='word_1_40' title='bbox 1180 991 1400 1052; x_wconf 89' lang='lat' dir='ltr'><em>habent</em></span> <span class='ocrx_word' id='word_1_41' title='bbox 1446 990 1554 1050; x_wconf 89' lang='lat' dir='ltr'><em>AB</em></span> <span class='ocrx_word' id='word_1_42' title='bbox 1603 996 1663 1049; x_wconf 91' lang='lat' dir='ltr'><em>et</em></span> <span class='ocrx_word' id='word_1_43' title='bbox 1710 988 2091 1055; x_wconf 84' lang='lat' dir='ltr'><em>Florentinus</em></span> <span class='ocrx_word' id='word_1_44' title='bbox 2139 986 2344 1068; x_wconf 84' lang='lat' dir='ltr'><em>codex,</em></span> <span class='ocrx_word' id='word_1_45' title='bbox 2390 989 2451 1047; x_wconf 91' lang='lat' dir='ltr'><em>in</em></span> <span class='ocrx_word' id='word_1_46' title='bbox 2499 985 2827 1066; x_wconf 84' lang='lat' dir='ltr'><em>archetypo</em></span> 
     </span>
     <span class='ocr_line' id='line_1_7' title="bbox 531 1092 2828 1181; baseline -0.003 -19"><span class='ocrx_word' id='word_1_47' title='bbox 531 1104 716 1173; x_wconf 85' lang='lat' dir='ltr'><em>fuisse</em></span> <span class='ocrx_word' id='word_1_48' title='bbox 754 1101 1007 1181; x_wconf 90' lang='lat' dir='ltr'><em>videtur,</em></span> <span class='ocrx_word' id='word_1_49' title='bbox 1054 1118 1134 1160; x_wconf 76' lang='lat' dir='ltr'><em>ex</em></span> <span class='ocrx_word' id='word_1_50' title='bbox 1179 1101 1274 1159; x_wconf 80' lang='lat' dir='ltr'><em>his</em></span> <span class='ocrx_word' id='word_1_51' title='bbox 1320 1097 1655 1177; x_wconf 89' lang='lat' dir='ltr'><em>apographa</em></span> <span class='ocrx_word' id='word_1_52' title='bbox 1703 1096 1992 1175; x_wconf 82' lang='lat' dir='ltr'><strong>quaedam</strong></span> <span class='ocrx_word' id='word_1_53' title='bbox 2038 1095 2393 1155; x_wconf 81' lang='lat' dir='ltr'><em>recentiora.</em></span> <span class='ocrx_word' id='word_1_54' title='bbox 2457 1092 2672 1154; x_wconf 90' lang='lat' dir='ltr'><em>deinde</em></span> <span class='ocrx_word' id='word_1_55' title='bbox 2723 1098 2828 1155; x_wconf 85' lang='lat' dir='ltr'><em>de-</em></span> 
     </span>
     <span class='ocr_line' id='line_1_8' title="bbox 532 1200 2834 1282; baseline -0.004 -11"><span class='ocrx_word' id='word_1_56' title='bbox 532 1213 848 1271; x_wconf 85' lang='lat' dir='ltr'><em>vorsoriae</em></span> <span class='ocrx_word' id='word_1_57' title='bbox 902 1226 974 1267; x_wconf 91' lang='lat' dir='ltr'><em>ex</em></span> <span class='ocrx_word' id='word_1_58' title='bbox 1023 1209 1069 1265; x_wconf 83' lang='lat' dir='ltr'><strong>A</strong></span> <span class='ocrx_word' id='word_1_59' title='bbox 1126 1214 1186 1266; x_wconf 89' lang='lat' dir='ltr'><em>et</em></span> <span class='ocrx_word' id='word_1_60' title='bbox 1232 1204 1576 1265; x_wconf 82' lang='lat' dir='ltr'><strong>Florentino</strong></span> <span class='ocrx_word' id='word_1_61' title='bbox 1635 1202 1839 1263; x_wconf 88' lang='lat' dir='ltr'><em>codice</em></span> <span class='ocrx_word' id='word_1_62' title='bbox 1897 1204 2123 1282; x_wconf 83' lang='lat' dir='ltr'><em>recepi,</em></span> <span class='ocrx_word' id='word_1_63' title='bbox 2180 1204 2559 1262; x_wconf 85' lang='lat' dir='ltr'><em>diversoriae</em></span> <span class='ocrx_word' id='word_1_64' title='bbox 2602 1200 2834 1261; x_wconf 86' lang='lat' dir='ltr'><em>habent</em></span> 
     </span>
     <span class='ocr_line' id='line_1_9' title="bbox 536 1306 2837 1395; baseline -0.003 -18"><span class='ocrx_word' id='word_1_65' title='bbox 536 1317 765 1395; x_wconf 90' lang='lat' dir='ltr'><em>reliqua</em></span> <span class='ocrx_word' id='word_1_66' title='bbox 804 1312 1157 1393; x_wconf 86' lang='lat' dir='ltr'><em>apographa.</em></span> <span class='ocrx_word' id='word_1_67' title='bbox 1239 1315 1577 1373; x_wconf 83' lang='lat' dir='ltr'><em>devertitur</em></span> <span class='ocrx_word' id='word_1_68' title='bbox 1625 1309 1679 1370; x_wconf 88' lang='lat'><em>11</em></span> <span class='ocrx_word' id='word_1_69' title='bbox 1718 1308 1822 1390; x_wconf 95' lang='grc'><em>11,</em></span> <span class='ocrx_word' id='word_1_70' title='bbox 1855 1306 1938 1370; x_wconf 98' lang='grc'><em>12</em></span> <span class='ocrx_word' id='word_1_71' title='bbox 1986 1307 2315 1368; x_wconf 89' lang='lat' dir='ltr'><em>Politianus</em></span> <span class='ocrx_word' id='word_1_72' title='bbox 2362 1308 2681 1388; x_wconf 82' lang='lat' dir='ltr'><em>adnotavit,</em></span> <span class='ocrx_word' id='word_1_73' title='bbox 2730 1313 2837 1370; x_wconf 85' lang='lat' dir='ltr'><em>de-</em></span> 
     </span>
     <span class='ocr_line' id='line_1_10' title="bbox 535 1416 1438 1501; baseline -0.007 -18"><span class='ocrx_word' id='word_1_74' title='bbox 535 1426 812 1484; x_wconf 82' lang='lat' dir='ltr'><em>vertisset</em></span> <span class='ocrx_word' id='word_1_75' title='bbox 858 1420 940 1480; x_wconf 88' lang='lat'><em>111</em></span> <span class='ocrx_word' id='word_1_76' title='bbox 978 1418 1038 1501; x_wconf 87' lang='lat'><em>3,</em></span> <span class='ocrx_word' id='word_1_77' title='bbox 1067 1416 1108 1481; x_wconf 88' lang='grc'>9</span> <span class='ocrx_word' id='word_1_78' title='bbox 1158 1418 1335 1487; x_wconf 87' lang='lat' dir='ltr'><em>habet</em></span> <span class='ocrx_word' id='word_1_79' title='bbox 1372 1420 1438 1479; x_wconf 84' lang='lat' dir='ltr'><em>A.</em></span> 
     </span>
    </p>

    <p class='ocr_par' dir='ltr' id='par_1_4' title="bbox 543 1514 2844 2245">
     <span class='ocr_line' id='line_1_11' title="bbox 719 1514 2839 1600; baseline -0.001 -14"><span class='ocrx_word' id='word_1_80' title='bbox 719 1526 920 1598; x_wconf 88' lang='lat' dir='ltr'><em>Quod</em></span> <span class='ocrx_word' id='word_1_81' title='bbox 957 1544 1088 1586; x_wconf 90' lang='lat' dir='ltr'><em>nec</em></span> <span class='ocrx_word' id='word_1_82' title='bbox 1130 1527 1415 1586; x_wconf 88' lang='lat' dir='ltr'><em>satione</em></span> <span class='ocrx_word' id='word_1_83' title='bbox 1456 1534 1650 1585; x_wconf 89' lang='lat' dir='ltr'><em>terra</em></span> <span class='ocrx_word' id='word_1_84' title='bbox 1700 1514 2114 1600; x_wconf 85' lang='lat' dir='ltr'><em>situatum]</em></span> <span class='ocrx_word' id='word_1_85' title='bbox 2157 1523 2257 1583; x_wconf 78' lang='lat' dir='ltr'><em>Ex</em></span> <span class='ocrx_word' id='word_1_86' title='bbox 2292 1526 2529 1583; x_wconf 83' lang='lat' dir='ltr'><em>satione</em></span> <span class='ocrx_word' id='word_1_87' title='bbox 2566 1522 2839 1583; x_wconf 88' lang='lat' dir='ltr'><em>scriben-</em></span> 
     </span>
     <span class='ocr_line' id='line_1_12' title="bbox 548 1629 2843 1709; baseline -0.002 -14"><span class='ocrx_word' id='word_1_88' title='bbox 548 1635 688 1695; x_wconf 90' lang='lat' dir='ltr'><em>dum</em></span> <span class='ocrx_word' id='word_1_89' title='bbox 737 1652 869 1694; x_wconf 90' lang='lat' dir='ltr'><em>esse</em></span> <span class='ocrx_word' id='word_1_90' title='bbox 916 1629 1145 1693; x_wconf 88' lang='lat' dir='ltr'><em>viderat</em></span> <span class='ocrx_word' id='word_1_91' title='bbox 1183 1631 1479 1692; x_wconf 89' lang='lat' dir='ltr'><em>Victorius</em></span> <span class='ocrx_word' id='word_1_92' title='bbox 1528 1631 1757 1691; x_wconf 89' lang='lat' dir='ltr'><em>collatis</em></span> <span class='ocrx_word' id='word_1_93' title='bbox 1803 1632 1877 1690; x_wconf 91' lang='lat' dir='ltr'><em>iis</em></span> <span class='ocrx_word' id='word_1_94' title='bbox 1926 1647 2075 1709; x_wconf 90' lang='lat' dir='ltr'><em>quae</em></span> <span class='ocrx_word' id='word_1_95' title='bbox 2124 1629 2196 1689; x_wconf 90' lang='lat' dir='ltr'><em>de</em></span> <span class='ocrx_word' id='word_1_96' title='bbox 2245 1629 2448 1690; x_wconf 90' lang='lat' dir='ltr'><em>eadem</em></span> <span class='ocrx_word' id='word_1_97' title='bbox 2496 1648 2561 1690; x_wconf 93' lang='lat' dir='ltr'><em>re</em></span> <span class='ocrx_word' id='word_1_98' title='bbox 2610 1632 2843 1709; x_wconf 86' lang='lat' dir='ltr'><em>scripta</em></span> 
     </span>
     <span class='ocr_line' id='line_1_13' title="bbox 546 1720 2843 1819; baseline -0.001 -18"><span class='ocrx_word' id='word_1_99' title='bbox 546 1752 685 1801; x_wconf 88' lang='lat' dir='ltr'><em>sunt</em></span> <span class='ocrx_word' id='word_1_100' title='bbox 732 1741 755 1799; x_wconf 92' lang='lat'>1</span> <span class='ocrx_word' id='word_1_101' title='bbox 794 1720 907 1819; x_wconf 83' lang='grc'><em>23,</em></span> <span class='ocrx_word' id='word_1_102' title='bbox 951 1737 984 1800; x_wconf 94' lang='grc'>1</span> <span class='ocrx_word' id='word_1_103' title='bbox 1028 1737 1331 1817; x_wconf 80' lang='lat' dir='ltr'><em>fructum,</em></span> <span class='ocrx_word' id='word_1_104' title='bbox 1379 1741 1592 1812; x_wconf 80' lang='lat' dir='ltr'><em>inquit,</em></span> <span class='ocrx_word' id='word_1_105' title='bbox 1631 1740 1908 1798; x_wconf 83' lang='lat' dir='ltr'><em>arbitror</em></span> <span class='ocrx_word' id='word_1_106' title='bbox 1951 1755 2079 1797; x_wconf 91' lang='lat' dir='ltr'><em>esse</em></span> <span class='ocrx_word' id='word_1_107' title='bbox 2110 1736 2300 1812; x_wconf 81' lang='lat' dir='ltr'><em>fundi</em></span> <span class='ocrx_word' id='word_1_108' title='bbox 2333 1754 2466 1798; x_wconf 82' lang='lat' dir='ltr'><em>eum</em></span> <span class='ocrx_word' id='word_1_109' title='bbox 2505 1741 2615 1813; x_wconf 81' lang='lat' dir='ltr'><em>qui</em></span> <span class='ocrx_word' id='word_1_110' title='bbox 2648 1757 2728 1799; x_wconf 77' lang='lat' dir='ltr'><em>ex</em></span> <span class='ocrx_word' id='word_1_111' title='bbox 2770 1757 2843 1800; x_wconf 93' lang='lat' dir='ltr'><em>eo</em></span> 
     </span>
     <span class='ocr_line' id='line_1_14' title="bbox 543 1842 2843 1923; baseline -0.001 -15"><span class='ocrx_word' id='word_1_112' title='bbox 543 1855 713 1908; x_wconf 84' lang='lat' dir='ltr'><em>satus</em></span> <span class='ocrx_word' id='word_1_113' title='bbox 769 1851 1066 1908; x_wconf 85' lang='lat' dir='ltr'><em>nascitur.</em></span> <span class='ocrx_word' id='word_1_114' title='bbox 1142 1863 1335 1923; x_wconf 88' lang='lat' dir='ltr'><em>neque</em></span> <span class='ocrx_word' id='word_1_115' title='bbox 1394 1843 1672 1904; x_wconf 89' lang='lat' dir='ltr'><em>audiendi</em></span> <span class='ocrx_word' id='word_1_116' title='bbox 1731 1852 1870 1904; x_wconf 89' lang='lat' dir='ltr'><em>sunt</em></span> <span class='ocrx_word' id='word_1_117' title='bbox 1927 1845 2028 1922; x_wconf 89' lang='lat' dir='ltr'><em>qui</em></span> <span class='ocrx_word' id='word_1_118' title='bbox 2077 1842 2299 1904; x_wconf 88' lang='lat' dir='ltr'><em>codicis</em></span> <span class='ocrx_word' id='word_1_119' title='bbox 2347 1846 2705 1923; x_wconf 83' lang='lat' dir='ltr'><em>scripturam</em></span> <span class='ocrx_word' id='word_1_120' title='bbox 2758 1848 2843 1906; x_wconf 90' lang='lat' dir='ltr'><em>ita</em></span> 
     </span>
     <span class='ocr_line' id='line_1_15' title="bbox 547 1951 2844 2034; baseline -0.001 -20"><span class='ocrx_word' id='word_1_121' title='bbox 547 1953 893 2034; x_wconf 79' lang='lat' dir='ltr'><em>defendunt,</em></span> <span class='ocrx_word' id='word_1_122' title='bbox 941 1961 1007 2013; x_wconf 87' lang='lat' dir='ltr'><em>ut</em></span> <span class='ocrx_word' id='word_1_123' title='bbox 1054 1951 1111 2012; x_wconf 93' lang='lat' dir='ltr'><em>id</em></span> <span class='ocrx_word' id='word_1_124' title='bbox 1152 1951 1310 2030; x_wconf 89' lang='lat' dir='ltr'><em>quod</em></span> <span class='ocrx_word' id='word_1_125' title='bbox 1355 1953 1482 2011; x_wconf 89' lang='lat' dir='ltr'><em>sine</em></span> <span class='ocrx_word' id='word_1_126' title='bbox 1523 1952 1752 2010; x_wconf 91' lang='lat' dir='ltr'><em>satione</em></span> <span class='ocrx_word' id='word_1_127' title='bbox 1790 1959 1850 2010; x_wconf 89' lang='lat' dir='ltr'><em>et</em></span> <span class='ocrx_word' id='word_1_128' title='bbox 1889 1968 2051 2031; x_wconf 89' lang='lat' dir='ltr'><em>cura,</em></span> <span class='ocrx_word' id='word_1_129' title='bbox 2093 1952 2129 2010; x_wconf 91' lang='lat' dir='ltr'><em>i.</em></span> <span class='ocrx_word' id='word_1_130' title='bbox 2170 1969 2220 2010; x_wconf 88' lang='lat' dir='ltr'><em>e.</em></span> <span class='ocrx_word' id='word_1_131' title='bbox 2260 1960 2488 2032; x_wconf 90' lang='lat' dir='ltr'><em>sponte,</em></span> <span class='ocrx_word' id='word_1_132' title='bbox 2527 1954 2844 2029; x_wconf 88' lang='lat' dir='ltr'><em>proveniat</em></span> 
     </span>
     <span class='ocr_line' id='line_1_16' title="bbox 549 2058 2844 2140; baseline -0.002 -18"><span class='ocrx_word' id='word_1_133' title='bbox 549 2061 934 2140; x_wconf 85' lang='lat' dir='ltr'><em>significetur.</em></span> <span class='ocrx_word' id='word_1_134' title='bbox 1026 2062 1190 2133; x_wconf 82' lang='lat' dir='ltr'><em>quod</em></span> <span class='ocrx_word' id='word_1_135' title='bbox 1233 2077 1313 2119; x_wconf 76' lang='lat' dir='ltr'><em>ex</em></span> <span class='ocrx_word' id='word_1_136' title='bbox 1359 2064 1532 2118; x_wconf 92' lang='lat' dir='ltr'><em>terra</em></span> <span class='ocrx_word' id='word_1_137' title='bbox 1579 2061 1816 2118; x_wconf 82' lang='lat' dir='ltr'><em>satione</em></span> <span class='ocrx_word' id='word_1_138' title='bbox 1860 2064 2071 2118; x_wconf 78' lang='lat' dir='ltr'><em>natum</em></span> <span class='ocrx_word' id='word_1_139' title='bbox 2120 2059 2377 2117; x_wconf 89' lang='lat' dir='ltr'><em>coniecit</em></span> <span class='ocrx_word' id='word_1_140' title='bbox 2417 2058 2844 2139; x_wconf 76' lang='lat' dir='ltr'><em>SchneideruS,</em></span> 
     </span>
     <span class='ocr_line' id='line_1_17' title="bbox 548 2164 2593 2245; baseline -0.001 -17"><span class='ocrx_word' id='word_1_141' title='bbox 548 2178 609 2228; x_wconf 89' lang='lat' dir='ltr'><em>et</em></span> <span class='ocrx_word' id='word_1_142' title='bbox 654 2168 904 2228; x_wconf 90' lang='lat' dir='ltr'><em>fortasse</em></span> <span class='ocrx_word' id='word_1_143' title='bbox 954 2164 1291 2245; x_wconf 84' lang='lat' dir='ltr'><em>praestabat</em></span> <span class='ocrx_word' id='word_1_144' title='bbox 1336 2168 1502 2240; x_wconf 82' lang='lat' dir='ltr'><em>quod</em></span> <span class='ocrx_word' id='word_1_145' title='bbox 1535 2183 1616 2226; x_wconf 80' lang='lat' dir='ltr'><em>ex</em></span> <span class='ocrx_word' id='word_1_146' title='bbox 1661 2168 1896 2225; x_wconf 82' lang='lat' dir='ltr'><em>satione</em></span> <span class='ocrx_word' id='word_1_147' title='bbox 1944 2183 1976 2225; x_wconf 94' lang='lat' dir='ltr'><em>e</em></span> <span class='ocrx_word' id='word_1_148' title='bbox 2022 2172 2197 2225; x_wconf 88' lang='lat' dir='ltr'><em>terra</em></span> <span class='ocrx_word' id='word_1_149' title='bbox 2243 2168 2322 2225; x_wconf 84' lang='lat' dir='ltr'><em>sit</em></span> <span class='ocrx_word' id='word_1_150' title='bbox 2367 2172 2593 2226; x_wconf 85' lang='lat' dir='ltr'><em>natum.</em></span> 
     </span>
    </p>

    <p class='ocr_par' dir='ltr' id='par_1_5' title="bbox 547 2270 2846 3318">
     <span class='ocr_line' id='line_1_18' title="bbox 725 2270 2845 2352; baseline -0 -18"><span class='ocrx_word' id='word_1_151' title='bbox 725 2271 812 2335; x_wconf 82' lang='lat'><em>24</em></span> <span class='ocrx_word' id='word_1_152' title='bbox 886 2275 1330 2348; x_wconf 73' lang='lat' dir='ltr'><em>Obstriqilandi</em></span> <span class='ocrx_word' id='word_1_153' title='bbox 1375 2271 1555 2332; x_wconf 88' lang='lat' dir='ltr'><em>editio</em></span> <span class='ocrx_word' id='word_1_154' title='bbox 1611 2274 1893 2351; x_wconf 89' lang='lat' dir='ltr'><em>princeps</em></span> <span class='ocrx_word' id='word_1_155' title='bbox 1951 2290 1982 2331; x_wconf 92' lang='lat' dir='ltr'><em>a</em></span> <span class='ocrx_word' id='word_1_156' title='bbox 2029 2270 2317 2332; x_wconf 86' lang='lat' dir='ltr'><em>Politiano</em></span> <span class='ocrx_word' id='word_1_157' title='bbox 2375 2291 2492 2332; x_wconf 92' lang='lat' dir='ltr'><em>non</em></span> <span class='ocrx_word' id='word_1_158' title='bbox 2551 2282 2845 2352; x_wconf 88' lang='lat' dir='ltr'><em>correcta,</em></span> 
     </span>
     <span class='ocr_line' id='line_1_19' title="bbox 548 2377 2846 2460; baseline -0.001 -19"><span class='ocrx_word' id='word_1_159' title='bbox 548 2381 732 2441; x_wconf 84' lang='lat' dir='ltr'><em>codex</em></span> <span class='ocrx_word' id='word_1_160' title='bbox 764 2378 1149 2440; x_wconf 89' lang='lat' dir='ltr'><em>Florentinus</em></span> <span class='ocrx_word' id='word_1_161' title='bbox 1187 2388 1246 2439; x_wconf 97' lang='lat' dir='ltr'><em>et</em></span> <span class='ocrx_word' id='word_1_162' title='bbox 1275 2379 1583 2458; x_wconf 80' lang='lat' dir='ltr'><em>CaesenaS,</em></span> <span class='ocrx_word' id='word_1_163' title='bbox 1625 2381 2077 2454; x_wconf 73' lang='lat' dir='ltr'><em>obstriqillandi</em></span> <span class='ocrx_word' id='word_1_164' title='bbox 2110 2377 2217 2437; x_wconf 89' lang='lat' dir='ltr'><em>AB</em></span> <span class='ocrx_word' id='word_1_165' title='bbox 2258 2387 2317 2438; x_wconf 89' lang='lat' dir='ltr'><em>et</em></span> <span class='ocrx_word' id='word_1_166' title='bbox 2354 2378 2536 2438; x_wconf 89' lang='lat' dir='ltr'><em>editio</em></span> <span class='ocrx_word' id='word_1_167' title='bbox 2573 2378 2846 2460; x_wconf 87' lang='lat' dir='ltr'><em>Victorii,</em></span> 
     </span>
     <span class='ocr_line' id='line_1_20' title="bbox 551 2485 2843 2568; baseline -0 -21"><span class='ocrx_word' id='word_1_168' title='bbox 551 2505 745 2566; x_wconf 89' lang='lat' dir='ltr'><em>neque</em></span> <span class='ocrx_word' id='word_1_169' title='bbox 789 2486 965 2565; x_wconf 89' lang='lat' dir='ltr'><em>plane</em></span> <span class='ocrx_word' id='word_1_170' title='bbox 1015 2494 1276 2568; x_wconf 91' lang='lat' dir='ltr'><em>constat,</em></span> <span class='ocrx_word' id='word_1_171' title='bbox 1334 2494 1535 2546; x_wconf 88' lang='lat' dir='ltr'><em>utrum</em></span> <span class='ocrx_word' id='word_1_172' title='bbox 1592 2489 1654 2545; x_wconf 93' lang='lat' dir='ltr'><em>in</em></span> <span class='ocrx_word' id='word_1_173' title='bbox 1710 2485 2031 2564; x_wconf 83' lang='lat' dir='ltr'><em>archetypo</em></span> <span class='ocrx_word' id='word_1_174' title='bbox 2088 2487 2379 2563; x_wconf 88' lang='lat' dir='ltr'><em>scriptum</em></span> <span class='ocrx_word' id='word_1_175' title='bbox 2435 2486 2632 2546; x_wconf 84' lang='lat' dir='ltr'><em>fuerit.</em></span> <span class='ocrx_word' id='word_1_176' title='bbox 2708 2505 2843 2547; x_wconf 90' lang='lat' dir='ltr'><em>cor-</em></span> 
     </span>
     <span class='ocr_line' id='line_1_21' title="bbox 548 2589 2843 2675; baseline 0 -20"><span class='ocrx_word' id='word_1_177' title='bbox 548 2604 723 2675; x_wconf 89' lang='lat' dir='ltr'><em>rupta</em></span> <span class='ocrx_word' id='word_1_178' title='bbox 772 2604 914 2655; x_wconf 91' lang='lat' dir='ltr'><em>sunt</em></span> <span class='ocrx_word' id='word_1_179' title='bbox 959 2592 1239 2654; x_wconf 88' lang='lat' dir='ltr'><em>Varronis</em></span> <span class='ocrx_word' id='word_1_180' title='bbox 1287 2592 1465 2654; x_wconf 86' lang='lat' dir='ltr'><em>verba</em></span> <span class='ocrx_word' id='word_1_181' title='bbox 1513 2596 1572 2654; x_wconf 92' lang='lat' dir='ltr'><em>in</em></span> <span class='ocrx_word' id='word_1_182' title='bbox 1624 2592 1793 2654; x_wconf 87' lang='lat' dir='ltr'><em>libris</em></span> <span class='ocrx_word' id='word_1_183' title='bbox 1838 2591 2016 2653; x_wconf 91' lang='lat' dir='ltr'><em>Nonii</em></span> <span class='ocrx_word' id='word_1_184' title='bbox 2061 2612 2116 2671; x_wconf 91' lang='lat' dir='ltr'><em>p.</em></span> <span class='ocrx_word' id='word_1_185' title='bbox 2159 2589 2304 2673; x_wconf 82' lang='grc'>147,</span> <span class='ocrx_word' id='word_1_186' title='bbox 2340 2591 2438 2675; x_wconf 93' lang='grc'><em>11,</em></span> <span class='ocrx_word' id='word_1_187' title='bbox 2484 2592 2585 2654; x_wconf 90' lang='lat' dir='ltr'><em>ubi</em></span> <span class='ocrx_word' id='word_1_188' title='bbox 2624 2596 2843 2656; x_wconf 82' lang='lat' dir='ltr'><em>obstri-</em></span> 
     </span>
     <span class='ocr_line' id='line_1_22' title="bbox 547 2700 2844 2780; baseline 0 -18"><span class='ocrx_word' id='word_1_189' title='bbox 547 2706 790 2778; x_wconf 73' lang='lat' dir='ltr'><em>9z&#39;landi</em></span> <span class='ocrx_word' id='word_1_190' title='bbox 833 2701 1053 2762; x_wconf 87' lang='lat' dir='ltr'><em>habent</em></span> <span class='ocrx_word' id='word_1_191' title='bbox 1100 2701 1284 2762; x_wconf 85' lang='lat' dir='ltr'><em>codex</em></span> <span class='ocrx_word' id='word_1_192' title='bbox 1323 2700 1632 2763; x_wconf 82' lang='lat' dir='ltr'><em>Leidensis</em></span> <span class='ocrx_word' id='word_1_193' title='bbox 1682 2710 1741 2761; x_wconf 89' lang='lat' dir='ltr'><em>et</em></span> <span class='ocrx_word' id='word_1_194' title='bbox 1779 2700 2147 2780; x_wconf 84' lang='lat' dir='ltr'><em>HarleianuS,</em></span> <span class='ocrx_word' id='word_1_195' title='bbox 2194 2703 2691 2776; x_wconf 72' lang='lat' dir='ltr'><em>obstrinqillandi</em></span> <span class='ocrx_word' id='word_1_196' title='bbox 2725 2701 2844 2762; x_wconf 90' lang='lat' dir='ltr'><em>alii.</em></span> 
     </span>
     <span class='ocr_line' id='line_1_23' title="bbox 553 2807 2843 2887; baseline -0 -17"><span class='ocrx_word' id='word_1_197' title='bbox 553 2811 1009 2885; x_wconf 72' lang='lat' dir='ltr'><em>obstrinqillare</em></span> <span class='ocrx_word' id='word_1_198' title='bbox 1055 2807 1312 2869; x_wconf 88' lang='lat' dir='ltr'><em>Ennium</em></span> <span class='ocrx_word' id='word_1_199' title='bbox 1363 2817 1423 2868; x_wconf 87' lang='lat' dir='ltr'><em>et</em></span> <span class='ocrx_word' id='word_1_200' title='bbox 1468 2810 1665 2887; x_wconf 87' lang='lat' dir='ltr'><em>ipsum</em></span> <span class='ocrx_word' id='word_1_201' title='bbox 1713 2807 2038 2867; x_wconf 88' lang='lat' dir='ltr'><em>Varronem</em></span> <span class='ocrx_word' id='word_1_202' title='bbox 2085 2807 2304 2867; x_wconf 88' lang='lat' dir='ltr'><em>dixisse</em></span> <span class='ocrx_word' id='word_1_203' title='bbox 2355 2807 2641 2887; x_wconf 86' lang='lat' dir='ltr'><em>exemplis</em></span> <span class='ocrx_word' id='word_1_204' title='bbox 2683 2809 2843 2887; x_wconf 90' lang='lat' dir='ltr'><em>apud</em></span> 
     </span>
     <span class='ocr_line' id='line_1_24' title="bbox 553 2913 2844 2994; baseline -0.001 -18"><span class='ocrx_word' id='word_1_205' title='bbox 553 2917 810 2976; x_wconf 89' lang='lat' dir='ltr'><em>Nonium</em></span> <span class='ocrx_word' id='word_1_206' title='bbox 858 2915 893 2976; x_wconf 94' lang='lat' dir='ltr'><em>l.</em></span> <span class='ocrx_word' id='word_1_207' title='bbox 943 2933 992 2975; x_wconf 90' lang='lat' dir='ltr'><em>c.</em></span> <span class='ocrx_word' id='word_1_208' title='bbox 1047 2925 1304 2990; x_wconf 84' lang='lat' dir='ltr'><em>constat,</em></span> <span class='ocrx_word' id='word_1_209' title='bbox 1363 2917 1631 2994; x_wconf 90' lang='lat' dir='ltr'><em>quamvis</em></span> <span class='ocrx_word' id='word_1_210' title='bbox 1688 2914 2013 2975; x_wconf 86' lang='lat' dir='ltr'><em>Kettnerus</em></span> <span class='ocrx_word' id='word_1_211' title='bbox 2069 2917 2129 2974; x_wconf 92' lang='lat' dir='ltr'><em>in</em></span> <span class='ocrx_word' id='word_1_212' title='bbox 2196 2913 2714 2974; x_wconf 90' lang='lat' dir='ltr'><em>observationibus</em></span> <span class='ocrx_word' id='word_1_213' title='bbox 2780 2916 2844 2974; x_wconf 88' lang='lat' dir='ltr'><em>in</em></span> 
     </span>
     <span class='ocr_line' id='line_1_25' title="bbox 553 3017 2844 3101; baseline 0 -19"><span class='ocrx_word' id='word_1_214' title='bbox 553 3024 877 3084; x_wconf 89' lang='lat' dir='ltr'><em>Varronem</em></span> <span class='ocrx_word' id='word_1_215' title='bbox 926 3041 974 3083; x_wconf 89' lang='lat' dir='ltr'><em>a.</em></span> <span class='ocrx_word' id='word_1_216' title='bbox 1018 3020 1188 3085; x_wconf 84' lang='lat'>1868</span> <span class='ocrx_word' id='word_1_217' title='bbox 1237 3017 1292 3101; x_wconf 58' lang='lat' dir='ltr'><em>p‘.</em></span> <span class='ocrx_word' id='word_1_218' title='bbox 1329 3020 1412 3084; x_wconf 84' lang='lat'><em>21</em></span> <span class='ocrx_word' id='word_1_219' title='bbox 1465 3041 1591 3082; x_wconf 91' lang='lat' dir='ltr'><em>eam</em></span> <span class='ocrx_word' id='word_1_220' title='bbox 1642 3023 2000 3101; x_wconf 83' lang='lat' dir='ltr'><em>scripturam</em></span> <span class='ocrx_word' id='word_1_221' title='bbox 2050 3039 2262 3100; x_wconf 89' lang='lat' dir='ltr'><em>pravae</em></span> <span class='ocrx_word' id='word_1_222' title='bbox 2312 3020 2700 3101; x_wconf 84' lang='lat' dir='ltr'><em>etymologiae</em></span> <span class='ocrx_word' id='word_1_223' title='bbox 2741 3024 2844 3082; x_wconf 90' lang='lat' dir='ltr'><em>tri·</em></span> 
     </span>
     <span class='ocr_line' id='line_1_26' title="bbox 552 3128 2844 3220; baseline -0.001 -29"><span class='ocrx_word' id='word_1_224' title='bbox 552 3130 848 3191; x_wconf 88' lang='lat' dir='ltr'><em>buendam</em></span> <span class='ocrx_word' id='word_1_225' title='bbox 924 3139 982 3190; x_wconf 89' lang='lat' dir='ltr'><em>et</em></span> <span class='ocrx_word' id='word_1_226' title='bbox 1047 3133 1439 3205; x_wconf 73' lang='lat' dir='ltr'><em>obstriyilare</em></span> <span class='ocrx_word' id='word_1_227' title='bbox 1504 3148 1536 3189; x_wconf 98' lang='lat' dir='ltr'><em>a</em></span> <span class='ocrx_word' id='word_1_228' title='bbox 1602 3128 1828 3207; x_wconf 86' lang='lat' dir='ltr'><em>strigile</em></span> <span class='ocrx_word' id='word_1_229' title='bbox 1896 3128 2141 3188; x_wconf 89' lang='lat' dir='ltr'><em>ductum</em></span> <span class='ocrx_word' id='word_1_230' title='bbox 2206 3130 2380 3188; x_wconf 90' lang='lat' dir='ltr'><em>unice</em></span> <span class='ocrx_word' id='word_1_231' title='bbox 2439 3146 2647 3187; x_wconf 88' lang='lat' dir='ltr'><em>verum</em></span> <span class='ocrx_word' id='word_1_232' title='bbox 2711 3148 2844 3220; x_wconf 85' lang='lat' dir='ltr'><em>esse</em></span> 
     </span>
     <span class='ocr_line' id='line_1_27' title="bbox 551 3239 865 3318; baseline -0.013 -18"><span class='ocrx_word' id='word_1_233' title='bbox 551 3239 865 3318; x_wconf 88' lang='lat' dir='ltr'><em>putaverit.</em></span> 
     </span>
    </p>

    <p class='ocr_par' dir='ltr' id='par_1_6' title="bbox 732 3340 1906 3422">
     <span class='ocr_line' id='line_1_28' title="bbox 732 3340 1906 3422; baseline -0.003 -19"><span class='ocrx_word' id='word_1_234' title='bbox 732 3340 816 3404; x_wconf 86' lang='grc'><em>26</em></span> <span class='ocrx_word' id='word_1_235' title='bbox 891 3343 1140 3403; x_wconf 81' lang='lat' dir='ltr'><em>Coieere</em></span> <span class='ocrx_word' id='word_1_236' title='bbox 1187 3345 1249 3402; x_wconf 82' lang='lat' dir='ltr'><em>in</em></span> <span class='ocrx_word' id='word_1_237' title='bbox 1295 3359 1517 3416; x_wconf 82' lang='lat' dir='ltr'><em>aquam</em></span> <span class='ocrx_word' id='word_1_238' title='bbox 1564 3340 1630 3422; x_wconf 91' lang='lat' dir='ltr'><em>P,</em></span> <span class='ocrx_word' id='word_1_239' title='bbox 1676 3359 1796 3401; x_wconf 92' lang='lat' dir='ltr'><em>non</em></span> <span class='ocrx_word' id='word_1_240' title='bbox 1842 3341 1906 3400; x_wconf 93' lang='lat' dir='ltr'><em>B.</em></span> 
     </span>
    </p>

    <p class='ocr_par' dir='ltr' id='par_1_7' title="bbox 554 3446 2847 4594">
     <span class='ocr_line' id='line_1_29' title="bbox 730 3446 2842 3528; baseline 0 -20"><span class='ocrx_word' id='word_1_241' title='bbox 730 3448 874 3528; x_wconf 85' lang='lat' dir='ltr'><em>Ego</em></span> <span class='ocrx_word' id='word_1_242' title='bbox 915 3448 1098 3528; x_wconf 89' lang='lat' dir='ltr'><em>quod</em></span> <span class='ocrx_word' id='word_1_243' title='bbox 1150 3450 1368 3528; x_wconf 85' lang='lat' dir='ltr'><em>magis</em></span> <span class='ocrx_word' id='word_1_244' title='bbox 1415 3451 1703 3526; x_wconf 88' lang='lat' dir='ltr'><em>inquam</em></span> <span class='ocrx_word' id='word_1_245' title='bbox 1748 3448 2122 3527; x_wconf 90' lang='lat' dir='ltr'><em>pertineat</em></span> <span class='ocrx_word' id='word_1_246' title='bbox 2160 3446 2238 3506; x_wconf 95' lang='lat' dir='ltr'><em>ad</em></span> <span class='ocrx_word' id='word_1_247' title='bbox 2279 3446 2613 3507; x_wconf 90' lang='lat' dir='ltr'><em>fundanii</em></span> <span class='ocrx_word' id='word_1_248' title='bbox 2653 3449 2842 3509; x_wconf 89' lang='lat' dir='ltr'><em>vale·</em></span> 
     </span>
     <span class='ocr_line' id='line_1_30' title="bbox 554 3548 2844 3636; baseline 0 -21"><span class='ocrx_word' id='word_1_249' title='bbox 554 3554 878 3616; x_wconf 90' lang='lat' dir='ltr'><em>tudinem</em></span> <span class='ocrx_word' id='word_1_250' title='bbox 929 3557 1105 3615; x_wconf 87' lang='lat' dir='ltr'><em>etin</em></span> <span class='ocrx_word' id='word_1_251' title='bbox 1145 3573 1224 3614; x_wconf 93' lang='lat' dir='ltr'><em>eo</em></span> <span class='ocrx_word' id='word_1_252' title='bbox 1263 3553 1451 3614; x_wconf 91' lang='lat' dir='ltr'><em>libro</em></span> <span class='ocrx_word' id='word_1_253' title='bbox 1501 3563 1611 3614; x_wconf 91' lang='lat' dir='ltr'><em>est</em></span> <span class='ocrx_word' id='word_1_254' title='bbox 1659 3555 1889 3614; x_wconf 89' lang='lat' dir='ltr'><em>satius</em></span> <span class='ocrx_word' id='word_1_255' title='bbox 1938 3548 2161 3636; x_wconf 92' lang='lat' dir='ltr'><em>dicas]</em></span> <span class='ocrx_word' id='word_1_256' title='bbox 2205 3555 2413 3614; x_wconf 83' lang='lat' dir='ltr'><em>Satius</em></span> <span class='ocrx_word' id='word_1_257' title='bbox 2454 3557 2646 3630; x_wconf 81' lang='lat' dir='ltr'><em>dieas,</em></span> <span class='ocrx_word' id='word_1_258' title='bbox 2686 3556 2844 3634; x_wconf 89' lang='lat' dir='ltr'><em>quod</em></span> 
     </span>
     <span class='ocr_line' id='line_1_31' title="bbox 557 3660 2843 3743; baseline -0 -20"><span class='ocrx_word' id='word_1_259' title='bbox 557 3661 891 3743; x_wconf 88' lang='lat' dir='ltr'><em>apographa</em></span> <span class='ocrx_word' id='word_1_260' title='bbox 955 3660 1202 3741; x_wconf 89' lang='lat' dir='ltr'><em>habent,</em></span> <span class='ocrx_word' id='word_1_261' title='bbox 1276 3662 1335 3720; x_wconf 91' lang='lat' dir='ltr'><em>in</em></span> <span class='ocrx_word' id='word_1_262' title='bbox 1411 3661 1731 3741; x_wconf 84' lang='lat' dir='ltr'><em>archetypo</em></span> <span class='ocrx_word' id='word_1_263' title='bbox 1802 3662 2091 3739; x_wconf 88' lang='lat' dir='ltr'><em>scriptum</em></span> <span class='ocrx_word' id='word_1_264' title='bbox 2167 3661 2351 3721; x_wconf 85' lang='lat' dir='ltr'><em>fuisse</em></span> <span class='ocrx_word' id='word_1_265' title='bbox 2428 3669 2660 3721; x_wconf 90' lang='lat' dir='ltr'><em>certum</em></span> <span class='ocrx_word' id='word_1_266' title='bbox 2738 3672 2843 3722; x_wconf 88' lang='lat' dir='ltr'><em>est.</em></span> 
     </span>
     <span class='ocr_line' id='line_1_32' title="bbox 554 3766 2845 3849; baseline -0.001 -18"><span class='ocrx_word' id='word_1_267' title='bbox 554 3773 760 3831; x_wconf 83' lang='lat' dir='ltr'><em>sacius</em></span> <span class='ocrx_word' id='word_1_268' title='bbox 809 3772 1011 3829; x_wconf 85' lang='lat' dir='ltr'><em>dicam</em></span> <span class='ocrx_word' id='word_1_269' title='bbox 1059 3786 1143 3849; x_wconf 92' lang='lat' dir='ltr'><em>m,</em></span> <span class='ocrx_word' id='word_1_270' title='bbox 1200 3770 1382 3828; x_wconf 80' lang='lat' dir='ltr'><em>latius</em></span> <span class='ocrx_word' id='word_1_271' title='bbox 1439 3771 1641 3829; x_wconf 82' lang='lat' dir='ltr'><em>dicam</em></span> <span class='ocrx_word' id='word_1_272' title='bbox 1687 3767 1940 3848; x_wconf 89' lang='lat' dir='ltr'><em>Merula,</em></span> <span class='ocrx_word' id='word_1_273' title='bbox 1997 3766 2100 3827; x_wconf 89' lang='lat' dir='ltr'><em>ubi</em></span> <span class='ocrx_word' id='word_1_274' title='bbox 2145 3766 2472 3827; x_wconf 89' lang='lat' dir='ltr'><em>Politianus</em></span> <span class='ocrx_word' id='word_1_275' title='bbox 2525 3772 2721 3829; x_wconf 83' lang='lat' dir='ltr'><em>satius</em></span> <span class='ocrx_word' id='word_1_276' title='bbox 2775 3788 2845 3829; x_wconf 91' lang='lat' dir='ltr'><em>ex</em></span> 
     </span>
     <span class='ocr_line' id='line_1_33' title="bbox 557 3873 2843 3956; baseline 0 -20"><span class='ocrx_word' id='word_1_277' title='bbox 557 3877 760 3937; x_wconf 89' lang='lat' dir='ltr'><em>codice</em></span> <span class='ocrx_word' id='word_1_278' title='bbox 811 3875 1125 3954; x_wconf 86' lang='lat' dir='ltr'><em>adnotavit,</em></span> <span class='ocrx_word' id='word_1_279' title='bbox 1173 3873 1276 3934; x_wconf 84' lang='lat' dir='ltr'><em>sed</em></span> <span class='ocrx_word' id='word_1_280' title='bbox 1326 3878 1528 3946; x_wconf 82' lang='lat' dir='ltr'><em>dicam</em></span> <span class='ocrx_word' id='word_1_281' title='bbox 1575 3893 1696 3935; x_wconf 93' lang='lat' dir='ltr'><em>non</em></span> <span class='ocrx_word' id='word_1_282' title='bbox 1745 3876 2020 3934; x_wconf 90' lang='lat' dir='ltr'><em>correxit.</em></span> <span class='ocrx_word' id='word_1_283' title='bbox 2088 3882 2146 3934; x_wconf 90' lang='lat' dir='ltr'><em>et</em></span> <span class='ocrx_word' id='word_1_284' title='bbox 2183 3878 2245 3935; x_wconf 80' lang='lat' dir='ltr'><em>in</em></span> <span class='ocrx_word' id='word_1_285' title='bbox 2293 3892 2362 3935; x_wconf 89' lang='lat' dir='ltr'><em>eo</em></span> <span class='ocrx_word' id='word_1_286' title='bbox 2400 3877 2557 3935; x_wconf 85' lang='lat' dir='ltr'><em>libro</em></span> <span class='ocrx_word' id='word_1_287' title='bbox 2604 3882 2710 3956; x_wconf 91' lang='lat' dir='ltr'><em>est,</em></span> <span class='ocrx_word' id='word_1_288' title='bbox 2746 3895 2843 3937; x_wconf 91' lang='lat' dir='ltr'><em>sa-</em></span> 
     </span>
     <span class='ocr_line' id='line_1_34' title="bbox 558 3980 2845 4060; baseline -0 -17"><span class='ocrx_word' id='word_1_289' title='bbox 558 3988 676 4043; x_wconf 85' lang='lat' dir='ltr'><em>tius</em></span> <span class='ocrx_word' id='word_1_290' title='bbox 724 3986 928 4043; x_wconf 84' lang='lat' dir='ltr'><em>dicam</em></span> <span class='ocrx_word' id='word_1_291' title='bbox 976 3980 1278 4042; x_wconf 86' lang='lat' dir='ltr'><em>Iucundus</em></span> <span class='ocrx_word' id='word_1_292' title='bbox 1326 3990 1386 4041; x_wconf 88' lang='lat' dir='ltr'><em>et</em></span> <span class='ocrx_word' id='word_1_293' title='bbox 1431 3980 1645 4041; x_wconf 89' lang='lat' dir='ltr'><em>deinde</em></span> <span class='ocrx_word' id='word_1_294' title='bbox 1692 3981 1910 4060; x_wconf 91' lang='lat' dir='ltr'><em>reliqui</em></span> <span class='ocrx_word' id='word_1_295' title='bbox 1949 3981 2223 4042; x_wconf 82' lang='lat' dir='ltr'><em>editores,</em></span> <span class='ocrx_word' id='word_1_296' title='bbox 2290 3981 2401 4041; x_wconf 87' lang='lat' dir='ltr'><em>hoc</em></span> <span class='ocrx_word' id='word_1_297' title='bbox 2441 3980 2688 4041; x_wconf 89' lang='lat' dir='ltr'><em>latinum</em></span> <span class='ocrx_word' id='word_1_298' title='bbox 2726 4000 2845 4042; x_wconf 92' lang='lat' dir='ltr'><em>non</em></span> 
     </span>
     <span class='ocr_line' id='line_1_35' title="bbox 556 4085 2845 4170; baseline 0 -21"><span class='ocrx_word' id='word_1_299' title='bbox 556 4108 686 4149; x_wconf 89' lang='lat' dir='ltr'><em>esse</em></span> <span class='ocrx_word' id='word_1_300' title='bbox 735 4088 878 4149; x_wconf 88' lang='lat' dir='ltr'><em>vidit</em></span> <span class='ocrx_word' id='word_1_301' title='bbox 924 4087 1337 4148; x_wconf 87' lang='lat' dir='ltr'><em>Lachmannus</em></span> <span class='ocrx_word' id='word_1_302' title='bbox 1385 4091 1443 4147; x_wconf 91' lang='lat' dir='ltr'><em>in</em></span> <span class='ocrx_word' id='word_1_303' title='bbox 1481 4087 1657 4166; x_wconf 87' lang='lat' dir='ltr'><em>Prop.</em></span> <span class='ocrx_word' id='word_1_304' title='bbox 1698 4106 1752 4166; x_wconf 91' lang='lat' dir='ltr'><em>p.</em></span> <span class='ocrx_word' id='word_1_305' title='bbox 1785 4085 1934 4170; x_wconf 89' lang='grc'>224,</span> <span class='ocrx_word' id='word_1_306' title='bbox 1984 4090 2086 4166; x_wconf 89' lang='lat' dir='ltr'><em>qui</em></span> <span class='ocrx_word' id='word_1_307' title='bbox 2133 4096 2234 4148; x_wconf 91' lang='lat' dir='ltr'><em>aut</em></span> <span class='ocrx_word' id='word_1_308' title='bbox 2280 4091 2464 4149; x_wconf 83' lang='lat' dir='ltr'><em>latius</em></span> <span class='ocrx_word' id='word_1_309' title='bbox 2503 4097 2607 4147; x_wconf 88' lang='lat' dir='ltr'><em>aut</em></span> <span class='ocrx_word' id='word_1_310' title='bbox 2634 4093 2845 4165; x_wconf 79' lang='lat' dir='ltr'><em>potius</em></span> 
     </span>
     <span class='ocr_line' id='line_1_36' title="bbox 559 4193 2845 4274; baseline 0 -20"><span class='ocrx_word' id='word_1_311' title='bbox 559 4193 939 4255; x_wconf 88' lang='lat' dir='ltr'><em>scribendum</em></span> <span class='ocrx_word' id='word_1_312' title='bbox 997 4212 1127 4252; x_wconf 89' lang='lat' dir='ltr'><em>esse</em></span> <span class='ocrx_word' id='word_1_313' title='bbox 1186 4196 1558 4256; x_wconf 87' lang='lat' dir='ltr'><em>existimavit.</em></span> <span class='ocrx_word' id='word_1_314' title='bbox 1635 4203 1694 4256; x_wconf 90' lang='lat' dir='ltr'><em>et</em></span> <span class='ocrx_word' id='word_1_315' title='bbox 1750 4199 1810 4255; x_wconf 79' lang='lat' dir='ltr'><em>in</em></span> <span class='ocrx_word' id='word_1_316' title='bbox 1868 4213 1936 4255; x_wconf 91' lang='lat' dir='ltr'><em>eo</em></span> <span class='ocrx_word' id='word_1_317' title='bbox 1998 4196 2153 4255; x_wconf 83' lang='lat' dir='ltr'><em>libro</em></span> <span class='ocrx_word' id='word_1_318' title='bbox 2201 4202 2314 4274; x_wconf 86' lang='lat' dir='ltr'><em>est,</em></span> <span class='ocrx_word' id='word_1_319' title='bbox 2374 4197 2586 4254; x_wconf 82' lang='lat' dir='ltr'><em>scitius</em></span> <span class='ocrx_word' id='word_1_320' title='bbox 2643 4197 2845 4255; x_wconf 80' lang='lat' dir='ltr'><em>dicam</em></span> 
     </span>
     <span class='ocr_line' id='line_1_37' title="bbox 559 4298 2844 4381; baseline 0 -21"><span class='ocrx_word' id='word_1_321' title='bbox 559 4302 815 4360; x_wconf 87' lang='lat' dir='ltr'><em>coniecit</em></span> <span class='ocrx_word' id='word_1_322' title='bbox 852 4298 1145 4379; x_wconf 88' lang='lat' dir='ltr'><em>Hauptius</em></span> <span class='ocrx_word' id='word_1_323' title='bbox 1182 4319 1385 4379; x_wconf 88' lang='lat' dir='ltr'><em>opusc.</em></span> <span class='ocrx_word' id='word_1_324' title='bbox 1425 4320 1475 4361; x_wconf 83' lang='lat' dir='ltr'><em>v,</em></span> <span class='ocrx_word' id='word_1_325' title='bbox 1506 4299 1585 4360; x_wconf 88' lang='lat'><em>111</em></span> <span class='ocrx_word' id='word_1_326' title='bbox 1625 4320 1679 4380; x_wconf 92' lang='lat' dir='ltr'><em>p.</em></span> <span class='ocrx_word' id='word_1_327' title='bbox 1709 4298 1858 4362; x_wconf 90' lang='grc'>420.</span> <span class='ocrx_word' id='word_1_328' title='bbox 1935 4300 2038 4360; x_wconf 89' lang='lat' dir='ltr'><em>sed</em></span> <span class='ocrx_word' id='word_1_329' title='bbox 2079 4304 2251 4361; x_wconf 81' lang='lat' dir='ltr'><em>dieas</em></span> <span class='ocrx_word' id='word_1_330' title='bbox 2291 4319 2497 4360; x_wconf 89' lang='lat' dir='ltr'><em>verum</em></span> <span class='ocrx_word' id='word_1_331' title='bbox 2537 4319 2688 4381; x_wconf 86' lang='lat' dir='ltr'><em>esse,</em></span> <span class='ocrx_word' id='word_1_332' title='bbox 2727 4320 2844 4361; x_wconf 90' lang='lat' dir='ltr'><em>non</em></span> 
     </span>
     <span class='ocr_line' id='line_1_38' title="bbox 559 4406 2845 4487; baseline 0.001 -20"><span class='ocrx_word' id='word_1_333' title='bbox 559 4410 786 4480; x_wconf 83' lang='lat' dir='ltr'><em>dicam,</em></span> <span class='ocrx_word' id='word_1_334' title='bbox 836 4416 894 4465; x_wconf 87' lang='lat' dir='ltr'><em>et</em></span> <span class='ocrx_word' id='word_1_335' title='bbox 942 4409 1237 4486; x_wconf 88' lang='lat' dir='ltr'><em>scriptura</em></span> <span class='ocrx_word' id='word_1_336' title='bbox 1286 4407 1573 4468; x_wconf 87' lang='lat' dir='ltr'><em>librorum</em></span> <span class='ocrx_word' id='word_1_337' title='bbox 1623 4416 1682 4467; x_wconf 87' lang='lat' dir='ltr'><em>et</em></span> <span class='ocrx_word' id='word_1_338' title='bbox 1735 4409 2029 4467; x_wconf 88' lang='lat' dir='ltr'><em>sententia</em></span> <span class='ocrx_word' id='word_1_339' title='bbox 2078 4406 2393 4467; x_wconf 89' lang='lat' dir='ltr'><em>verborum</em></span> <span class='ocrx_word' id='word_1_340' title='bbox 2440 4408 2845 4487; x_wconf 86' lang='lat' dir='ltr'><em>confirmatur,</em></span> 
     </span>
     <span class='ocr_line' id='line_1_39' title="bbox 561 4513 2847 4594; baseline 0.001 -21"><span class='ocrx_word' id='word_1_341' title='bbox 561 4515 842 4592; x_wconf 87' lang='lat' dir='ltr'><em>quoniam</em></span> <span class='ocrx_word' id='word_1_342' title='bbox 899 4531 1018 4572; x_wconf 85' lang='lat' dir='ltr'><em>non</em></span> <span class='ocrx_word' id='word_1_343' title='bbox 1075 4516 1202 4591; x_wconf 89' lang='lat' dir='ltr'><em>ipse</em></span> <span class='ocrx_word' id='word_1_344' title='bbox 1259 4513 1442 4573; x_wconf 90' lang='lat' dir='ltr'><em>Varro</em></span> <span class='ocrx_word' id='word_1_345' title='bbox 1509 4514 1780 4574; x_wconf 87' lang='lat' dir='ltr'><em>dicturus</em></span> <span class='ocrx_word' id='word_1_346' title='bbox 1847 4523 1965 4594; x_wconf 87' lang='lat' dir='ltr'><em>est,</em></span> <span class='ocrx_word' id='word_1_347' title='bbox 1995 4522 2000 4527; x_wconf 80' lang='grc'><em>“</em></span> <span class='ocrx_word' id='word_1_348' title='bbox 2031 4514 2132 4574; x_wconf 88' lang='lat' dir='ltr'><em>sed</em></span> <span class='ocrx_word' id='word_1_349' title='bbox 2194 4513 2493 4574; x_wconf 87' lang='lat' dir='ltr'><em>Stolonem</em></span> <span class='ocrx_word' id='word_1_350' title='bbox 2561 4523 2627 4574; x_wconf 89' lang='lat' dir='ltr'><em>ut</em></span> <span class='ocrx_word' id='word_1_351' title='bbox 2693 4515 2847 4576; x_wconf 90' lang='lat' dir='ltr'><em>dicat</em></span> 
     </span>
    </p>
   </div>
  </div>
 </body>
</html>
