3178 5185
881 428 1141 483 RERVM
1178 428 1658 484 RVSTICARVM
1694 429 1829 485 LIB.
1868 430 1946 484 III
1986 429 2022 484 2
2423 487 2428 491 .
2464 421 2590 487 227

472 580 510 643 7
580 584 817 646 Metuo
876 602 957 644 ne
1015 602 1139 664 pro
1197 583 1371 644 uilla
1429 603 1645 645 emam
1702 587 1888 646 ostia
1945 587 2014 645 in
2072 582 2288 645 litore
2350 587 2589 645 seiana

296 687 541 770 sedes]
605 693 810 754 Ostiae
857 695 920 751 in
975 694 1177 752 littore
1220 694 1467 752 seianas
1514 694 1698 752 aedes
1739 690 1978 752 Merula.
2063 692 2266 753 Ostiae
2305 694 2367 751 in
2408 694 2592 752 'litore

294 795 475 857 deleri
529 798 717 859 voluit
764 797 1032 858 Ursinus,
1118 799 1312 872 Ostia,
1369 798 1528 877 quod
1587 798 1725 858 olim
1783 800 1844 858 in
1904 800 2167 876 margine
2216 797 2446 857 videtur
2494 797 2591 857 ad-

294 907 587 984 scriptum
639 906 840 984 fuisse,
902 904 1135 964 inclusi,
1227 923 1361 964 nam
1420 907 1470 965 si
1518 923 1735 964 nomen
1783 914 2056 984 repetere
2114 903 2344 964 volebat
2390 902 2592 985 Varr0,

300 1013 359 1069 in
417 1012 690 1072 Ostiensi
731 1014 909 1072 litore
956 1013 1154 1090 potius
1202 1010 1400 1072 dicere
1449 1009 1720 1072 debebat,

470 1132 512 1195 8
585 1135 753 1196 Cum
793 1135 1075 1196 diceret
1114 1135 1376 1196 nullam
1417 1154 1487 1195 se
1519 1137 1891 1215 accepisse
1925 1135 2165 1195 uillam
2196 1154 2330 1214 qua
2371 1137 2590 1214 magis

292 1238 708 1303 delectatus
747 1242 978 1319 esset]
1021 1243 1343 1304 Accedisse
1383 1241 1662 1320 Scaliger,
1703 1246 2031 1303 accessisse
2075 1242 2341 1304 Ursinus,
2417 1261 2590 1304 acee-

290 1350 453 1422 pisse
501 1350 940 1429 interpretatur
988 1348 1288 1410 Gesnerus
1337 1345 1527 1409 ‘nulla
1577 1368 1640 1409 se
1690 1349 1820 1409 villa
1869 1359 2177 1428 acceptum
2227 1343 2411 1409 esse’.

474 1469 516 1533 9
588 1472 772 1543 Quid
821 1493 948 1553 gus
997 1476 1239 1553 inquit
1297 1482 1406 1534 est
1461 1476 1599 1532 ista
1649 1471 1861 1550 uilla]
1937 1475 2099 1545 Quid
2151 1476 2342 1547 igitur
2398 1476 2595 1547 inquit

302 1577 455 1638 edita
505 1579 647 1639 inde
697 1580 769 1639 ab
817 1580 1330 1644 Aldinaeditione
1378 1578 1756 1658 exemplaria,
1811 1597 2005 1657 neque
2054 1578 2415 1657 probabilior
2463 1597 2590 1639 cor—

303 1687 461 1763 rupti
512 1686 790 1747 vocabuli
837 1686 1171 1747 emendatio
1219 1688 1454 1746 inventa
1504 1693 1611 1747 est,
1696 1687 1861 1759 quod
1900 1703 2095 1759 yenus
2134 1688 2327 1760 inquit
2370 1685 2592 1763 Popma

297 1793 574 1853 coniecit,
902 1796 906 1800 ’

468 1915 846 1978 Nummius
896 1917 1069 1977 uilla
1117 1926 1232 1978 tua
1292 1915 1416 1993 eit]
1476 1918 1607 1977 Non
1663 1919 1860 1976 minus
1908 1919 2050 1976 villa
2109 1924 2215 1976 tua
2262 1919 2383 1976 erit
2437 1916 2590 1977 edita

296 2022 429 2083 inde
488 2043 522 2083 a
586 2026 853 2102 principe
912 2025 1170 2084 editione
1228 2023 1614 2104 exemplaria,
1671 2040 1813 2083 num
1868 2025 2065 2082 minus
2121 2027 2263 2083 villa
2319 2029 2426 2082 tua
2475 2027 2595 2083 erit

295 2126 626 2208 Madvigius
692 2131 918 2190 advers,
958 2149 1007 2190 v,
1046 2129 1099 2188 ll
1148 2150 1201 2208 p.
1246 2126 1391 2191 180.
1483 2147 1677 2207 neque
1736 2130 1807 2189 de
1866 2128 2066 2188 futuro
2137 2137 2403 2207 tempore
2473 2133 2594 2188 erit

295 2233 686 2296 dubitandum
738 2245 856 2297 est:
904 2235 956 2294 11
999 2233 1053 2317 1,
1083 2233 1168 2297 25
1217 2254 1334 2311 quo
1375 2243 1559 2313 paeto
1608 2239 1765 2296 enim
1813 2243 1995 2296 erunt
2030 2253 2298 2295 novenae
2337 2238 2591 2311 partes?

296 2349 352 2400 et
398 2343 675 2403 similiter
723 2341 748 2401 Ι
786 2340 845 2423 2,
876 2340 955 2402 21
1007 2346 1097 2404 sie
1153 2346 1454 2404 venalium
1497 2342 1743 2417 yreyes'
1769 2345 2036 2402 dicemus
2092 2345 2237 2416 aqri
2281 2346 2587 2402 culturam

296 2467 435 2523 esse,
485 2448 567 2510 ib,
614 2453 705 2510 sic
751 2452 933 2510 etiam
980 2469 1081 2510 res
1129 2454 1290 2510 aliae
1327 2458 1510 2510 erunt
1555 2451 1985 2510 adsumendae.

476 2571 563 2635 10
628 2573 867 2635 Nihilo
907 2577 1139 2636 minus
1180 2594 1336 2636 esse
1378 2574 1620 2635 uillam
1662 2591 1805 2634 eam
1838 2592 2014 2653 quae
2054 2583 2252 2636 esset
2290 2574 2586 2655 simplex

297 2684 644 2742 rusticam
713 2700 918 2761 quam
987 2700 1132 2741 eam
1201 2683 1270 2741 in
1337 2700 1471 2760 quo
1538 2690 1734 2741 esset
1799 2690 2185 2760 utrumque
2253 2689 2320 2741 et
2387 2699 2464 2741 ea
2523 2690 2592 2740 et

300 2787 607 2864 urbana]
668 2790 762 2848 Ea
810 2807 968 2863 quae
1015 2795 1169 2849 esset
1210 2790 1465 2865 simplex
1520 2790 1756 2848 rustica
1806 2787 1985 2847 editio
2033 2790 2312 2867 princeps
2359 2807 2389 2848 a
2437 2787 2588 2848 Poli-

308 2895 463 2954 tiano
517 2913 636 2954 non
683 2904 972 2975 correcta,
1020 2912 1153 2955 eam
1192 2928 1276 2972 -.-
1316 2897 1612 2954 rusticam
1650 2893 1997 2972 apographa.
2074 2912 2206 2954 eam
2243 2912 2402 2969 quae
2439 2901 2595 2954 esset

297 3004 553 3078 simplex
613 3005 875 3075 rustica,
932 3018 1113 3074 quam
1161 3018 1294 3061 eam
1352 3004 1414 3060 in
1479 3018 1602 3074 qua
1649 3007 1803 3060 esset
1857 3008 2186 3074 utrunque,
2243 3009 2302 3059 et
2354 3004 2591 3062 rustica

299 3111 535 3168 scilieet
579 3115 639 3168 et
684 3110 927 3168 urbana
966 3106 1288 3186 IucunduS‚
1334 3106 1436 3167 ubi
1475 3105 1773 3167 Victorius
1813 3125 1880 3166 ex
1924 3103 2194 3186 ‘optimis
2243 3107 2588 3186 exemplari·

299 3210 439 3274 bus'
513 3222 573 3275 et
644 3234 718 3275 ea
793 3222 852 3275 et
914 3216 1156 3274 urbana
1223 3214 1505 3273 restituit,
1600 3221 1660 3274 et
1722 3233 1796 3274 ea
1861 3221 1921 3273 et
1983 3215 2226 3274 urbana
2292 3222 2588 3292 tamquam

302 3319 591 3397 glossema
650 3320 951 3381 Gesnerus
1016 3320 1273 3380 inclusit.
1360 3337 1493 3380 eam
1548 3339 1708 3394 quae
1763 3328 1918 3381 esset
1980 3328 2302 3394 utrumque
2357 3323 2589 3400 scripsi,

303 3427 454 3487 sicut
502 3446 681 3504 supra
729 3430 880 3502 quid
923 3435 1012 3488 est
1057 3431 1173 3487 ista
1229 3430 1372 3487 villa
1429 3429 1717 3505 scriptum
1769 3436 1920 3500 erat,
1977 3429 2165 3487 nihilo
2220 3430 2417 3487 minus
2463 3446 2591 3489 esse

305 3536 501 3595 villam
559 3552 693 3594 eam
749 3552 907 3610 quae
962 3542 1115 3594 esset
1167 3537 1422 3610 simplex
1477 3537 1741 3606 rustica,
1802 3551 1982 3607 quam
2041 3551 2174 3593 eam
2229 3553 2387 3608 quae
2438 3542 2592 3595 esset

306 3647 643 3715 utrumque,
692 3649 751 3702 et
795 3660 870 3701 ea
916 3649 976 3701 et
1021 3642 1282 3701 urbana,
1362 3639 1528 3700 villae
1577 3642 1815 3700 nomine
1864 3658 1983 3700 non
2033 3642 2227 3699 minus
2276 3641 2447 3719 digna
2498 3648 2589 3700 est

307 3764 368 3806 ea
417 3766 568 3826 quae
618 3748 866 3826 simplex
913 3750 1136 3808 rustica
1186 3757 1293 3828 est,
1341 3766 1517 3826 quam
1566 3765 1633 3806 ea
1681 3765 1832 3826 quae
1880 3746 2056 3807 simul
2094 3754 2153 3806 et
2196 3750 2414 3807 rustica
2455 3746 2587 3806 villa

307 3861 393 3913 est
439 3861 688 3933 propter
735 3853 993 3914 fructum
1043 3861 1102 3913 et
1149 3852 1371 3913 urbana
1420 3861 1664 3933 propter
1711 3861 2001 3913 ornatum.

486 3976 796 4038 Fructus
844 3979 1227 4056 capiantur
1266 3979 1496 4055 magni
1529 4011 1609 4019 —
1644 3987 1884 4037 utrum
1923 3984 2220 4056 propter
2261 3995 2430 4036 oues
2470 3987 2588 4037 aut

306 4093 603 4165 propter
641 4083 845 4162 aues]
894 4086 1234 4162 Cupiuntur
1273 4092 1332 4144 et
1360 4083 1573 4144 deinde
1618 4103 1698 4144 cm
1726 4090 1983 4161 propter
2010 4102 2150 4144 aves
2186 4102 2258 4143 ex
2297 4083 2499 4144 codice
2530 4101 2588 4142 m

304 4189 618 4254 IucunduS.

481 4315 555 4377 11
630 4315 819 4386 Quae
867 4315 947 4375 ad
995 4314 1240 4375 uillam
1289 4318 1349 4376 si
1394 4318 1463 4375 in
1504 4315 1805 4375 aluariis
1845 4333 2020 4394 opus
2061 4312 2375 4391 faciunt]
2418 4315 2489 4373 Si
2525 4316 2587 4373 in

305 4418 433 4482 libri
482 4441 659 4482 manu
720 4423 953 4502 scripti,
1008 4426 1104 4482 sin
1151 4425 1209 4482 in
1257 4424 1533 4501 prIncipe
1597 4423 1853 4483 editione
1901 4421 2226 4482 Politianus
2286 4439 2401 4480 non
2459 4437 2587 4480 cor·

305 4532 469 4590 rexit.
546 4532 808 4589 aluariis
864 4547 998 4588 cum
1045 4528 1335 4589 Politiano
1385 4529 1429 4587 Α
1478 4538 1538 4589 et
1585 4519 1771 4589 codex
1828 4529 2233 4608 FlorentInuS,
2292 4529 2589 4589 alueariis

2060 4629 2163 4681 15*
