<?xml version="1.0" encoding="UTF-8"?>
<!DOCTYPE html PUBLIC "-//W3C//DTD XHTML 1.0 Transitional//EN"
    "http://www.w3.org/TR/xhtml1/DTD/xhtml1-transitional.dtd">
<html xmlns="http://www.w3.org/1999/xhtml" xml:lang="en" lang="en">
 <head>
  <title>
</title>
<meta http-equiv="Content-Type" content="text/html;charset=utf-8" />
  <meta name='ocr-system' content='tesseract 3.04.00' />
  <meta name='ocr-capabilities' content='ocr_page ocr_carea ocr_par ocr_line ocrx_word'/>
</head>
<body>
  <div class='ocr_page' id='page_1' title='image "./mporcicatonisde01catogoog_0462.png"; bbox 0 0 3178 5185; ppageno 0'>
   <div class='ocr_carea' id='block_1_1' title="bbox 619 402 2210 467">
    <p class='ocr_par' dir='ltr' id='par_1_1' title="bbox 619 402 2210 467">
     <span class='ocr_line' id='line_1_1' title="bbox 619 402 2210 467; baseline -0.003 -1"><span class='ocrx_word' id='word_1_1' title='bbox 619 402 748 467; x_wconf 81' lang='grc'><strong>208</strong></span> <span class='ocrx_word' id='word_1_2' title='bbox 1300 410 1681 466; x_wconf 83' lang='grc' dir='ltr'><strong>ΟΟΜΜΕΝΤ.</strong></span> <span class='ocrx_word' id='word_1_3' title='bbox 1719 410 1799 463; x_wconf 91' lang='lat' dir='ltr'><strong>IN</strong></span> <span class='ocrx_word' id='word_1_4' title='bbox 1837 408 2210 464; x_wconf 84' lang='lat' dir='ltr'><strong>VARRONIS</strong></span> 
     </span>
    </p>
   </div>
   <div class='ocr_carea' id='block_1_2' title="bbox 523 563 2914 4608">
    <p class='ocr_par' dir='ltr' id='par_1_2' title="bbox 621 563 2895 771">
     <span class='ocr_line' id='line_1_2' title="bbox 621 563 2895 645; baseline -0.002 -18"><span class='ocrx_word' id='word_1_5' title='bbox 621 585 754 627; x_wconf 90' lang='lat' dir='ltr'><strong>nam</strong></span> <span class='ocrx_word' id='word_1_6' title='bbox 803 565 1065 627; x_wconf 77' lang='lat' dir='ltr'>interdiu</span> <span class='ocrx_word' id='word_1_7' title='bbox 1113 584 1318 626; x_wconf 89' lang='lat' dir='ltr'><strong>omnes</strong></span> <span class='ocrx_word' id='word_1_8' title='bbox 1366 568 1760 626; x_wconf 89' lang='lat' dir='ltr'><strong>communiter</strong></span> <span class='ocrx_word' id='word_1_9' title='bbox 1807 584 2078 645; x_wconf 89' lang='lat' dir='ltr'><strong>pascere,</strong></span> <span class='ocrx_word' id='word_1_10' title='bbox 2125 573 2306 625; x_wconf 89' lang='lat' dir='ltr'><strong>noctu</strong></span> <span class='ocrx_word' id='word_1_11' title='bbox 2355 563 2428 624; x_wconf 88' lang='lat' dir='ltr'><strong>ad</strong></span> <span class='ocrx_word' id='word_1_12' title='bbox 2478 582 2653 625; x_wconf 92' lang='lat' dir='ltr'><strong>suum</strong></span> <span class='ocrx_word' id='word_1_13' title='bbox 2700 582 2895 643; x_wconf 89' lang='lat' dir='ltr'><strong>quem·</strong></span> 
     </span>
     <span class='ocr_line' id='line_1_3' title="bbox 622 680 2207 771; baseline -0.001 -38"><span class='ocrx_word' id='word_1_14' title='bbox 622 692 737 751; x_wconf 88' lang='lat' dir='ltr'><strong>que</strong></span> <span class='ocrx_word' id='word_1_15' title='bbox 785 691 1023 752; x_wconf 87' lang='lat' dir='ltr'><strong>gregem</strong></span> <span class='ocrx_word' id='word_1_16' title='bbox 1075 681 1425 751; x_wconf 86' lang='lat' dir='ltr'><strong>pernoctare</strong></span> <span class='ocrx_word' id='word_1_17' title='bbox 1472 680 1724 751; x_wconf 82' lang='lat' dir='ltr'><strong>oportet.</strong></span> <span class='ocrx_word' id='word_1_18' title='bbox 2182 738 2207 771; x_wconf 42' lang='lat' dir='ltr'>x</span> 
     </span>
    </p>

    <p class='ocr_par' dir='ltr' id='par_1_3' title="bbox 615 778 2899 1616">
     <span class='ocr_line' id='line_1_4' title="bbox 799 778 2894 859; baseline -0.002 -19"><span class='ocrx_word' id='word_1_19' title='bbox 799 778 840 841; x_wconf 80' lang='lat'><strong><em>2</em></strong></span> <span class='ocrx_word' id='word_1_20' title='bbox 905 778 1100 850; x_wconf 89' lang='lat' dir='ltr'><strong>Quod</strong></span> <span class='ocrx_word' id='word_1_21' title='bbox 1166 781 1227 840; x_wconf 88' lang='lat' dir='ltr'><strong>is</strong></span> <span class='ocrx_word' id='word_1_22' title='bbox 1294 782 1413 859; x_wconf 93' lang='lat' dir='ltr'><strong>qui</strong></span> <span class='ocrx_word' id='word_1_23' title='bbox 1477 788 1712 840; x_wconf 87' lang='lat' dir='ltr'><strong>aetate</strong></span> <span class='ocrx_word' id='word_1_24' title='bbox 1787 789 1856 840; x_wconf 87' lang='lat' dir='ltr'><strong>et</strong></span> <span class='ocrx_word' id='word_1_25' title='bbox 1921 781 2230 840; x_wconf 88' lang='lat' dir='ltr'><strong>scientia</strong></span> <span class='ocrx_word' id='word_1_26' title='bbox 2296 786 2616 858; x_wconf 80' lang='lat' dir='ltr'>praestat</span> <span class='ocrx_word' id='word_1_27' title='bbox 2677 779 2894 837; x_wconf 91' lang='lat' dir='ltr'><strong>auimo</strong></span> 
     </span>
     <span class='ocr_line' id='line_1_5' title="bbox 622 883 2893 967; baseline -0.002 -20"><span class='ocrx_word' id='word_1_28' title='bbox 622 889 963 967; x_wconf 82' lang='lat' dir='ltr'><strong>aequiore</strong></span> <span class='ocrx_word' id='word_1_29' title='bbox 1030 886 1297 966; x_wconf 86' lang='lat' dir='ltr'><strong>reliqui</strong></span> <span class='ocrx_word' id='word_1_30' title='bbox 1362 884 1651 966; x_wconf 86' lang='lat' dir='ltr'><strong>parent]</strong></span> <span class='ocrx_word' id='word_1_31' title='bbox 1711 888 1885 959; x_wconf 75' lang='lat' dir='ltr'><strong>Quod</strong></span> <span class='ocrx_word' id='word_1_32' title='bbox 1937 890 1987 947; x_wconf 92' lang='lat' dir='ltr'><strong>is</strong></span> <span class='ocrx_word' id='word_1_33' title='bbox 2043 889 2152 961; x_wconf 83' lang='lat' dir='ltr'><strong>qui</strong></span> <span class='ocrx_word' id='word_1_34' title='bbox 2192 919 2280 928; x_wconf 94' lang='grc'><strong>--</strong></span> <span class='ocrx_word' id='word_1_35' title='bbox 2317 891 2601 962; x_wconf 80' lang='lat' dir='ltr'><strong>praestat</strong></span> <span class='ocrx_word' id='word_1_36' title='bbox 2654 883 2893 962; x_wconf 91' lang='lat' dir='ltr'><strong>plurima</strong></span> 
     </span>
     <span class='ocr_line' id='line_1_6' title="bbox 622 992 2895 1074; baseline -0.001 -20"><span class='ocrx_word' id='word_1_37' title='bbox 622 995 954 1074; x_wconf 86' lang='lat' dir='ltr'><strong>apographa</strong></span> <span class='ocrx_word' id='word_1_38' title='bbox 1001 1004 1061 1054; x_wconf 87' lang='lat' dir='ltr'><strong>et</strong></span> <span class='ocrx_word' id='word_1_39' title='bbox 1106 994 1286 1055; x_wconf 85' lang='lat' dir='ltr'><strong>editio</strong></span> <span class='ocrx_word' id='word_1_40' title='bbox 1345 996 1623 1073; x_wconf 87' lang='lat' dir='ltr'><strong>princeps</strong></span> <span class='ocrx_word' id='word_1_41' title='bbox 1671 1012 1701 1052; x_wconf 92' lang='lat' dir='ltr'><strong>a</strong></span> <span class='ocrx_word' id='word_1_42' title='bbox 1752 992 2036 1053; x_wconf 89' lang='lat' dir='ltr'><strong>Politiano</strong></span> <span class='ocrx_word' id='word_1_43' title='bbox 2093 1012 2212 1053; x_wconf 92' lang='lat' dir='ltr'><strong>non</strong></span> <span class='ocrx_word' id='word_1_44' title='bbox 2269 1000 2564 1073; x_wconf 87' lang='lat' dir='ltr'><strong>correcta,</strong></span> <span class='ocrx_word' id='word_1_45' title='bbox 2618 994 2780 1066; x_wconf 82' lang='lat' dir='ltr'><strong>quod</strong></span> <span class='ocrx_word' id='word_1_46' title='bbox 2829 995 2895 1051; x_wconf 86' lang='lat' dir='ltr'><strong>iis</strong></span> 
     </span>
     <span class='ocr_line' id='line_1_7' title="bbox 622 1100 2894 1178; baseline -0.002 -15"><span class='ocrx_word' id='word_1_47' title='bbox 622 1107 728 1178; x_wconf 86' lang='lat' dir='ltr'><strong>qui</strong></span> <span class='ocrx_word' id='word_1_48' title='bbox 778 1136 851 1146; x_wconf 88' lang='lat'><strong>--</strong></span> <span class='ocrx_word' id='word_1_49' title='bbox 897 1108 1222 1178; x_wconf 80' lang='lat' dir='ltr'><strong>praestant</strong></span> <span class='ocrx_word' id='word_1_50' title='bbox 1275 1119 1342 1160; x_wconf 87' lang='lat' dir='ltr'><strong>ex</strong></span> <span class='ocrx_word' id='word_1_51' title='bbox 1404 1100 1607 1161; x_wconf 90' lang='lat' dir='ltr'><strong>codice</strong></span> <span class='ocrx_word' id='word_1_52' title='bbox 1657 1120 1714 1160; x_wconf 92' lang='lat' dir='ltr'><strong>m</strong></span> <span class='ocrx_word' id='word_1_53' title='bbox 1770 1102 1831 1160; x_wconf 91' lang='lat' dir='ltr'><strong>in</strong></span> <span class='ocrx_word' id='word_1_54' title='bbox 1878 1100 2144 1161; x_wconf 88' lang='lat' dir='ltr'><strong>Aldinam</strong></span> <span class='ocrx_word' id='word_1_55' title='bbox 2202 1100 2520 1160; x_wconf 79' lang='lat' dir='ltr'><strong>editionem</strong></span> <span class='ocrx_word' id='word_1_56' title='bbox 2584 1107 2894 1177; x_wconf 88' lang='lat' dir='ltr'><strong>receptum,</strong></span> 
     </span>
     <span class='ocr_line' id='line_1_8' title="bbox 621 1206 2893 1287; baseline -0.003 -18"><span class='ocrx_word' id='word_1_57' title='bbox 621 1229 693 1270; x_wconf 84' lang='lat' dir='ltr'><strong>ex</strong></span> <span class='ocrx_word' id='word_1_58' title='bbox 739 1209 847 1269; x_wconf 87' lang='lat' dir='ltr'><strong>bac</strong></span> <span class='ocrx_word' id='word_1_59' title='bbox 895 1208 967 1268; x_wconf 91' lang='lat' dir='ltr'><strong>ad</strong></span> <span class='ocrx_word' id='word_1_60' title='bbox 1014 1207 1272 1287; x_wconf 92' lang='lat' dir='ltr'><strong>reliquas</strong></span> <span class='ocrx_word' id='word_1_61' title='bbox 1319 1215 1708 1287; x_wconf 87' lang='lat' dir='ltr'><strong>propagatum</strong></span> <span class='ocrx_word' id='word_1_62' title='bbox 1754 1216 1899 1268; x_wconf 90' lang='lat' dir='ltr'><strong>erat.</strong></span> <span class='ocrx_word' id='word_1_63' title='bbox 1993 1210 2270 1268; x_wconf 86' lang='lat' dir='ltr'><strong>restituto</strong></span> <span class='ocrx_word' id='word_1_64' title='bbox 2326 1206 2611 1285; x_wconf 82' lang='lat' dir='ltr'><strong>singulari</strong></span> <span class='ocrx_word' id='word_1_65' title='bbox 2659 1224 2893 1267; x_wconf 90' lang='lat' dir='ltr'><strong>numero</strong></span> 
     </span>
     <span class='ocr_line' id='line_1_9' title="bbox 615 1314 2899 1397; baseline -0.002 -20"><span class='ocrx_word' id='word_1_66' title='bbox 615 1324 919 1397; x_wconf 83' lang='lat' dir='ltr'><strong>praestat,</strong></span> <span class='ocrx_word' id='word_1_67' title='bbox 976 1318 1076 1395; x_wconf 91' lang='lat' dir='ltr'><strong>qui</strong></span> <span class='ocrx_word' id='word_1_68' title='bbox 1133 1316 1194 1375; x_wconf 88' lang='lat' dir='ltr'><strong>in</strong></span> <span class='ocrx_word' id='word_1_69' title='bbox 1252 1314 1571 1394; x_wconf 84' lang='lat' dir='ltr'><strong>archetypo</strong></span> <span class='ocrx_word' id='word_1_70' title='bbox 1622 1315 1755 1395; x_wconf 82' lang='lat' dir='ltr'><strong>fuit,</strong></span> <span class='ocrx_word' id='word_1_71' title='bbox 1813 1315 2053 1393; x_wconf 77' lang='lat' dir='ltr'><strong>scripsi</strong></span> <span class='ocrx_word' id='word_1_72' title='bbox 2091 1317 2256 1389; x_wconf 84' lang='lat' dir='ltr'><strong>quod</strong></span> <span class='ocrx_word' id='word_1_73' title='bbox 2315 1317 2375 1375; x_wconf 90' lang='lat' dir='ltr'><strong>ei</strong></span> <span class='ocrx_word' id='word_1_74' title='bbox 2435 1317 2543 1388; x_wconf 82' lang='lat' dir='ltr'><strong>qui</strong></span> <span class='ocrx_word' id='word_1_75' title='bbox 2596 1321 2795 1374; x_wconf 89' lang='lat' dir='ltr'><strong>aetate</strong></span> <span class='ocrx_word' id='word_1_76' title='bbox 2846 1320 2899 1372; x_wconf 87' lang='lat' dir='ltr'><strong>et</strong></span> 
     </span>
     <span class='ocr_line' id='line_1_10' title="bbox 622 1420 2897 1501; baseline -0.003 -16"><span class='ocrx_word' id='word_1_77' title='bbox 622 1427 880 1485; x_wconf 88' lang='lat' dir='ltr'><strong>scientia</strong></span> <span class='ocrx_word' id='word_1_78' title='bbox 920 1429 1223 1500; x_wconf 79' lang='lat' dir='ltr'><strong>praestat,</strong></span> <span class='ocrx_word' id='word_1_79' title='bbox 1273 1421 1427 1500; x_wconf 89' lang='lat' dir='ltr'><strong>quod</strong></span> <span class='ocrx_word' id='word_1_80' title='bbox 1491 1423 1684 1501; x_wconf 90' lang='lat' dir='ltr'><strong>ipsum</strong></span> <span class='ocrx_word' id='word_1_81' title='bbox 1734 1420 2181 1482; x_wconf 90' lang='lat' dir='ltr'><strong>commendatur</strong></span> <span class='ocrx_word' id='word_1_82' title='bbox 2236 1422 2310 1481; x_wconf 92' lang='lat' dir='ltr'><strong>iis</strong></span> <span class='ocrx_word' id='word_1_83' title='bbox 2367 1439 2517 1500; x_wconf 87' lang='lat' dir='ltr'><strong>quae</strong></span> <span class='ocrx_word' id='word_1_84' title='bbox 2576 1428 2897 1500; x_wconf 89' lang='lat' dir='ltr'><strong>sequuntur</strong></span> 
     </span>
     <span class='ocr_line' id='line_1_11' title="bbox 624 1531 2357 1616; baseline -0.002 -25"><span class='ocrx_word' id='word_1_85' title='bbox 624 1535 710 1592; x_wconf 91' lang='lat' dir='ltr'><strong>ita</strong></span> <span class='ocrx_word' id='word_1_86' title='bbox 757 1538 957 1591; x_wconf 89' lang='lat' dir='ltr'><strong>tamen</strong></span> <span class='ocrx_word' id='word_1_87' title='bbox 1003 1536 1239 1606; x_wconf 84' lang='lat' dir='ltr'><strong>oportet</strong></span> <span class='ocrx_word' id='word_1_88' title='bbox 1282 1535 1483 1589; x_wconf 87' lang='lat' dir='ltr'><strong>aetate</strong></span> <span class='ocrx_word' id='word_1_89' title='bbox 1521 1536 1867 1605; x_wconf 87' lang='lat' dir='ltr'><strong>praestare,</strong></span> <span class='ocrx_word' id='word_1_90' title='bbox 1914 1535 1983 1616; x_wconf 85' lang='lat' dir='ltr'><strong>ut</strong></span> <span class='ocrx_word' id='word_1_91' title='bbox 2025 1562 2113 1572; x_wconf 90' lang='lat'><strong>—</strong></span> <span class='ocrx_word' id='word_1_92' title='bbox 2153 1531 2357 1605; x_wconf 79' lang='lat' dir='ltr'><strong>possit.</strong></span> 
     </span>
    </p>

    <p class='ocr_par' dir='ltr' id='par_1_4' title="bbox 610 1634 2911 2465">
     <span class='ocr_line' id='line_1_12' title="bbox 792 1634 2900 1715; baseline -0.001 -18"><span class='ocrx_word' id='word_1_93' title='bbox 792 1634 836 1697; x_wconf 91' lang='lat'>4</span> <span class='ocrx_word' id='word_1_94' title='bbox 896 1636 1137 1715; x_wconf 90' lang='lat' dir='ltr'><strong>Neque</strong></span> <span class='ocrx_word' id='word_1_95' title='bbox 1186 1635 1530 1696; x_wconf 89' lang='lat' dir='ltr'><strong>basculus</strong></span> <span class='ocrx_word' id='word_1_96' title='bbox 1587 1654 1815 1714; x_wconf 88' lang='lat' dir='ltr'><strong>neque</strong></span> <span class='ocrx_word' id='word_1_97' title='bbox 1875 1636 2219 1698; x_wconf 88' lang='lat' dir='ltr'><strong>turdulus</strong></span> <span class='ocrx_word' id='word_1_98' title='bbox 2273 1634 2517 1696; x_wconf 87' lang='lat' dir='ltr'><strong>idonei</strong></span> <span class='ocrx_word' id='word_1_99' title='bbox 2572 1634 2744 1714; x_wconf 89' lang='lat' dir='ltr'><strong>galli</strong></span> <span class='ocrx_word' id='word_1_100' title='bbox 2795 1652 2900 1712; x_wconf 90' lang='lat' dir='ltr'><strong>ap-</strong></span> 
     </span>
     <span class='ocr_line' id='line_1_13' title="bbox 618 1741 2899 1823; baseline -0.001 -19"><span class='ocrx_word' id='word_1_101' title='bbox 618 1746 887 1823; x_wconf 81' lang='lat' dir='ltr'><strong>positis</strong></span> <span class='ocrx_word' id='word_1_102' title='bbox 946 1745 1003 1802; x_wconf 90' lang='lat' dir='ltr'><strong>si</strong></span> <span class='ocrx_word' id='word_1_103' title='bbox 1061 1744 1349 1803; x_wconf 82' lang='lat' dir='ltr'><strong>maxime</strong></span> <span class='ocrx_word' id='word_1_104' title='bbox 1399 1742 1478 1802; x_wconf 91' lang='lat' dir='ltr'><strong>ad</strong></span> <span class='ocrx_word' id='word_1_105' title='bbox 1528 1741 1875 1820; x_wconf 88' lang='lat' dir='ltr'><strong>iumenta]</strong></span> <span class='ocrx_word' id='word_1_106' title='bbox 1927 1745 2370 1820; x_wconf 73' lang='lat' dir='ltr'><strong>Appositis-simi</strong></span> <span class='ocrx_word' id='word_1_107' title='bbox 2412 1742 2727 1821; x_wconf 79' lang='lat' dir='ltr'><strong>VictoriuS,</strong></span> <span class='ocrx_word' id='word_1_108' title='bbox 2774 1760 2899 1802; x_wconf 91' lang='lat' dir='ltr'><strong>con·</strong></span> 
     </span>
     <span class='ocr_line' id='line_1_14' title="bbox 620 1845 2901 1930; baseline -0 -20"><span class='ocrx_word' id='word_1_109' title='bbox 620 1861 789 1911; x_wconf 85' lang='lat' dir='ltr'><strong>sueto</strong></span> <span class='ocrx_word' id='word_1_110' title='bbox 837 1852 898 1909; x_wconf 89' lang='lat' dir='ltr'><strong>in</strong></span> <span class='ocrx_word' id='word_1_111' title='bbox 944 1850 1038 1909; x_wconf 91' lang='lat' dir='ltr'><strong>his</strong></span> <span class='ocrx_word' id='word_1_112' title='bbox 1085 1848 1253 1909; x_wconf 90' lang='lat' dir='ltr'><strong>libris</strong></span> <span class='ocrx_word' id='word_1_113' title='bbox 1305 1868 1414 1909; x_wconf 89' lang='lat' dir='ltr'><strong>usu</strong></span> <span class='ocrx_word' id='word_1_114' title='bbox 1456 1848 1748 1930; x_wconf 80' lang='lat' dir='ltr'><strong>vocabuli,</strong></span> <span class='ocrx_word' id='word_1_115' title='bbox 1795 1849 1819 1909; x_wconf 89' lang='grc' dir='ltr'>Ι</span> <span class='ocrx_word' id='word_1_116' title='bbox 1860 1847 1917 1929; x_wconf 82' lang='lat'><strong>7,</strong></span> <span class='ocrx_word' id='word_1_117' title='bbox 1955 1846 1996 1911; x_wconf 87' lang='lat'>5</span> <span class='ocrx_word' id='word_1_118' title='bbox 2046 1853 2132 1911; x_wconf 89' lang='lat' dir='ltr'><strong>ad</strong></span> <span class='ocrx_word' id='word_1_119' title='bbox 2174 1853 2351 1911; x_wconf 85' lang='lat' dir='ltr'><strong>vitem</strong></span> <span class='ocrx_word' id='word_1_120' title='bbox 2398 1852 2738 1926; x_wconf 89' lang='lat' dir='ltr'><strong>adpositus,</strong></span> <span class='ocrx_word' id='word_1_121' title='bbox 2776 1846 2832 1930; x_wconf 87' lang='lat'><strong>9,</strong></span> <span class='ocrx_word' id='word_1_122' title='bbox 2865 1845 2901 1909; x_wconf 84' lang='lat'>5</span> 
     </span>
     <span class='ocr_line' id='line_1_15' title="bbox 621 1954 2900 2039; baseline -0.001 -21"><span class='ocrx_word' id='word_1_123' title='bbox 621 1962 708 2019; x_wconf 89' lang='lat' dir='ltr'><strong>ad</strong></span> <span class='ocrx_word' id='word_1_124' title='bbox 748 1960 1038 2019; x_wconf 90' lang='lat' dir='ltr'><strong>serendos</strong></span> <span class='ocrx_word' id='word_1_125' title='bbox 1082 1961 1361 2018; x_wconf 88' lang='lat' dir='ltr'><strong>surculos</strong></span> <span class='ocrx_word' id='word_1_126' title='bbox 1381 1990 1468 2000; x_wconf 91' lang='lat'>—</span> <span class='ocrx_word' id='word_1_127' title='bbox 1489 1960 1817 2034; x_wconf 74' lang='lat' dir='ltr'><strong>adpositu3‚</strong></span> <span class='ocrx_word' id='word_1_128' title='bbox 1865 1954 1968 2039; x_wconf 80' lang='lat'><strong>23,</strong></span> <span class='ocrx_word' id='word_1_129' title='bbox 2011 1955 2043 2018; x_wconf 89' lang='lat'>1</span> <span class='ocrx_word' id='word_1_130' title='bbox 2096 1961 2221 2019; x_wconf 88' lang='lat' dir='ltr'><strong>alia</strong></span> <span class='ocrx_word' id='word_1_131' title='bbox 2260 1961 2416 2019; x_wconf 87' lang='lat' dir='ltr'><strong>enim</strong></span> <span class='ocrx_word' id='word_1_132' title='bbox 2456 1962 2594 2019; x_wconf 91' lang='lat' dir='ltr'><strong>loca</strong></span> <span class='ocrx_word' id='word_1_133' title='bbox 2634 1959 2900 2034; x_wconf 87' lang='lat' dir='ltr'><strong>adposita</strong></span> 
     </span>
     <span class='ocr_line' id='line_1_16' title="bbox 616 2060 2911 2146; baseline 0 -22"><span class='ocrx_word' id='word_1_134' title='bbox 616 2073 758 2125; x_wconf 88' lang='lat' dir='ltr'><strong>sunt</strong></span> <span class='ocrx_word' id='word_1_135' title='bbox 818 2068 905 2125; x_wconf 90' lang='lat' dir='ltr'><strong>ad</strong></span> <span class='ocrx_word' id='word_1_136' title='bbox 951 2063 1230 2139; x_wconf 84' lang='lat' dir='ltr'><strong>faenum,</strong></span> <span class='ocrx_word' id='word_1_137' title='bbox 1295 2062 1347 2122; x_wconf 88' lang='lat'><strong>11</strong></span> <span class='ocrx_word' id='word_1_138' title='bbox 1393 2064 1575 2144; x_wconf 85' lang='lat' dir='ltr'><strong>praef.</strong></span> <span class='ocrx_word' id='word_1_139' title='bbox 1617 2063 1659 2124; x_wconf 81' lang='lat'>5</span> <span class='ocrx_word' id='word_1_140' title='bbox 1714 2068 1800 2125; x_wconf 91' lang='lat' dir='ltr'><strong>ad</strong></span> <span class='ocrx_word' id='word_1_141' title='bbox 1858 2068 1924 2125; x_wconf 91' lang='lat' dir='ltr'><strong>id</strong></span> <span class='ocrx_word' id='word_1_142' title='bbox 1970 2064 2161 2142; x_wconf 83' lang='lat' dir='ltr'><strong>pecus</strong></span> <span class='ocrx_word' id='word_1_143' title='bbox 2216 2069 2582 2142; x_wconf 87' lang='lat' dir='ltr'><strong>adpositum,</strong></span> <span class='ocrx_word' id='word_1_144' title='bbox 2652 2063 2709 2146; x_wconf 86' lang='lat'><strong>7,</strong></span> <span class='ocrx_word' id='word_1_145' title='bbox 2747 2060 2788 2125; x_wconf 86' lang='lat'>5</span> <span class='ocrx_word' id='word_1_146' title='bbox 2831 2067 2911 2124; x_wconf 86' lang='lat' dir='ltr'><strong>ad</strong></span> 
     </span>
     <span class='ocr_line' id='line_1_17' title="bbox 623 2167 2908 2252; baseline 0 -20"><span class='ocrx_word' id='word_1_147' title='bbox 623 2175 979 2233; x_wconf 87' lang='lat' dir='ltr'><strong>medendum</strong></span> <span class='ocrx_word' id='word_1_148' title='bbox 1018 2174 1345 2250; x_wconf 74' lang='lat' dir='ltr'><strong>adposituS,</strong></span> <span class='ocrx_word' id='word_1_149' title='bbox 1383 2170 1462 2230; x_wconf 91' lang='lat'><strong>111</strong></span> <span class='ocrx_word' id='word_1_150' title='bbox 1492 2167 1551 2252; x_wconf 87' lang='lat'><strong>8,</strong></span> <span class='ocrx_word' id='word_1_151' title='bbox 1582 2169 1624 2233; x_wconf 88' lang='lat'><strong>3</strong></span> <span class='ocrx_word' id='word_1_152' title='bbox 1663 2175 1750 2232; x_wconf 92' lang='lat' dir='ltr'><strong>ad</strong></span> <span class='ocrx_word' id='word_1_153' title='bbox 1782 2175 2190 2247; x_wconf 73' lang='lat' dir='ltr'><strong>saqinandum</strong></span> <span class='ocrx_word' id='word_1_154' title='bbox 2228 2175 2738 2250; x_wconf 78' lang='lat' dir='ltr'><strong>adpositissimam</strong></span> <span class='ocrx_word' id='word_1_155' title='bbox 2775 2179 2908 2232; x_wconf 87' lang='lat' dir='ltr'><strong>tem-</strong></span> 
     </span>
     <span class='ocr_line' id='line_1_18' title="bbox 610 2275 2911 2359; baseline -0.001 -19"><span class='ocrx_word' id='word_1_156' title='bbox 610 2298 745 2355; x_wconf 87' lang='lat' dir='ltr'><strong>pus,</strong></span> <span class='ocrx_word' id='word_1_157' title='bbox 793 2276 852 2359; x_wconf 89' lang='grc'><strong>9,</strong></span> <span class='ocrx_word' id='word_1_158' title='bbox 896 2275 935 2338; x_wconf 88' lang='grc'><strong>9</strong></span> <span class='ocrx_word' id='word_1_159' title='bbox 987 2281 1468 2354; x_wconf 84' lang='lat' dir='ltr'><strong>adpositissimae</strong></span> <span class='ocrx_word' id='word_1_160' title='bbox 1514 2282 1602 2339; x_wconf 93' lang='lat' dir='ltr'><strong>ad</strong></span> <span class='ocrx_word' id='word_1_161' title='bbox 1637 2286 1903 2355; x_wconf 88' lang='lat' dir='ltr'><strong>partum.</strong></span> <span class='ocrx_word' id='word_1_162' title='bbox 1995 2288 2301 2358; x_wconf 87' lang='lat' dir='ltr'><strong>praeterea</strong></span> <span class='ocrx_word' id='word_1_163' title='bbox 2362 2280 2642 2340; x_wconf 87' lang='lat' dir='ltr'><strong>Vastulus</strong></span> <span class='ocrx_word' id='word_1_164' title='bbox 2703 2280 2911 2357; x_wconf 84' lang='lat' dir='ltr'><strong>scripsi</strong></span> 
     </span>
     <span class='ocr_line' id='line_1_19' title="bbox 626 2384 2351 2465; baseline 0.001 -20"><span class='ocrx_word' id='word_1_165' title='bbox 626 2405 734 2465; x_wconf 90' lang='lat' dir='ltr'><strong>pro</strong></span> <span class='ocrx_word' id='word_1_166' title='bbox 782 2404 853 2446; x_wconf 94' lang='lat' dir='ltr'><strong>eo</strong></span> <span class='ocrx_word' id='word_1_167' title='bbox 902 2385 1060 2464; x_wconf 88' lang='lat' dir='ltr'><strong>quod</strong></span> <span class='ocrx_word' id='word_1_168' title='bbox 1107 2384 1298 2445; x_wconf 86' lang='lat' dir='ltr'><strong>adbuc</strong></span> <span class='ocrx_word' id='word_1_169' title='bbox 1344 2387 1402 2445; x_wconf 87' lang='lat' dir='ltr'><strong>in</strong></span> <span class='ocrx_word' id='word_1_170' title='bbox 1454 2384 1814 2447; x_wconf 79' lang='lat' dir='ltr'><strong>editionibus</strong></span> <span class='ocrx_word' id='word_1_171' title='bbox 1863 2398 1990 2447; x_wconf 88' lang='lat' dir='ltr'><strong>erat</strong></span> <span class='ocrx_word' id='word_1_172' title='bbox 2037 2388 2351 2448; x_wconf 87' lang='lat' dir='ltr'><strong>Basculus.</strong></span> 
     </span>
    </p>

    <p class='ocr_par' dir='ltr' id='par_1_5' title="bbox 621 2480 2912 2786">
     <span class='ocr_line' id='line_1_20' title="bbox 796 2480 2912 2571; baseline 0 -19"><span class='ocrx_word' id='word_1_173' title='bbox 796 2493 929 2554; x_wconf 90' lang='lat' dir='ltr'><strong>Aut</strong></span> <span class='ocrx_word' id='word_1_174' title='bbox 993 2494 1053 2553; x_wconf 88' lang='lat' dir='ltr'><strong>si</strong></span> <span class='ocrx_word' id='word_1_175' title='bbox 1108 2493 1182 2552; x_wconf 92' lang='lat' dir='ltr'><strong>in</strong></span> <span class='ocrx_word' id='word_1_176' title='bbox 1238 2494 1399 2553; x_wconf 91' lang='lat' dir='ltr'><strong>iure</strong></span> <span class='ocrx_word' id='word_1_177' title='bbox 1466 2480 1690 2553; x_wconf 72' lang='lat' dir='ltr'><strong>ces&#39;sit</strong></span> <span class='ocrx_word' id='word_1_178' title='bbox 1738 2495 1854 2553; x_wconf 92' lang='lat' dir='ltr'><strong>cui</strong></span> <span class='ocrx_word' id='word_1_179' title='bbox 1909 2495 2156 2571; x_wconf 89' lang='lat' dir='ltr'><strong>potius</strong></span> <span class='ocrx_word' id='word_1_180' title='bbox 2213 2492 2503 2571; x_wconf 89' lang='lat' dir='ltr'><strong>cedere]</strong></span> <span class='ocrx_word' id='word_1_181' title='bbox 2571 2496 2689 2555; x_wconf 84' lang='lat' dir='ltr'><strong>Cui</strong></span> <span class='ocrx_word' id='word_1_182' title='bbox 2724 2496 2912 2570; x_wconf 88' lang='lat' dir='ltr'><strong>potuit</strong></span> 
     </span>
     <span class='ocr_line' id='line_1_21' title="bbox 621 2599 2910 2684; baseline -0 -22"><span class='ocrx_word' id='word_1_183' title='bbox 621 2604 842 2662; x_wconf 82' lang='lat' dir='ltr'><strong>cedere</strong></span> <span class='ocrx_word' id='word_1_184' title='bbox 888 2600 1044 2660; x_wconf 88' lang='lat' dir='ltr'><strong>edita</strong></span> <span class='ocrx_word' id='word_1_185' title='bbox 1090 2600 1227 2661; x_wconf 89' lang='lat' dir='ltr'><strong>inde</strong></span> <span class='ocrx_word' id='word_1_186' title='bbox 1276 2600 1348 2661; x_wconf 93' lang='lat' dir='ltr'><strong>ab</strong></span> <span class='ocrx_word' id='word_1_187' title='bbox 1387 2599 1597 2661; x_wconf 85' lang='lat' dir='ltr'><strong>Aldina</strong></span> <span class='ocrx_word' id='word_1_188' title='bbox 1646 2601 1904 2662; x_wconf 88' lang='lat' dir='ltr'><strong>editione</strong></span> <span class='ocrx_word' id='word_1_189' title='bbox 1943 2601 2318 2684; x_wconf 87' lang='lat' dir='ltr'><strong>exemplaria,</strong></span> <span class='ocrx_word' id='word_1_190' title='bbox 2354 2605 2461 2676; x_wconf 84' lang='lat' dir='ltr'><strong>qui</strong></span> <span class='ocrx_word' id='word_1_191' title='bbox 2496 2605 2660 2678; x_wconf 90' lang='lat' dir='ltr'><strong>potis</strong></span> <span class='ocrx_word' id='word_1_192' title='bbox 2699 2605 2910 2663; x_wconf 83' lang='lat' dir='ltr'><strong>cedere</strong></span> 
     </span>
     <span class='ocr_line' id='line_1_22' title="bbox 623 2707 2612 2786; baseline 0.001 -19"><span class='ocrx_word' id='word_1_193' title='bbox 623 2707 904 2786; x_wconf 84' lang='lat' dir='ltr'><strong>Scaliger.</strong></span> <span class='ocrx_word' id='word_1_194' title='bbox 995 2710 1103 2782; x_wconf 81' lang='lat' dir='ltr'><strong>qui</strong></span> <span class='ocrx_word' id='word_1_195' title='bbox 1140 2711 1339 2784; x_wconf 88' lang='lat' dir='ltr'><strong>potuit</strong></span> <span class='ocrx_word' id='word_1_196' title='bbox 1384 2711 1606 2769; x_wconf 85' lang='lat' dir='ltr'><strong>cedere</strong></span> <span class='ocrx_word' id='word_1_197' title='bbox 1651 2708 1786 2769; x_wconf 90' lang='lat' dir='ltr'><strong>dedi</strong></span> <span class='ocrx_word' id='word_1_198' title='bbox 1834 2728 1905 2769; x_wconf 87' lang='lat' dir='ltr'><strong>ex</strong></span> <span class='ocrx_word' id='word_1_199' title='bbox 1955 2711 2299 2770; x_wconf 88' lang='lat' dir='ltr'><strong>coniectura</strong></span> <span class='ocrx_word' id='word_1_200' title='bbox 2347 2708 2612 2769; x_wconf 89' lang='lat' dir='ltr'><strong>Gesneri.</strong></span> 
     </span>
    </p>

    <p class='ocr_par' dir='ltr' id='par_1_6' title="bbox 523 2811 2914 3966">
     <span class='ocr_line' id='line_1_23' title="bbox 798 2811 2910 2895; baseline 0 -20"><span class='ocrx_word' id='word_1_201' title='bbox 798 2811 839 2875; x_wconf 83' lang='lat'>5</span> <span class='ocrx_word' id='word_1_202' title='bbox 903 2814 978 2874; x_wconf 90' lang='lat' dir='ltr'><strong>In</strong></span> <span class='ocrx_word' id='word_1_203' title='bbox 1025 2813 1277 2875; x_wconf 89' lang='lat' dir='ltr'><strong>horum</strong></span> <span class='ocrx_word' id='word_1_204' title='bbox 1332 2817 1691 2895; x_wconf 86' lang='lat' dir='ltr'><strong>emptione</strong></span> <span class='ocrx_word' id='word_1_205' title='bbox 1740 2814 1925 2876; x_wconf 90' lang='lat' dir='ltr'><strong>solet</strong></span> <span class='ocrx_word' id='word_1_206' title='bbox 1983 2816 2328 2877; x_wconf 87' lang='lat' dir='ltr'><strong>accedere</strong></span> <span class='ocrx_word' id='word_1_207' title='bbox 2386 2815 2752 2895; x_wconf 89' lang='lat' dir='ltr'><strong>peculium</strong></span> <span class='ocrx_word' id='word_1_208' title='bbox 2799 2824 2910 2875; x_wconf 87' lang='lat' dir='ltr'><strong>aut</strong></span> 
     </span>
     <span class='ocr_line' id='line_1_24' title="bbox 624 2922 2914 3001; baseline 0 -19"><span class='ocrx_word' id='word_1_209' title='bbox 624 2924 940 3001; x_wconf 83' lang='lat' dir='ltr'><strong>excipiet</strong></span> <span class='ocrx_word' id='word_1_210' title='bbox 1004 2922 1384 3001; x_wconf 85' lang='lat' dir='ltr'><strong>stipulatio</strong></span> <span class='ocrx_word' id='word_1_211' title='bbox 1449 2923 1912 2984; x_wconf 86' lang='lat' dir='ltr'><strong>intercedere</strong></span> <span class='ocrx_word' id='word_1_212' title='bbox 1979 2942 2144 2984; x_wconf 89' lang='lat' dir='ltr'><strong>sane</strong></span> <span class='ocrx_word' id='word_1_213' title='bbox 2213 2941 2368 2984; x_wconf 87' lang='lat' dir='ltr'><strong>eum</strong></span> <span class='ocrx_word' id='word_1_214' title='bbox 2435 2922 2623 2998; x_wconf 88' lang='lat' dir='ltr'><strong>esse]</strong></span> <span class='ocrx_word' id='word_1_215' title='bbox 2683 2924 2806 2984; x_wconf 83' lang='lat' dir='ltr'><strong>Aut</strong></span> <span class='ocrx_word' id='word_1_216' title='bbox 2864 2926 2914 2983; x_wconf 85' lang='lat' dir='ltr'><strong>si</strong></span> 
     </span>
     <span class='ocr_line' id='line_1_25' title="bbox 622 3029 2914 3110; baseline -0.001 -19"><span class='ocrx_word' id='word_1_217' title='bbox 622 3033 889 3106; x_wconf 77' lang='lat' dir='ltr'><strong>excipiet</strong></span> <span class='ocrx_word' id='word_1_218' title='bbox 939 3032 1246 3105; x_wconf 83' lang='lat' dir='ltr'><strong>stipulatio</strong></span> <span class='ocrx_word' id='word_1_219' title='bbox 1304 3032 1717 3110; x_wconf 85' lang='lat' dir='ltr'><strong>intercedere,</strong></span> <span class='ocrx_word' id='word_1_220' title='bbox 1771 3049 1987 3091; x_wconf 87' lang='lat' dir='ltr'><strong>sanum</strong></span> <span class='ocrx_word' id='word_1_221' title='bbox 2047 3047 2181 3092; x_wconf 89' lang='lat' dir='ltr'><strong>eum</strong></span> <span class='ocrx_word' id='word_1_222' title='bbox 2226 3049 2356 3091; x_wconf 89' lang='lat' dir='ltr'><strong>esse</strong></span> <span class='ocrx_word' id='word_1_223' title='bbox 2400 3029 2650 3105; x_wconf 82' lang='lat' dir='ltr'><strong>Merula,</strong></span> <span class='ocrx_word' id='word_1_224' title='bbox 2715 3038 2823 3090; x_wconf 88' lang='lat' dir='ltr'><strong>aut</strong></span> <span class='ocrx_word' id='word_1_225' title='bbox 2864 3033 2914 3090; x_wconf 92' lang='lat' dir='ltr'><strong>si</strong></span> 
     </span>
     <span class='ocr_line' id='line_1_26' title="bbox 623 3127 2909 3220; baseline -0.001 -23"><span class='ocrx_word' id='word_1_226' title='bbox 623 3140 832 3213; x_wconf 81' lang='lat' dir='ltr'><strong>excipi</strong></span> <span class='ocrx_word' id='word_1_227' title='bbox 875 3145 934 3198; x_wconf 93' lang='lat' dir='ltr'><strong>et</strong></span> <span class='ocrx_word' id='word_1_228' title='bbox 986 3140 1323 3213; x_wconf 83' lang='lat' dir='ltr'><strong>stipulatio,</strong></span> <span class='ocrx_word' id='word_1_229' title='bbox 1381 3140 1765 3198; x_wconf 85' lang='lat' dir='ltr'><strong>intercedere</strong></span> <span class='ocrx_word' id='word_1_230' title='bbox 1809 3156 2026 3199; x_wconf 85' lang='lat' dir='ltr'><strong>sanum</strong></span> <span class='ocrx_word' id='word_1_231' title='bbox 2074 3156 2208 3199; x_wconf 88' lang='lat' dir='ltr'><strong>eum</strong></span> <span class='ocrx_word' id='word_1_232' title='bbox 2265 3156 2394 3198; x_wconf 90' lang='lat' dir='ltr'><strong>esse</strong></span> <span class='ocrx_word' id='word_1_233' title='bbox 2438 3127 2770 3220; x_wconf 64' lang='lat' dir='ltr'><strong>lucund&#39;uS,</strong></span> <span class='ocrx_word' id='word_1_234' title='bbox 2819 3136 2909 3197; x_wconf 88' lang='lat' dir='ltr'><strong>ubi</strong></span> 
     </span>
     <span class='ocr_line' id='line_1_27' title="bbox 523 3239 2907 3328; baseline -0.001 -23"><span class='ocrx_word' id='word_1_235' title='bbox 523 3239 524 3246; x_wconf 59' lang='lat'><em>&#39;</em></span> <span class='ocrx_word' id='word_1_236' title='bbox 624 3252 732 3305; x_wconf 90' lang='lat' dir='ltr'><strong>aut</strong></span> <span class='ocrx_word' id='word_1_237' title='bbox 789 3248 845 3305; x_wconf 91' lang='lat' dir='ltr'><strong>si</strong></span> <span class='ocrx_word' id='word_1_238' title='bbox 903 3247 1167 3319; x_wconf 81' lang='lat' dir='ltr'><strong>excipiet</strong></span> <span class='ocrx_word' id='word_1_239' title='bbox 1224 3247 1532 3320; x_wconf 79' lang='lat' dir='ltr'><strong>stipulatio</strong></span> <span class='ocrx_word' id='word_1_240' title='bbox 1593 3243 1889 3328; x_wconf 78' lang='lat' dir='ltr'><strong>Victorius</strong></span> <span class='ocrx_word' id='word_1_241' title='bbox 1949 3245 2125 3306; x_wconf 86' lang='lat' dir='ltr'><strong>dedit.</strong></span> <span class='ocrx_word' id='word_1_242' title='bbox 2220 3254 2488 3305; x_wconf 90' lang='lat' dir='ltr'><strong>correcta</strong></span> <span class='ocrx_word' id='word_1_243' title='bbox 2549 3263 2729 3323; x_wconf 88' lang='lat' dir='ltr'><strong>prava</strong></span> <span class='ocrx_word' id='word_1_244' title='bbox 2792 3262 2907 3304; x_wconf 89' lang='lat' dir='ltr'><strong>ver·</strong></span> 
     </span>
     <span class='ocr_line' id='line_1_28' title="bbox 624 3350 2908 3432; baseline -0 -22"><span class='ocrx_word' id='word_1_245' title='bbox 624 3350 836 3411; x_wconf 89' lang='lat' dir='ltr'><strong>borum</strong></span> <span class='ocrx_word' id='word_1_246' title='bbox 884 3350 1263 3410; x_wconf 87' lang='lat' dir='ltr'><strong>distinctione</strong></span> <span class='ocrx_word' id='word_1_247' title='bbox 1313 3353 1674 3430; x_wconf 85' lang='lat' dir='ltr'><strong>scripturam</strong></span> <span class='ocrx_word' id='word_1_248' title='bbox 1720 3352 2025 3432; x_wconf 82' lang='lat' dir='ltr'><strong>archetypi</strong></span> <span class='ocrx_word' id='word_1_249' title='bbox 2072 3360 2182 3414; x_wconf 90' lang='lat' dir='ltr'><strong>aut</strong></span> <span class='ocrx_word' id='word_1_250' title='bbox 2238 3355 2449 3428; x_wconf 79' lang='lat' dir='ltr'><strong>excipi</strong></span> <span class='ocrx_word' id='word_1_251' title='bbox 2498 3358 2557 3412; x_wconf 91' lang='lat' dir='ltr'><strong>et</strong></span> <span class='ocrx_word' id='word_1_252' title='bbox 2609 3353 2908 3428; x_wconf 84' lang='lat' dir='ltr'><strong>stipulatio</strong></span> 
     </span>
     <span class='ocr_line' id='line_1_29' title="bbox 625 3456 2907 3538; baseline 0.001 -22"><span class='ocrx_word' id='word_1_253' title='bbox 625 3460 1008 3518; x_wconf 85' lang='lat' dir='ltr'><strong>intercedere</strong></span> <span class='ocrx_word' id='word_1_254' title='bbox 1045 3456 1339 3518; x_wconf 88' lang='lat' dir='ltr'><strong>Arnaldus</strong></span> <span class='ocrx_word' id='word_1_255' title='bbox 1380 3477 1493 3518; x_wconf 92' lang='lat' dir='ltr'><strong>var.</strong></span> <span class='ocrx_word' id='word_1_256' title='bbox 1535 3460 1783 3521; x_wconf 88' lang='lat' dir='ltr'><strong>coniect.</strong></span> <span class='ocrx_word' id='word_1_257' title='bbox 1831 3478 1885 3538; x_wconf 90' lang='lat' dir='ltr'><strong>p.</strong></span> <span class='ocrx_word' id='word_1_258' title='bbox 1925 3457 2058 3521; x_wconf 79' lang='lat'><strong>320</strong></span> <span class='ocrx_word' id='word_1_259' title='bbox 2097 3461 2376 3520; x_wconf 87' lang='lat' dir='ltr'><strong>restituit.</strong></span> <span class='ocrx_word' id='word_1_260' title='bbox 2450 3458 2664 3518; x_wconf 89' lang='lat' dir='ltr'><strong>deinde</strong></span> <span class='ocrx_word' id='word_1_261' title='bbox 2704 3474 2907 3519; x_wconf 84' lang='lat' dir='ltr'><strong>sanum</strong></span> 
     </span>
     <span class='ocr_line' id='line_1_30' title="bbox 625 3566 2904 3646; baseline -0 -22"><span class='ocrx_word' id='word_1_262' title='bbox 625 3582 751 3624; x_wconf 91' lang='lat' dir='ltr'><strong>esse</strong></span> <span class='ocrx_word' id='word_1_263' title='bbox 808 3566 1046 3646; x_wconf 80' lang='lat' dir='ltr'><strong>scripsi,</strong></span> <span class='ocrx_word' id='word_1_264' title='bbox 1109 3573 1218 3626; x_wconf 85' lang='lat' dir='ltr'><strong>aut</strong></span> <span class='ocrx_word' id='word_1_265' title='bbox 1271 3568 1479 3643; x_wconf 84' lang='lat' dir='ltr'><strong>excipi</strong></span> <span class='ocrx_word' id='word_1_266' title='bbox 1539 3573 1600 3627; x_wconf 92' lang='lat' dir='ltr'><strong>et</strong></span> <span class='ocrx_word' id='word_1_267' title='bbox 1654 3569 1964 3643; x_wconf 81' lang='lat' dir='ltr'><strong>stipulatio</strong></span> <span class='ocrx_word' id='word_1_268' title='bbox 2030 3570 2437 3640; x_wconf 82' lang='lat' dir='ltr'><strong>intercedere,</strong></span> <span class='ocrx_word' id='word_1_269' title='bbox 2492 3583 2711 3626; x_wconf 87' lang='lat' dir='ltr'><strong>sanum</strong></span> <span class='ocrx_word' id='word_1_270' title='bbox 2776 3582 2904 3626; x_wconf 81' lang='lat' dir='ltr'><strong>esse.</strong></span> 
     </span>
     <span class='ocr_line' id='line_1_31' title="bbox 625 3671 2906 3753; baseline -0 -22"><span class='ocrx_word' id='word_1_271' title='bbox 625 3671 891 3750; x_wconf 86' lang='lat' dir='ltr'><strong>exempla</strong></span> <span class='ocrx_word' id='word_1_272' title='bbox 965 3671 1413 3751; x_wconf 87' lang='lat' dir='ltr'><strong>stipulationum</strong></span> <span class='ocrx_word' id='word_1_273' title='bbox 1496 3675 1557 3733; x_wconf 91' lang='lat' dir='ltr'><strong>in</strong></span> <span class='ocrx_word' id='word_1_274' title='bbox 1643 3673 1981 3735; x_wconf 87' lang='lat' dir='ltr'><strong>venditione</strong></span> <span class='ocrx_word' id='word_1_275' title='bbox 2068 3676 2496 3753; x_wconf 88' lang='lat' dir='ltr'><strong>mancipiorum</strong></span> <span class='ocrx_word' id='word_1_276' title='bbox 2582 3672 2906 3752; x_wconf 87' lang='lat' dir='ltr'><strong>composuit</strong></span> 
     </span>
     <span class='ocr_line' id='line_1_32' title="bbox 623 3776 2904 3860; baseline -0 -22"><span class='ocrx_word' id='word_1_277' title='bbox 623 3776 927 3860; x_wconf 80' lang='lat' dir='ltr'><strong>HertziuS,</strong></span> <span class='ocrx_word' id='word_1_278' title='bbox 983 3778 1153 3839; x_wconf 89' lang='lat' dir='ltr'><strong>Gellii</strong></span> <span class='ocrx_word' id='word_1_279' title='bbox 1202 3797 1351 3857; x_wconf 90' lang='lat' dir='ltr'><strong>quae</strong></span> <span class='ocrx_word' id='word_1_280' title='bbox 1399 3779 1471 3840; x_wconf 93' lang='lat' dir='ltr'><strong>ad</strong></span> <span class='ocrx_word' id='word_1_281' title='bbox 1517 3781 1614 3840; x_wconf 89' lang='lat' dir='ltr'><strong>ius</strong></span> <span class='ocrx_word' id='word_1_282' title='bbox 1671 3782 1974 3859; x_wconf 88' lang='lat' dir='ltr'><strong>pertinent</strong></span> <span class='ocrx_word' id='word_1_283' title='bbox 2029 3783 2222 3860; x_wconf 85' lang='lat' dir='ltr'><strong>capita</strong></span> <span class='ocrx_word' id='word_1_284' title='bbox 2278 3787 2555 3860; x_wconf 91' lang='lat' dir='ltr'><strong>quattuor</strong></span> <span class='ocrx_word' id='word_1_285' title='bbox 2614 3779 2736 3841; x_wconf 89' lang='lat' dir='ltr'><strong>ind.</strong></span> <span class='ocrx_word' id='word_1_286' title='bbox 2782 3779 2904 3839; x_wconf 88' lang='lat' dir='ltr'><strong>lect.</strong></span> 
     </span>
     <span class='ocr_line' id='line_1_33' title="bbox 630 3882 1663 3966; baseline 0.007 -24"><span class='ocrx_word' id='word_1_287' title='bbox 630 3884 931 3947; x_wconf 87' lang='lat' dir='ltr'><strong>Vratislav.</strong></span> <span class='ocrx_word' id='word_1_288' title='bbox 977 3884 1097 3947; x_wconf 84' lang='lat' dir='ltr'><strong>bib.</strong></span> <span class='ocrx_word' id='word_1_289' title='bbox 1145 3905 1193 3947; x_wconf 92' lang='lat' dir='ltr'><strong>a.</strong></span> <span class='ocrx_word' id='word_1_290' title='bbox 1246 3882 1416 3947; x_wconf 87' lang='lat'>1868</span> <span class='ocrx_word' id='word_1_291' title='bbox 1465 3906 1519 3966; x_wconf 91' lang='lat' dir='ltr'><strong>p.</strong></span> <span class='ocrx_word' id='word_1_292' title='bbox 1564 3884 1663 3949; x_wconf 89' lang='grc'><strong>14.</strong></span> 
     </span>
    </p>

    <p class='ocr_par' dir='ltr' id='par_1_7' title="bbox 616 3992 2904 4608">
     <span class='ocr_line' id='line_1_34' title="bbox 803 3992 2902 4073; baseline -0.001 -20"><span class='ocrx_word' id='word_1_293' title='bbox 803 3992 1024 4054; x_wconf 90' lang='lat' dir='ltr'><strong>Cibus</strong></span> <span class='ocrx_word' id='word_1_294' title='bbox 1072 4011 1313 4053; x_wconf 91' lang='lat' dir='ltr'><strong>eorum</strong></span> <span class='ocrx_word' id='word_1_295' title='bbox 1361 3992 1574 4055; x_wconf 90' lang='lat' dir='ltr'><strong>debet</strong></span> <span class='ocrx_word' id='word_1_296' title='bbox 1620 4013 1781 4055; x_wconf 88' lang='lat' dir='ltr'><strong>esse</strong></span> <span class='ocrx_word' id='word_1_297' title='bbox 1839 3994 2203 4055; x_wconf 88' lang='lat' dir='ltr'><strong>interdius</strong></span> <span class='ocrx_word' id='word_1_298' title='bbox 2260 3995 2650 4073; x_wconf 85' lang='lat' dir='ltr'><strong>separatim</strong></span> <span class='ocrx_word' id='word_1_299' title='bbox 2701 3995 2902 4054; x_wconf 89' lang='lat' dir='ltr'><strong>unius</strong></span> 
     </span>
     <span class='ocr_line' id='line_1_35' title="bbox 627 4102 2904 4182; baseline -0.002 -21"><span class='ocrx_word' id='word_1_300' title='bbox 627 4102 979 4178; x_wconf 86' lang='lat' dir='ltr'><strong>cuiusque</strong></span> <span class='ocrx_word' id='word_1_301' title='bbox 1045 4102 1287 4178; x_wconf 85' lang='lat' dir='ltr'><strong>gisnes</strong></span> <span class='ocrx_word' id='word_1_302' title='bbox 1343 4103 1585 4180; x_wconf 85' lang='lat' dir='ltr'><strong>gregis</strong></span> <span class='ocrx_word' id='word_1_303' title='bbox 1658 4104 2126 4182; x_wconf 85' lang='lat' dir='ltr'><strong>uespertinus</strong></span> <span class='ocrx_word' id='word_1_304' title='bbox 2192 4104 2261 4162; x_wconf 89' lang='lat' dir='ltr'><strong>in</strong></span> <span class='ocrx_word' id='word_1_305' title='bbox 2327 4119 2499 4161; x_wconf 90' lang='lat' dir='ltr'><strong>cena</strong></span> <span class='ocrx_word' id='word_1_306' title='bbox 2564 4103 2684 4178; x_wconf 88' lang='lat' dir='ltr'><strong>qui</strong></span> <span class='ocrx_word' id='word_1_307' title='bbox 2752 4106 2904 4160; x_wconf 85' lang='lat' dir='ltr'><strong>sunt</strong></span> 
     </span>
     <span class='ocr_line' id='line_1_36' title="bbox 628 4206 2902 4287; baseline -0.001 -20"><span class='ocrx_word' id='word_1_308' title='bbox 628 4206 756 4267; x_wconf 89' lang='lat' dir='ltr'><strong>sub</strong></span> <span class='ocrx_word' id='word_1_309' title='bbox 823 4225 958 4268; x_wconf 91' lang='lat' dir='ltr'><strong>uno</strong></span> <span class='ocrx_word' id='word_1_310' title='bbox 1026 4209 1370 4286; x_wconf 90' lang='lat' dir='ltr'><strong>magistro</strong></span> <span class='ocrx_word' id='word_1_311' title='bbox 1437 4208 1869 4287; x_wconf 91' lang='lat' dir='ltr'><strong>communis]</strong></span> <span class='ocrx_word' id='word_1_312' title='bbox 1926 4211 2107 4270; x_wconf 82' lang='lat' dir='ltr'><strong>Cibus</strong></span> <span class='ocrx_word' id='word_1_313' title='bbox 2163 4226 2369 4271; x_wconf 85' lang='lat' dir='ltr'><strong>eorum</strong></span> <span class='ocrx_word' id='word_1_314' title='bbox 2425 4210 2602 4269; x_wconf 84' lang='lat' dir='ltr'><strong>debet</strong></span> <span class='ocrx_word' id='word_1_315' title='bbox 2657 4226 2785 4269; x_wconf 91' lang='lat' dir='ltr'><strong>esse</strong></span> <span class='ocrx_word' id='word_1_316' title='bbox 2827 4209 2902 4265; x_wconf 87' lang='lat' dir='ltr'><strong>in·</strong></span> 
     </span>
     <span class='ocr_line' id='line_1_37' title="bbox 616 4299 2901 4392; baseline -0 -18"><span class='ocrx_word' id='word_1_317' title='bbox 616 4316 832 4375; x_wconf 88' lang='lat' dir='ltr'><strong>·terdiu</strong></span> <span class='ocrx_word' id='word_1_318' title='bbox 886 4317 1216 4391; x_wconf 85' lang='lat' dir='ltr'><strong>separatim</strong></span> <span class='ocrx_word' id='word_1_319' title='bbox 1273 4319 1454 4376; x_wconf 88' lang='lat' dir='ltr'><strong>unius</strong></span> <span class='ocrx_word' id='word_1_320' title='bbox 1511 4319 1804 4392; x_wconf 85' lang='lat' dir='ltr'><strong>cuiusque</strong></span> <span class='ocrx_word' id='word_1_321' title='bbox 1853 4299 2113 4392; x_wconf 49' lang='lat' dir='ltr'><strong>qreqiss</strong></span> <span class='ocrx_word' id='word_1_322' title='bbox 2174 4319 2551 4392; x_wconf 82' lang='lat' dir='ltr'><strong>vespertinus</strong></span> <span class='ocrx_word' id='word_1_323' title='bbox 2608 4316 2670 4375; x_wconf 86' lang='lat' dir='ltr'><strong>in</strong></span> <span class='ocrx_word' id='word_1_324' title='bbox 2725 4329 2901 4375; x_wconf 82' lang='lat' dir='ltr'><strong>coena</strong></span> 
     </span>
     <span class='ocr_line' id='line_1_38' title="bbox 628 4420 2904 4503; baseline -0.002 -21"><span class='ocrx_word' id='word_1_325' title='bbox 628 4425 735 4496; x_wconf 86' lang='lat' dir='ltr'><strong>qui</strong></span> <span class='ocrx_word' id='word_1_326' title='bbox 778 4425 857 4482; x_wconf 86' lang='lat' dir='ltr'><strong>sit</strong></span> <span class='ocrx_word' id='word_1_327' title='bbox 898 4424 1008 4482; x_wconf 82' lang='lat' dir='ltr'><strong>sub</strong></span> <span class='ocrx_word' id='word_1_328' title='bbox 1067 4439 1186 4482; x_wconf 82' lang='lat' dir='ltr'><strong>uno</strong></span> <span class='ocrx_word' id='word_1_329' title='bbox 1242 4426 1534 4497; x_wconf 73' lang='lat' dir='ltr'><strong>maqistro</strong></span> <span class='ocrx_word' id='word_1_330' title='bbox 1591 4426 1921 4484; x_wconf 86' lang='lat' dir='ltr'><strong>communis</strong></span> <span class='ocrx_word' id='word_1_331' title='bbox 1977 4422 2227 4503; x_wconf 81' lang='lat' dir='ltr'><strong>Merula,</strong></span> <span class='ocrx_word' id='word_1_332' title='bbox 2284 4421 2384 4483; x_wconf 91' lang='lat' dir='ltr'><strong>ubi</strong></span> <span class='ocrx_word' id='word_1_333' title='bbox 2431 4421 2755 4482; x_wconf 85' lang='lat' dir='ltr'><strong>Politianus</strong></span> <span class='ocrx_word' id='word_1_334' title='bbox 2808 4420 2904 4494; x_wconf 81' lang='lat' dir='ltr'><strong>qui</strong></span> 
     </span>
     <span class='ocr_line' id='line_1_39' title="bbox 626 4527 2904 4608; baseline -0.002 -21"><span class='ocrx_word' id='word_1_335' title='bbox 626 4531 702 4587; x_wconf 89' lang='lat' dir='ltr'><strong>sit</strong></span> <span class='ocrx_word' id='word_1_336' title='bbox 749 4546 867 4587; x_wconf 86' lang='lat' dir='ltr'><strong>uon</strong></span> <span class='ocrx_word' id='word_1_337' title='bbox 916 4530 1187 4608; x_wconf 90' lang='lat' dir='ltr'><strong>mutavit,</strong></span> <span class='ocrx_word' id='word_1_338' title='bbox 1233 4532 1562 4590; x_wconf 88' lang='lat' dir='ltr'><strong>communis</strong></span> <span class='ocrx_word' id='word_1_339' title='bbox 1619 4538 1814 4589; x_wconf 82' lang='lat' dir='ltr'><strong>autem</strong></span> <span class='ocrx_word' id='word_1_340' title='bbox 1871 4531 2272 4608; x_wconf 84' lang='lat' dir='ltr'><strong>superscripta</strong></span> <span class='ocrx_word' id='word_1_341' title='bbox 2320 4549 2355 4589; x_wconf 89' lang='lat' dir='ltr'><strong>e</strong></span> <span class='ocrx_word' id='word_1_342' title='bbox 2410 4528 2603 4590; x_wconf 89' lang='lat' dir='ltr'><strong>littera</strong></span> <span class='ocrx_word' id='word_1_343' title='bbox 2662 4546 2836 4608; x_wconf 86' lang='lat' dir='ltr'><strong>super</strong></span> <span class='ocrx_word' id='word_1_344' title='bbox 2884 4527 2904 4582; x_wconf 85' lang='lat' dir='ltr'><strong>i</strong></span> 
     </span>
    </p>
   </div>
  </div>
 </body>
</html>
