3178 5185
743 408 1000 463 RERVM
1036 407 1506 463 RVSTICARVM
1543 409 1674 464 LIB.
1713 412 1739 464 I
1780 403 2025 460 22-23
2410 406 2530 469 161

289 592 387 634 non
426 572 571 634 nulla
617 591 835 651 genera
883 577 1111 653 species
1157 574 1378 635 habent
1414 575 1636 654 plureS,
1685 584 1752 638 ut
1791 576 1985 638 falceS.
2078 592 2214 635 nam
2254 558 2536 634 dicuntur

291 679 348 740 ab
395 680 583 740 eodem
638 683 932 760 scriptore
986 683 1309 742 vineaticae
1368 701 1518 761 opus
1575 701 1707 743 esse
1764 697 1887 763 XL,
1944 680 2262 760 sirpiculae
2311 679 2386 761 V,
2445 698 2535 739 ar·

192 816 195 817 ⁷
290 785 518 847 horariae
562 802 658 869 111,
706 790 995 849 rustariae
1041 802 1104 848 x.
1195 787 1305 849 Hic
1344 789 1508 849 haec.
1599 798 1659 850 at
1697 790 1919 869 Scrofa,
1963 787 2430 848 Instrumentum
2470 791 2587 848 et6

291 893 672 972 supellectilem
741 897 1023 956 rusticam
1088 901 1320 956 omnem
1378 902 1616 974 oportet
1660 894 1880 955 hahere
1935 896 2216 974 scriptam
2271 895 2334 953 in
2391 893 2538 953 urhe

249 1008 343 1059 5et
384 1018 509 1061 rure
560 1002 890 1083 dominum,
944 1002 1184 1063 vilicum
1232 1010 1439 1063 contra
1487 1022 1554 1063 ea
1602 1004 1732 1064 ruri
1777 1004 1970 1062 omnia
2020 1009 2186 1062 certo
2236 1019 2344 1061 suo
2394 1019 2538 1079 quo-

290 1125 384 1184 que
432 1107 551 1168 loco
606 1109 678 1168 ad
738 1109 930 1169 villam
989 1108 1177 1187 [esse]
1238 1112 1446 1188 posita.
1551 1129 1700 1189 quae
1758 1128 1878 1170 non
1931 1116 2184 1189 possunt
2237 1126 2370 1168 esse
2426 1106 2540 1167 sub

290 1212 426 1294 clavi,
468 1234 637 1295 quam
685 1218 937 1277 maxime
986 1216 1180 1276 facere
1224 1224 1290 1277 ut
1327 1219 1447 1277 sint
1482 1220 1544 1277 in
1584 1224 1910 1296 conspectu
1949 1222 2201 1297 oportet,
2246 1234 2317 1275 eo
2354 1216 2540 1293 magis

290 1338 343 1379 ea
382 1339 516 1399 quae
560 1323 621 1382 in
669 1325 896 1383 rariore
944 1331 1085 1385 sunt
1132 1342 1272 1405 usu,
1320 1332 1387 1385 ut
1434 1324 1653 1404 quibus
1698 1326 1761 1383 in
1807 1323 2099 1383 vindemia
2146 1329 2430 1403 utuntur,
2475 1327 2542 1380 ut

289 1426 553 1511 corbulae,
613 1429 729 1507 [et]
799 1433 884 1491 sic
951 1431 1078 1492 alia.
1172 1450 1321 1515 quae
1370 1433 1528 1491 enim
1575 1449 1674 1490 res
1722 1431 1938 1491 cotidie
1986 1430 2288 1505 videntur,
2343 1429 2541 1488 minus

222 1548 265 1587 10
285 1541 525 1596 metuunt
568 1537 781 1598 furem.

435 1641 695 1722 Suscipit
738 1645 1047 1727 AgrasiuS,
1105 1644 1182 1705 Et
1242 1647 1520 1724 quoniam
1574 1645 1864 1706 habemus
1922 1644 2020 1704 illa
2066 1643 2184 1704 duo
2230 1644 2422 1722 prima
2467 1635 2541 1701 ex
2560 1638 2749 1702 XXIII

285 1747 534 1809 divisione
599 1751 1060 1833 quadripertita,
1126 1752 1197 1812 de
1262 1753 1446 1814 fundo
1512 1759 1572 1812 et
1638 1752 1709 1812 de
1766 1752 2192 1832 instrumento,
2257 1768 2374 1830 quo
2430 1748 2545 1808 coli

285 1853 424 1936 solet,
466 1856 536 1916 de
584 1858 759 1917 tertia
808 1865 976 1937 parte
1026 1869 1292 1939 expecto.
1386 1859 1613 1941 Scrofa,
1662 1855 1952 1930 Quoniam
2001 1861 2281 1938 fructum,
2332 1858 2546 1935 inquit,

284 1960 509 2023 arbitror
565 1983 698 2025 esse
757 1965 923 2025 fundi
979 1985 1115 2026 eum
1174 1970 1278 2047 qui
1333 1986 1404 2028 ex
1462 1986 1531 2026 eo
1591 1973 1754 2026 satus
1801 1968 2069 2027 nascitur
2113 1965 2277 2026 utilis
2324 1964 2396 2024 ad
2444 1963 2544 2023 ali-

219 2080 262 2120 15
284 2085 432 2146 quam
475 2088 627 2152 rem,
676 2071 793 2132 duo
842 2073 1287 2155 consideranda,
1336 2093 1486 2153 quae
1532 2081 1595 2134 et
1642 2092 1757 2152 quo
1807 2074 2068 2152 quidque
2115 2072 2245 2132 loco
2294 2072 2544 2131 maxime

283 2177 525 2253 expediat
570 2196 791 2239 serere.
883 2180 992 2240 alia
1041 2183 1200 2241 enim
1247 2182 1374 2242 loca
1423 2182 1690 2260 adposita
1738 2180 1987 2240 suntad
2027 2181 2280 2256 faenum,
2326 2177 2436 2237 alia
2474 2176 2543 2236 ad

283 2279 646 2365 frumentum,
704 2285 815 2346 alia
863 2287 934 2346 ad
982 2289 1211 2370 vinum,
1260 2288 1371 2348 alia
1418 2289 1489 2348 ad
1538 2287 1763 2368 oleum,
1814 2289 1900 2348 sic
1950 2287 2019 2347 ad
2067 2285 2349 2365 pabulum
2397 2301 2546 2362 quae

282 2391 578 2472 pertinent,
636 2393 700 2452 in
759 2388 876 2472 c'luo
932 2401 1024 2454 est
1070 2397 1355 2475 ocimum,
1414 2396 1675 2477 farrago,
1732 2397 1910 2475 vicia,
1966 2393 2219 2473 medica,
2275 2393 2547 2471 cytisum,

283 2491 539 2572 lupinum.
632 2517 829 2579 neque
888 2502 950 2560 in
997 2504 1203 2580 pingui
1250 2509 1408 2563 terra
1456 2505 1653 2563 omnia
1700 2509 1984 2562 seruntur
2030 2507 2192 2560 recte
2237 2518 2431 2578 neque
2478 2500 2599 2558 in2

223 2614 454 2664 wmacra
512 2605 675 2668 nihil.
769 2610 995 2669 rectius
1042 2611 1201 2670 enim
1248 2612 1309 2669 in
1358 2612 1629 2672 tenuiore
1676 2618 1837 2671 terra
1885 2629 1952 2670 ea
2000 2626 2150 2688 quae
2196 2626 2316 2667 non
2363 2605 2548 2667 multo

284 2708 521 2789 indigent
576 2727 749 2796 suco,
808 2723 875 2775 ut
930 2718 1184 2795 cytisum
1243 2725 1304 2777 et
1359 2717 1658 2797 legumina
1704 2724 1944 2797 praeter
1990 2717 2175 2776 cicer:
2230 2714 2343 2774 hoc
2391 2715 2548 2773 enim

404 2926 467 2976 20
500 2922 713 2977 rectius
750 2921 900 2977 enim
937 2920 998 2977 in
1033 2924 1289 2980 tenuiore
1324 2925 1477 2979 terra
1515 2925 1670 2980 Plin.
1707 2929 1800 2993 18,
1835 2928 1946 2980 165

404 3123 434 3171 2
468 3134 608 3189 opus
644 3123 718 3175 ἓῖ
753 3118 1110 3190 exisirpicule
1140 3120 1188 3176 V
1217 3120 1341 3177 AB
1377 3139 1516 3191 opus
1550 3138 1673 3177 esse
1703 3138 1797 3176 sex
1826 3137 1840 3177 ε
1871 3116 2168 3207 sirpiculae
2191 3157 2202 3169 .
2223 3113 2291 3171 V.
2324 3115 2382 3169 P
2408 3130 2548 3184 opus·

285 3217 385 3257 esse
411 3223 530 3262 sex:
553 3207 892 3279 scirpiculae
919 3211 1164 3279 quinque
1183 3229 1216 3268 v
1237 3252 1250 3265 .
1274 3211 1741 3278 ‘Emendandum,
1779 3208 2094 3263 Vineaticae
2121 3221 2258 3276 opus
2284 3221 2392 3260 esse
2420 3205 2548 3259 XL.

285 3289 421 3348 Haec
444 3298 585 3351 enim
610 3314 826 3354 summa
853 3302 1006 3371 apud
1029 3298 1283 3355 Catonem
1309 3305 1387 3354 est
1405 3305 1719 3369 :praeterea
1745 3299 1810 3352 in
1834 3297 2035 3366 optimo
2062 3296 2359 3364 exemplari
2384 3295 2550 3348 huius

287 3379 499 3440 lectionis
537 3404 654 3441 non
690 3405 884 3458 parua
927 3390 1165 3458 uestiyia
1207 3394 1516 3457 remanent,
1561 3388 1702 3443 Esse
1748 3385 1839 3442 exi
1885 3383 2210 3455 sirpiculae’
2273 3383 2551 3438 Victorius

407 3480 437 3528 3
486 3475 766 3531 rustariae
813 3477 995 3532 PAB
1049 3476 1373 3533 rusticariae
1421 3494 1454 3532 v
1599 3483 1634 3530 4
1672 3474 2123 3545 suppellectilem
2168 3473 2225 3529 A
2369 3478 2400 3526 5
2449 3488 2549 3526 suo

287 3573 481 3631 quoque
516 3565 642 3621 loco
673 3565 853 3620 PAB
892 3584 991 3621 suo
1022 3584 1277 3636 quaeque
1304 3566 1429 3622 loco
1455 3585 1488 3621 v
1634 3572 1665 3620 6
1703 3566 1938 3635 possunt
1972 3563 2084 3618 VB
2112 3562 2333 3633 possint
2352 3561 2410 3615 A

289 3647 374 3700 sub
415 3652 560 3708 claui
595 3672 690 3709 mv
739 3654 994 3709 subclam
1029 3656 1086 3709 Β
1135 3656 1355 3711 subtam
1402 3661 1466 3710 ut
1510 3656 1757 3723 videtur,
1807 3670 1945 3709 corr.
1990 3653 2241 3707 subclam
2285 3654 2367 3706 vel
2422 3650 2548 3705 sub·

290 3734 415 3791 claui
445 3743 498 3795 A
547 3744 649 3798 sub
698 3744 791 3798 cla
825 3744 883 3797 P
1022 3751 1055 3799 8
1101 3748 1166 3800 ut
1211 3745 1473 3801 corbulae
1520 3745 1580 3797 et
1628 3742 1708 3798 sic
1744 3761 1840 3799 mv
1887 3745 1945 3798 et
1982 3742 2245 3798 corbulae
2282 3743 2341 3796 et
2377 3740 2458 3795 sic
2498 3739 2556 3792 P

291 3877 337 3929 et
389 3885 683 3940 corbubule
750 3887 809 3941 et
871 3886 952 3942 sic
1006 3887 1064 3942 A
1119 3890 1178 3943 et
1244 3838 1506 3943 corbgfae
1571 3889 1631 3941 et
1685 3886 1763 3942 sic
1810 3885 1867 3940 B
1896 3926 1908 3938 .
1942 3884 2283 3939 corbubulae
2333 3898 2440 3937 esse
2488 3883 2553 3935 in

293 3962 531 4029 Varronis
567 3976 848 4031 codicibus
883 3982 1114 4032 testatur
1158 3975 1434 4032 Victorius
1469 3978 1534 4031 in
1571 3976 1761 4032 Caton.
1802 3980 1892 4043 11,
1931 3980 1966 4029 5
2112 3980 2143 4028 9
2188 3972 2394 4027 cotidie
2435 3969 2552 4024 PA
2623 3965 2660 4000 ⁶

291 4059 507 4121 quotidie
550 4064 607 4116 B
616 4082 650 4119 v

410 4155 470 4203 13
513 4153 693 4207 tercia
726 4154 784 4209 A
969 4153 1162 4210 Scrofa
1207 4156 1497 4226 quoniam]
1553 4154 1637 4209 De
1684 4152 1856 4208 tertia
1899 4153 2058 4222 parte
2104 4151 2168 4205 in
2210 4148 2458 4218 margine
2496 4149 2550 4202 A
2645 4145 2648 4146 ⁷

407 4237 587 4309 inquit
628 4242 743 4299 VB
777 4242 978 4313 inquid
1013 4244 1071 4299 A
1215 4250 1281 4298 16
1327 4243 1585 4314 adposita
1620 4244 1676 4297 A
1712 4240 1973 4312 apposita.
2018 4240 2134 4294 VB
2272 4237 2463 4292 fenum
2499 4238 2555 4291 A

291 4319 483 4383 foenum
519 4330 637 4385 VB
785 4337 850 4387 17
890 4331 960 4386 ad
989 4333 1257 4403 pabulum
1287 4349 1429 4404 quae
1458 4330 1769 4402 pertinent]
1798 4330 1880 4385 De
1907 4327 2115 4399 pabulo
2143 4328 2207 4381 in
2232 4327 2481 4395 maryine
2499 4323 2555 4378 A

412 4457 472 4508 18
517 4432 718 4525 farrago
758 4456 813 4511 A
957 4456 1200 4527 cytisum
1244 4475 1277 4513 v
1325 4457 1597 4527 cytiscum
1635 4455 1816 4510 PAB
1958 4459 2027 4507 20
2078 4451 2254 4506 nichil
2288 4449 2345 4505 A
2489 4465 2557 4503 ea

295 4552 414 4603 quae
440 4544 554 4599 AB
584 4563 756 4614 quam
787 4562 855 4601 ea
881 4562 1025 4614 quae
1064 4548 1117 4601 V
1217 4553 1284 4602 21
1313 4549 1380 4601 ut
1405 4547 1646 4615 cytisum
1684 4545 1736 4597 V
1755 4546 1820 4597 ut
1848 4540 2065 4610 cytison
2088 4541 2144 4596 Β
2171 4544 2236 4595 ut
2260 4540 2471 4609 tytison
2500 4538 2557 4592 A

2019 4635 2127 4683 11*
