<?xml version="1.0" encoding="UTF-8"?>
<!DOCTYPE html PUBLIC "-//W3C//DTD XHTML 1.0 Transitional//EN"
    "http://www.w3.org/TR/xhtml1/DTD/xhtml1-transitional.dtd">
<html xmlns="http://www.w3.org/1999/xhtml" xml:lang="en" lang="en">
 <head>
  <title>
</title>
<meta http-equiv="Content-Type" content="text/html;charset=utf-8" />
  <meta name='ocr-system' content='tesseract 3.04.00' />
  <meta name='ocr-capabilities' content='ocr_page ocr_carea ocr_par ocr_line ocrx_word'/>
</head>
<body>
  <div class='ocr_page' id='page_1' title='image "./mporcicatonisde01catogoog_0397.png"; bbox 0 0 3178 5185; ppageno 0'>
   <div class='ocr_carea' id='block_1_1' title="bbox 841 437 2588 501">
    <p class='ocr_par' dir='ltr' id='par_1_1' title="bbox 841 437 2588 501">
     <span class='ocr_line' id='line_1_1' title="bbox 841 437 2588 501; baseline 0.003 -5"><span class='ocrx_word' id='word_1_1' title='bbox 841 442 1102 498; x_wconf 86' lang='lat' dir='ltr'><strong>RERVM</strong></span> <span class='ocrx_word' id='word_1_2' title='bbox 1138 443 1616 500; x_wconf 81' lang='lat' dir='ltr'><strong>RVSTIOARVM</strong></span> <span class='ocrx_word' id='word_1_3' title='bbox 1653 446 1788 501; x_wconf 89' lang='lat' dir='ltr'>LIB.</span> <span class='ocrx_word' id='word_1_4' title='bbox 1828 443 1879 500; x_wconf 92' lang='grc' dir='ltr'><strong>ΙΙ</strong></span> <span class='ocrx_word' id='word_1_5' title='bbox 1920 442 2086 498; x_wconf 82' lang='grc'><strong>1-2</strong></span> <span class='ocrx_word' id='word_1_6' title='bbox 2463 437 2588 501; x_wconf 84' lang='grc'><strong>145</strong></span> 
     </span>
    </p>
   </div>
   <div class='ocr_carea' id='block_1_2' title="bbox 290 598 2636 4636">
    <p class='ocr_par' dir='ltr' id='par_1_2' title="bbox 308 598 2587 977">
     <span class='ocr_line' id='line_1_2' title="bbox 315 598 2584 679; baseline 0.004 -27"><span class='ocrx_word' id='word_1_7' title='bbox 315 602 449 676; x_wconf 81' lang='lat' dir='ltr'><strong>erat,</strong></span> <span class='ocrx_word' id='word_1_8' title='bbox 500 598 756 679; x_wconf 87' lang='lat' dir='ltr'><strong>restitui,</strong></span> <span class='ocrx_word' id='word_1_9' title='bbox 800 601 906 673; x_wconf 82' lang='lat' dir='ltr'><strong>sie,</strong></span> <span class='ocrx_word' id='word_1_10' title='bbox 947 603 1209 676; x_wconf 82' lang='lat' dir='ltr'><strong>inquam,</strong></span> <span class='ocrx_word' id='word_1_11' title='bbox 1255 618 1542 662; x_wconf 81' lang='lat' dir='ltr'><strong>numeras</strong></span> <span class='ocrx_word' id='word_1_12' title='bbox 1581 620 1699 662; x_wconf 80' lang='lat' dir='ltr'><strong>non</strong></span> <span class='ocrx_word' id='word_1_13' title='bbox 1740 608 1829 662; x_wconf 86' lang='lat' dir='ltr'><strong>est</strong></span> <span class='ocrx_word' id='word_1_14' title='bbox 1863 608 1930 661; x_wconf 84' lang='lat' dir='ltr'><strong>ut</strong></span> <span class='ocrx_word' id='word_1_15' title='bbox 1965 603 2044 661; x_wconf 82' lang='lat' dir='ltr'><strong>sit</strong></span> <span class='ocrx_word' id='word_1_16' title='bbox 2071 603 2156 661; x_wconf 85' lang='lat' dir='ltr'><strong>ad</strong></span> <span class='ocrx_word' id='word_1_17' title='bbox 2191 604 2472 662; x_wconf 81' lang='lat' dir='ltr'><strong><em>amussim</em></strong></span> <span class='ocrx_word' id='word_1_18' title='bbox 2507 635 2584 645; x_wconf 92' lang='lat'><strong>--</strong></span> 
     </span>
     <span class='ocr_line' id='line_1_3' title="bbox 312 706 2587 791; baseline 0.004 -31"><span class='ocrx_word' id='word_1_19' title='bbox 312 719 501 775; x_wconf 82' lang='lat' dir='ltr'><strong>quare</strong></span> <span class='ocrx_word' id='word_1_20' title='bbox 559 706 744 764; x_wconf 84' lang='lat' dir='ltr'><strong>deme.</strong></span> <span class='ocrx_word' id='word_1_21' title='bbox 829 724 1114 767; x_wconf 87' lang='lat' dir='ltr'><strong>numerus</strong></span> <span class='ocrx_word' id='word_1_22' title='bbox 1172 710 1551 789; x_wconf 68' lang='lat' dir='ltr'><strong>novenarius»,</strong></span> <span class='ocrx_word' id='word_1_23' title='bbox 1618 711 1718 788; x_wconf 91' lang='lat' dir='ltr'><strong>qui</strong></span> <span class='ocrx_word' id='word_1_24' title='bbox 1784 708 1957 769; x_wconf 92' lang='lat' dir='ltr'><strong>modo</strong></span> <span class='ocrx_word' id='word_1_25' title='bbox 2022 710 2383 769; x_wconf 89' lang='lat' dir='ltr'><strong>constitutus</strong></span> <span class='ocrx_word' id='word_1_26' title='bbox 2442 718 2587 791; x_wconf 82' lang='lat' dir='ltr'><strong>erat,</strong></span> 
     </span>
     <span class='ocr_line' id='line_1_4' title="bbox 314 811 2587 892; baseline 0.004 -26"><span class='ocrx_word' id='word_1_27' title='bbox 314 825 425 867; x_wconf 92' lang='lat' dir='ltr'><strong>non</strong></span> <span class='ocrx_word' id='word_1_28' title='bbox 487 811 574 870; x_wconf 90' lang='lat' dir='ltr'><strong>sic</strong></span> <span class='ocrx_word' id='word_1_29' title='bbox 633 819 749 892; x_wconf 88' lang='lat' dir='ltr'><strong>est,</strong></span> <span class='ocrx_word' id='word_1_30' title='bbox 807 821 872 872; x_wconf 91' lang='lat' dir='ltr'><strong>ut</strong></span> <span class='ocrx_word' id='word_1_31' title='bbox 926 813 997 873; x_wconf 91' lang='lat' dir='ltr'><strong>ad</strong></span> <span class='ocrx_word' id='word_1_32' title='bbox 1056 817 1337 875; x_wconf 83' lang='lat' dir='ltr'>amussim</span> <span class='ocrx_word' id='word_1_33' title='bbox 1394 818 1505 876; x_wconf 90' lang='lat' dir='ltr'><strong>sit.·</strong></span> <span class='ocrx_word' id='word_1_34' title='bbox 1560 819 1673 877; x_wconf 81' lang='lat' dir='ltr'><strong>sed</strong></span> <span class='ocrx_word' id='word_1_35' title='bbox 1726 815 1812 876; x_wconf 90' lang='lat' dir='ltr'><strong>vel</strong></span> <span class='ocrx_word' id='word_1_36' title='bbox 1860 820 1913 876; x_wconf 85' lang='lat' dir='ltr'><strong>is</strong></span> <span class='ocrx_word' id='word_1_37' title='bbox 1959 819 2204 891; x_wconf 82' lang='lat' dir='ltr'><strong>inquam</strong></span> <span class='ocrx_word' id='word_1_38' title='bbox 2260 815 2398 875; x_wconf 91' lang='lat' dir='ltr'><strong>olim</strong></span> <span class='ocrx_word' id='word_1_39' title='bbox 2449 834 2587 876; x_wconf 92' lang='lat' dir='ltr'><strong>con·</strong></span> 
     </span>
     <span class='ocr_line' id='line_1_5' title="bbox 308 915 578 977; baseline 0.019 -5"><span class='ocrx_word' id='word_1_40' title='bbox 308 915 578 977; x_wconf 89' lang='lat' dir='ltr'><strong>ieceram.</strong></span> 
     </span>
    </p>

    <p class='ocr_par' dir='ltr' id='par_1_3' title="bbox 305 1021 2585 1320">
     <span class='ocr_line' id='line_1_6' title="bbox 479 1021 2585 1110; baseline 0.002 -27"><span class='ocrx_word' id='word_1_41' title='bbox 479 1021 564 1085; x_wconf 82' lang='lat'><strong>27</strong></span> <span class='ocrx_word' id='word_1_42' title='bbox 634 1024 1015 1105; x_wconf 82' lang='lat' dir='ltr'><strong>Peperisse</strong></span> <span class='ocrx_word' id='word_1_43' title='bbox 1065 1027 1357 1106; x_wconf 92' lang='lat' dir='ltr'><strong>mulam]</strong></span> <span class='ocrx_word' id='word_1_44' title='bbox 1416 1031 1587 1091; x_wconf 83' lang='lat' dir='ltr'><strong>Mula</strong></span> <span class='ocrx_word' id='word_1_45' title='bbox 1647 1033 1858 1110; x_wconf 83' lang='lat' dir='ltr'><strong>scripsi</strong></span> <span class='ocrx_word' id='word_1_46' title='bbox 1908 1039 1966 1091; x_wconf 89' lang='lat' dir='ltr'><strong>et</strong></span> <span class='ocrx_word' id='word_1_47' title='bbox 2022 1030 2234 1090; x_wconf 89' lang='lat' dir='ltr'><strong>deinde</strong></span> <span class='ocrx_word' id='word_1_48' title='bbox 2293 1049 2362 1089; x_wconf 81' lang='lat' dir='ltr'><strong>cx</strong></span> <span class='ocrx_word' id='word_1_49' title='bbox 2413 1048 2585 1089; x_wconf 90' lang='lat' dir='ltr'><strong>manu</strong></span> 
     </span>
     <span class='ocr_line' id='line_1_7' title="bbox 306 1131 2585 1215; baseline 0.003 -27"><span class='ocrx_word' id='word_1_50' title='bbox 306 1132 542 1209; x_wconf 90' lang='lat' dir='ltr'><strong>scriptis</strong></span> <span class='ocrx_word' id='word_1_51' title='bbox 591 1131 760 1193; x_wconf 89' lang='lat' dir='ltr'><strong>libris</strong></span> <span class='ocrx_word' id='word_1_52' title='bbox 806 1138 970 1195; x_wconf 83' lang='lat' dir='ltr'><strong>mula</strong></span> <span class='ocrx_word' id='word_1_53' title='bbox 1025 1143 1085 1195; x_wconf 85' lang='lat' dir='ltr'><strong>et</strong></span> <span class='ocrx_word' id='word_1_54' title='bbox 1129 1154 1310 1211; x_wconf 80' lang='lat' dir='ltr'><strong>equa,</strong></span> <span class='ocrx_word' id='word_1_55' title='bbox 1368 1135 1469 1195; x_wconf 93' lang='lat' dir='ltr'><strong>ubi</strong></span> <span class='ocrx_word' id='word_1_56' title='bbox 1528 1141 1751 1198; x_wconf 83' lang='lat' dir='ltr'><strong>mulam</strong></span> <span class='ocrx_word' id='word_1_57' title='bbox 1808 1145 1866 1196; x_wconf 85' lang='lat' dir='ltr'><strong>et</strong></span> <span class='ocrx_word' id='word_1_58' title='bbox 1916 1155 2129 1212; x_wconf 81' lang='lat' dir='ltr'><strong>equam</strong></span> <span class='ocrx_word' id='word_1_59' title='bbox 2187 1154 2258 1196; x_wconf 83' lang='lat' dir='ltr'><strong>ex</strong></span> <span class='ocrx_word' id='word_1_60' title='bbox 2318 1138 2585 1215; x_wconf 82' lang='lat' dir='ltr'><strong>principe</strong></span> 
     </span>
     <span class='ocr_line' id='line_1_8' title="bbox 305 1237 1113 1320; baseline 0.006 -25"><span class='ocrx_word' id='word_1_61' title='bbox 305 1237 562 1298; x_wconf 85' lang='lat' dir='ltr'><strong>editione</strong></span> <span class='ocrx_word' id='word_1_62' title='bbox 613 1247 921 1320; x_wconf 88' lang='lat' dir='ltr'><strong>receptum</strong></span> <span class='ocrx_word' id='word_1_63' title='bbox 971 1249 1113 1300; x_wconf 88' lang='lat' dir='ltr'><strong>erat.</strong></span> 
     </span>
    </p>

    <p class='ocr_par' dir='ltr' id='par_1_4' title="bbox 290 1344 2636 3031">
     <span class='ocr_line' id='line_1_9' title="bbox 473 1344 2586 1430; baseline 0.002 -26"><span class='ocrx_word' id='word_1_64' title='bbox 473 1344 629 1405; x_wconf 93' lang='lat' dir='ltr'><strong>Non</strong></span> <span class='ocrx_word' id='word_1_65' title='bbox 679 1349 888 1407; x_wconf 91' lang='lat' dir='ltr'><strong>scitis</strong></span> <span class='ocrx_word' id='word_1_66' title='bbox 928 1345 1277 1426; x_wconf 88' lang='lat' dir='ltr'><strong>palmulas</strong></span> <span class='ocrx_word' id='word_1_67' title='bbox 1316 1356 1651 1409; x_wconf 80' lang='lat' dir='ltr'><strong>careotas</strong></span> <span class='ocrx_word' id='word_1_68' title='bbox 1690 1352 1951 1429; x_wconf 88' lang='lat' dir='ltr'><strong>syriam</strong></span> <span class='ocrx_word' id='word_1_69' title='bbox 1989 1367 2243 1430; x_wconf 88' lang='lat' dir='ltr'><strong>parere</strong></span> <span class='ocrx_word' id='word_1_70' title='bbox 2281 1351 2349 1409; x_wconf 93' lang='lat' dir='ltr'><strong>in</strong></span> <span class='ocrx_word' id='word_1_71' title='bbox 2388 1352 2586 1410; x_wconf 84' lang='lat' dir='ltr'><strong>iurea</strong></span> 
     </span>
     <span class='ocr_line' id='line_1_10' title="bbox 303 1451 2586 1533; baseline 0.004 -24"><span class='ocrx_word' id='word_1_72' title='bbox 303 1451 369 1509; x_wconf 93' lang='lat' dir='ltr'><strong>in</strong></span> <span class='ocrx_word' id='word_1_73' title='bbox 406 1451 614 1522; x_wconf 83' lang='lat' dir='ltr'><strong>italia</strong></span> <span class='ocrx_word' id='word_1_74' title='bbox 654 1471 787 1514; x_wconf 92' lang='lat' dir='ltr'><strong>non</strong></span> <span class='ocrx_word' id='word_1_75' title='bbox 828 1454 1072 1533; x_wconf 88' lang='lat' dir='ltr'><strong>posse]</strong></span> <span class='ocrx_word' id='word_1_76' title='bbox 1117 1456 1247 1515; x_wconf 84' lang='lat' dir='ltr'><strong>Non</strong></span> <span class='ocrx_word' id='word_1_77' title='bbox 1275 1458 1442 1515; x_wconf 84' lang='lat' dir='ltr'><strong>scitis</strong></span> <span class='ocrx_word' id='word_1_78' title='bbox 1466 1459 1706 1531; x_wconf 83' lang='lat' dir='ltr'><strong>palmas</strong></span> <span class='ocrx_word' id='word_1_79' title='bbox 1735 1461 2007 1518; x_wconf 80' lang='lat' dir='ltr'><strong>cariotas</strong></span> <span class='ocrx_word' id='word_1_80' title='bbox 2037 1460 2098 1517; x_wconf 82' lang='lat' dir='ltr'><strong>in</strong></span> <span class='ocrx_word' id='word_1_81' title='bbox 2129 1458 2315 1533; x_wconf 80' lang='lat' dir='ltr'><strong>Syria</strong></span> <span class='ocrx_word' id='word_1_82' title='bbox 2339 1475 2586 1532; x_wconf 85' lang='lat' dir='ltr'><strong>parere,</strong></span> 
     </span>
     <span class='ocr_line' id='line_1_11' title="bbox 303 1559 2587 1643; baseline 0.004 -27"><span class='ocrx_word' id='word_1_83' title='bbox 303 1559 571 1620; x_wconf 80' lang='lat' dir='ltr'><strong>invectas</strong></span> <span class='ocrx_word' id='word_1_84' title='bbox 609 1563 669 1621; x_wconf 85' lang='lat' dir='ltr'><strong>in</strong></span> <span class='ocrx_word' id='word_1_85' title='bbox 712 1562 955 1621; x_wconf 87' lang='lat' dir='ltr'><strong>Italiam</strong></span> <span class='ocrx_word' id='word_1_86' title='bbox 985 1579 1104 1621; x_wconf 83' lang='lat' dir='ltr'><strong>non</strong></span> <span class='ocrx_word' id='word_1_87' title='bbox 1137 1580 1313 1638; x_wconf 84' lang='lat' dir='ltr'><strong>posse</strong></span> <span class='ocrx_word' id='word_1_88' title='bbox 1352 1561 1670 1643; x_wconf 76' lang='lat' dir='ltr'><strong>IucundUS‚</strong></span> <span class='ocrx_word' id='word_1_89' title='bbox 1710 1582 1829 1625; x_wconf 84' lang='lat' dir='ltr'><strong>non</strong></span> <span class='ocrx_word' id='word_1_90' title='bbox 1866 1568 2035 1625; x_wconf 81' lang='lat' dir='ltr'><strong>scitis</strong></span> <span class='ocrx_word' id='word_1_91' title='bbox 2066 1568 2369 1641; x_wconf 81' lang='lat' dir='ltr'><strong>palmatas</strong></span> <span class='ocrx_word' id='word_1_92' title='bbox 2406 1582 2587 1640; x_wconf 80' lang='lat' dir='ltr'><strong>cary-</strong></span> 
     </span>
     <span class='ocr_line' id='line_1_12' title="bbox 299 1669 2588 1751; baseline 0.002 -27"><span class='ocrx_word' id='word_1_93' title='bbox 299 1672 424 1725; x_wconf 83' lang='lat' dir='ltr'><strong>otas</strong></span> <span class='ocrx_word' id='word_1_94' title='bbox 482 1671 548 1727; x_wconf 84' lang='lat' dir='ltr'><strong>in</strong></span> <span class='ocrx_word' id='word_1_95' title='bbox 608 1669 797 1743; x_wconf 80' lang='lat' dir='ltr'><strong>Syria</strong></span> <span class='ocrx_word' id='word_1_96' title='bbox 847 1687 1078 1744; x_wconf 87' lang='lat' dir='ltr'><strong>parere</strong></span> <span class='ocrx_word' id='word_1_97' title='bbox 1135 1672 1195 1728; x_wconf 85' lang='lat' dir='ltr'><strong>in</strong></span> <span class='ocrx_word' id='word_1_98' title='bbox 1246 1670 1468 1749; x_wconf 83' lang='lat' dir='ltr'><strong>Iudea,</strong></span> <span class='ocrx_word' id='word_1_99' title='bbox 1525 1672 1587 1729; x_wconf 85' lang='lat' dir='ltr'><strong>in</strong></span> <span class='ocrx_word' id='word_1_100' title='bbox 1639 1671 1824 1730; x_wconf 87' lang='lat' dir='ltr'><strong>Italia</strong></span> <span class='ocrx_word' id='word_1_101' title='bbox 1880 1689 1999 1731; x_wconf 83' lang='lat' dir='ltr'><strong>non</strong></span> <span class='ocrx_word' id='word_1_102' title='bbox 2050 1688 2226 1746; x_wconf 85' lang='lat' dir='ltr'><strong>posse</strong></span> <span class='ocrx_word' id='word_1_103' title='bbox 2273 1669 2588 1751; x_wconf 82' lang='lat' dir='ltr'><strong>Victorius,</strong></span> 
     </span>
     <span class='ocr_line' id='line_1_13' title="bbox 305 1771 2585 1856; baseline 0.003 -26"><span class='ocrx_word' id='word_1_104' title='bbox 305 1771 399 1832; x_wconf 93' lang='lat' dir='ltr'><strong>ubi</strong></span> <span class='ocrx_word' id='word_1_105' title='bbox 450 1776 670 1835; x_wconf 84' lang='lat' dir='ltr'><strong>Iturea</strong></span> <span class='ocrx_word' id='word_1_106' title='bbox 725 1793 833 1854; x_wconf 88' lang='lat' dir='ltr'><strong>pro</strong></span> <span class='ocrx_word' id='word_1_107' title='bbox 892 1777 1086 1836; x_wconf 84' lang='lat' dir='ltr'><strong>Iudea</strong></span> <span class='ocrx_word' id='word_1_108' title='bbox 1143 1775 1523 1836; x_wconf 87' lang='lat' dir='ltr'><strong>scribendum</strong></span> <span class='ocrx_word' id='word_1_109' title='bbox 1589 1778 1847 1837; x_wconf 88' lang='lat' dir='ltr'><strong>coniecit</strong></span> <span class='ocrx_word' id='word_1_110' title='bbox 1894 1777 2171 1856; x_wconf 78' lang='lat' dir='ltr'><strong>Scaliger.</strong></span> <span class='ocrx_word' id='word_1_111' title='bbox 2246 1787 2585 1855; x_wconf 78' lang='lat' dir='ltr'><strong>corruptam</strong></span> 
     </span>
     <span class='ocr_line' id='line_1_14' title="bbox 305 1879 2586 1960; baseline 0.002 -22"><span class='ocrx_word' id='word_1_112' title='bbox 305 1879 609 1960; x_wconf 81' lang='lat' dir='ltr'><strong>archetypi</strong></span> <span class='ocrx_word' id='word_1_113' title='bbox 657 1883 1014 1960; x_wconf 82' lang='lat' dir='ltr'><strong>scripturam</strong></span> <span class='ocrx_word' id='word_1_114' title='bbox 1053 1881 1192 1943; x_wconf 91' lang='lat' dir='ltr'><strong>olim</strong></span> <span class='ocrx_word' id='word_1_115' title='bbox 1234 1882 1491 1943; x_wconf 85' lang='lat' dir='ltr'><strong>exhibui.</strong></span> <span class='ocrx_word' id='word_1_116' title='bbox 1567 1883 1671 1943; x_wconf 88' lang='lat' dir='ltr'><strong>sed</strong></span> <span class='ocrx_word' id='word_1_117' title='bbox 1711 1902 1916 1944; x_wconf 88' lang='lat' dir='ltr'><strong>verum</strong></span> <span class='ocrx_word' id='word_1_118' title='bbox 1955 1885 2189 1945; x_wconf 91' lang='lat' dir='ltr'><strong>videtur</strong></span> <span class='ocrx_word' id='word_1_119' title='bbox 2227 1887 2288 1945; x_wconf 81' lang='lat' dir='ltr'><strong>in</strong></span> <span class='ocrx_word' id='word_1_120' title='bbox 2331 1886 2586 1956; x_wconf 83' lang='lat' dir='ltr'><strong>Iudaea,</strong></span> 
     </span>
     <span class='ocr_line' id='line_1_15' title="bbox 301 1986 2585 2063; baseline 0.002 -18"><span class='ocrx_word' id='word_1_121' title='bbox 301 1986 452 2063; x_wconf 88' lang='lat' dir='ltr'><strong>quod</strong></span> <span class='ocrx_word' id='word_1_122' title='bbox 521 1995 660 2048; x_wconf 89' lang='lat' dir='ltr'><strong>ante</strong></span> <span class='ocrx_word' id='word_1_123' title='bbox 725 1987 1051 2049; x_wconf 86' lang='lat' dir='ltr'><strong>Victorium</strong></span> <span class='ocrx_word' id='word_1_124' title='bbox 1119 1989 1445 2050; x_wconf 89' lang='lat' dir='ltr'><strong>Politianus</strong></span> <span class='ocrx_word' id='word_1_125' title='bbox 1512 1991 1864 2050; x_wconf 89' lang='lat' dir='ltr'><strong>coniecerat.</strong></span> <span class='ocrx_word' id='word_1_126' title='bbox 1948 2009 2081 2050; x_wconf 89' lang='lat' dir='ltr'><strong>nam</strong></span> <span class='ocrx_word' id='word_1_127' title='bbox 2145 1990 2216 2049; x_wconf 94' lang='lat' dir='ltr'><strong>de</strong></span> <span class='ocrx_word' id='word_1_128' title='bbox 2284 1989 2585 2050; x_wconf 79' lang='lat' dir='ltr'><strong>fertilitate</strong></span> 
     </span>
     <span class='ocr_line' id='line_1_16' title="bbox 297 2092 2586 2170; baseline 0.002 -18"><span class='ocrx_word' id='word_1_129' title='bbox 297 2092 620 2170; x_wconf 85' lang='lat' dir='ltr'><strong>palmarum</strong></span> <span class='ocrx_word' id='word_1_130' title='bbox 669 2096 729 2155; x_wconf 92' lang='lat' dir='ltr'><strong>in</strong></span> <span class='ocrx_word' id='word_1_131' title='bbox 776 2094 989 2156; x_wconf 89' lang='lat' dir='ltr'><strong>ludaea</strong></span> <span class='ocrx_word' id='word_1_132' title='bbox 1039 2095 1247 2156; x_wconf 84' lang='lat' dir='ltr'><strong>scribit</strong></span> <span class='ocrx_word' id='word_1_133' title='bbox 1293 2095 1517 2157; x_wconf 88' lang='lat' dir='ltr'><strong>Plinius</strong></span> <span class='ocrx_word' id='word_1_134' title='bbox 1567 2095 1701 2155; x_wconf 86' lang='lat' dir='ltr'>XIII</span> <span class='ocrx_word' id='word_1_135' title='bbox 1739 2094 1823 2157; x_wconf 84' lang='lat'><strong>26</strong></span> <span class='ocrx_word' id='word_1_136' title='bbox 1874 2097 2110 2157; x_wconf 84' lang='lat' dir='ltr'><strong>Iudaea</strong></span> <span class='ocrx_word' id='word_1_137' title='bbox 2157 2113 2301 2168; x_wconf 87' lang='lat' dir='ltr'><strong>vero</strong></span> <span class='ocrx_word' id='word_1_138' title='bbox 2352 2099 2586 2156; x_wconf 84' lang='lat' dir='ltr'><strong>incluta</strong></span> 
     </span>
     <span class='ocr_line' id='line_1_17' title="bbox 296 2193 2636 2279; baseline 0.001 -20"><span class='ocrx_word' id='word_1_139' title='bbox 296 2207 380 2260; x_wconf 84' lang='lat' dir='ltr'><strong>est</strong></span> <span class='ocrx_word' id='word_1_140' title='bbox 421 2205 520 2262; x_wconf 83' lang='lat' dir='ltr'><strong>vel</strong></span> <span class='ocrx_word' id='word_1_141' title='bbox 563 2206 758 2277; x_wconf 71' lang='lat' dir='ltr'><strong>maqis</strong></span> <span class='ocrx_word' id='word_1_142' title='bbox 789 2193 1025 2279; x_wconf 80' lang='lat' dir='ltr'><strong>palmis,</strong></span> <span class='ocrx_word' id='word_1_143' title='bbox 1073 2222 1335 2279; x_wconf 83' lang='lat' dir='ltr'><strong>quarum</strong></span> <span class='ocrx_word' id='word_1_144' title='bbox 1377 2212 1610 2264; x_wconf 80' lang='lat' dir='ltr'><strong>natura</strong></span> <span class='ocrx_word' id='word_1_145' title='bbox 1647 2222 1811 2264; x_wconf 83' lang='lat' dir='ltr'><strong>nunc</strong></span> <span class='ocrx_word' id='word_1_146' title='bbox 1850 2206 2118 2264; x_wconf 79' lang='lat' dir='ltr'><strong>dicetur:</strong></span> <span class='ocrx_word' id='word_1_147' title='bbox 2163 2209 2305 2262; x_wconf 82' lang='lat' dir='ltr'><strong>sunt</strong></span> <span class='ocrx_word' id='word_1_148' title='bbox 2346 2206 2587 2277; x_wconf 80' lang='lat' dir='ltr'><strong>quidem</strong></span> <span class='ocrx_word' id='word_1_149' title='bbox 2630 2256 2636 2262; x_wconf 90' lang='lat'>.</span> 
     </span>
     <span class='ocr_line' id='line_1_18' title="bbox 295 2307 2584 2389; baseline 0.001 -23"><span class='ocrx_word' id='word_1_150' title='bbox 295 2313 349 2366; x_wconf 88' lang='lat' dir='ltr'><strong>et</strong></span> <span class='ocrx_word' id='word_1_151' title='bbox 391 2310 452 2367; x_wconf 82' lang='lat' dir='ltr'><strong>in</strong></span> <span class='ocrx_word' id='word_1_152' title='bbox 503 2309 759 2385; x_wconf 85' lang='lat' dir='ltr'><strong>Europa</strong></span> <span class='ocrx_word' id='word_1_153' title='bbox 806 2314 1102 2385; x_wconf 72' lang='lat' dir='ltr'><strong>vulqoque</strong></span> <span class='ocrx_word' id='word_1_154' title='bbox 1141 2311 1342 2386; x_wconf 87' lang='lat' dir='ltr'><strong>Italia,</strong></span> <span class='ocrx_word' id='word_1_155' title='bbox 1390 2313 1504 2371; x_wconf 85' lang='lat' dir='ltr'><strong>sed</strong></span> <span class='ocrx_word' id='word_1_156' title='bbox 1538 2313 1791 2383; x_wconf 85' lang='lat' dir='ltr'><strong>steriles,</strong></span> <span class='ocrx_word' id='word_1_157' title='bbox 1833 2319 1892 2370; x_wconf 91' lang='lat' dir='ltr'><strong>et</strong></span> <span class='ocrx_word' id='word_1_158' title='bbox 1930 2310 2002 2370; x_wconf 90' lang='lat' dir='ltr'><strong>de</strong></span> <span class='ocrx_word' id='word_1_159' title='bbox 2040 2311 2296 2389; x_wconf 88' lang='lat' dir='ltr'><strong>caryotis</strong></span> <span class='ocrx_word' id='word_1_160' title='bbox 2335 2308 2468 2369; x_wconf 88' lang='lat' dir='ltr'>XIII</span> <span class='ocrx_word' id='word_1_161' title='bbox 2498 2307 2584 2369; x_wconf 90' lang='lat'><strong>44</strong></span> 
     </span>
     <span class='ocr_line' id='line_1_19' title="bbox 295 2414 2588 2493; baseline 0.002 -22"><span class='ocrx_word' id='word_1_162' title='bbox 295 2414 365 2471; x_wconf 86' lang='lat' dir='ltr'><strong>ab</strong></span> <span class='ocrx_word' id='word_1_163' title='bbox 411 2416 511 2473; x_wconf 85' lang='lat' dir='ltr'><strong>his</strong></span> <span class='ocrx_word' id='word_1_164' title='bbox 550 2420 846 2490; x_wconf 79' lang='lat' dir='ltr'><strong>caryotae</strong></span> <span class='ocrx_word' id='word_1_165' title='bbox 873 2417 1137 2475; x_wconf 79' lang='lat' dir='ltr'><strong>maxime</strong></span> <span class='ocrx_word' id='word_1_166' title='bbox 1176 2418 1568 2476; x_wconf 83' lang='lat' dir='ltr'><strong>celebrantur</strong></span> <span class='ocrx_word' id='word_1_167' title='bbox 1613 2449 1688 2458; x_wconf 96' lang='lat'><strong>—</strong></span> <span class='ocrx_word' id='word_1_168' title='bbox 1723 2464 1740 2480; x_wconf 81' lang='lat'><em>,</em></span> <span class='ocrx_word' id='word_1_169' title='bbox 1779 2418 1890 2476; x_wconf 85' lang='lat' dir='ltr'><strong>sed</strong></span> <span class='ocrx_word' id='word_1_170' title='bbox 1932 2423 2001 2475; x_wconf 83' lang='lat' dir='ltr'><strong>ut</strong></span> <span class='ocrx_word' id='word_1_171' title='bbox 2046 2420 2224 2493; x_wconf 86' lang='lat' dir='ltr'><strong>copia</strong></span> <span class='ocrx_word' id='word_1_172' title='bbox 2274 2419 2363 2476; x_wconf 85' lang='lat' dir='ltr'><strong>ibi</strong></span> <span class='ocrx_word' id='word_1_173' title='bbox 2406 2424 2588 2491; x_wconf 82' lang='lat' dir='ltr'><strong>atque</strong></span> 
     </span>
     <span class='ocr_line' id='line_1_20' title="bbox 290 2517 2585 2604; baseline 0.002 -26"><span class='ocrx_word' id='word_1_174' title='bbox 290 2517 600 2595; x_wconf 59' lang='lat' dir='ltr'><strong>fertilitati,</strong></span> <span class='ocrx_word' id='word_1_175' title='bbox 659 2524 745 2581; x_wconf 86' lang='lat' dir='ltr'><strong>ita</strong></span> <span class='ocrx_word' id='word_1_176' title='bbox 793 2524 1073 2582; x_wconf 78' lang='lat' dir='ltr'><strong>nobilitas</strong></span> <span class='ocrx_word' id='word_1_177' title='bbox 1130 2525 1190 2582; x_wconf 80' lang='lat' dir='ltr'><strong>in</strong></span> <span class='ocrx_word' id='word_1_178' title='bbox 1251 2524 1504 2583; x_wconf 83' lang='lat' dir='ltr'><strong>Iudaea.</strong></span> <span class='ocrx_word' id='word_1_179' title='bbox 1601 2521 1800 2603; x_wconf 87' lang='lat' dir='ltr'><strong>Syrias</strong></span> <span class='ocrx_word' id='word_1_180' title='bbox 1861 2522 2081 2604; x_wconf 83' lang='lat' dir='ltr'><strong>palmas</strong></span> <span class='ocrx_word' id='word_1_181' title='bbox 2140 2522 2585 2603; x_wconf 86' lang='lat' dir='ltr'><strong>Theophrastus</strong></span> 
     </span>
     <span class='ocr_line' id='line_1_21' title="bbox 297 2625 2580 2710; baseline 0.003 -24"><span class='ocrx_word' id='word_1_182' title='bbox 297 2625 363 2687; x_wconf 92' lang='lat' dir='ltr'><strong>de</strong></span> <span class='ocrx_word' id='word_1_183' title='bbox 401 2647 565 2691; x_wconf 85' lang='lat' dir='ltr'><strong>cauS.</strong></span> <span class='ocrx_word' id='word_1_184' title='bbox 605 2628 785 2706; x_wconf 89' lang='lat' dir='ltr'><strong>plant.</strong></span> <span class='ocrx_word' id='word_1_185' title='bbox 823 2626 964 2709; x_wconf 84' lang='lat'><strong>113,</strong></span> <span class='ocrx_word' id='word_1_186' title='bbox 997 2628 1032 2691; x_wconf 84' lang='lat'><strong>7</strong></span> <span class='ocrx_word' id='word_1_187' title='bbox 1074 2639 1134 2690; x_wconf 89' lang='lat' dir='ltr'><strong>et</strong></span> <span class='ocrx_word' id='word_1_188' title='bbox 1180 2630 1315 2691; x_wconf 91' lang='lat' dir='ltr'><strong>bist.</strong></span> <span class='ocrx_word' id='word_1_189' title='bbox 1356 2631 1534 2710; x_wconf 90' lang='lat' dir='ltr'><strong>plant.</strong></span> <span class='ocrx_word' id='word_1_190' title='bbox 1573 2630 1624 2690; x_wconf 87' lang='lat' dir='ltr'><strong>Il</strong></span> <span class='ocrx_word' id='word_1_191' title='bbox 1665 2627 1705 2691; x_wconf 87' lang='grc'>6</span> <span class='ocrx_word' id='word_1_192' title='bbox 1745 2631 2063 2710; x_wconf 84' lang='lat' dir='ltr'><strong>praedicat.</strong></span> <span class='ocrx_word' id='word_1_193' title='bbox 2140 2633 2338 2710; x_wconf 87' lang='lat' dir='ltr'><strong>itaque</strong></span> <span class='ocrx_word' id='word_1_194' title='bbox 2376 2635 2580 2708; x_wconf 79' lang='lat' dir='ltr'><strong>syrias</strong></span> 
     </span>
     <span class='ocr_line' id='line_1_22' title="bbox 299 2737 2583 2821; baseline 0.003 -28"><span class='ocrx_word' id='word_1_195' title='bbox 299 2738 526 2818; x_wconf 73' lang='lat' dir='ltr'><strong>scripsi,</strong></span> <span class='ocrx_word' id='word_1_196' title='bbox 558 2755 674 2814; x_wconf 88' lang='lat' dir='ltr'><strong>quo</strong></span> <span class='ocrx_word' id='word_1_197' title='bbox 715 2755 905 2815; x_wconf 84' lang='lat' dir='ltr'><strong>genus</strong></span> <span class='ocrx_word' id='word_1_198' title='bbox 935 2739 1301 2816; x_wconf 82' lang='lat' dir='ltr'><strong>significatur</strong></span> <span class='ocrx_word' id='word_1_199' title='bbox 1331 2748 1726 2821; x_wconf 80' lang='lat' dir='ltr'><strong>caryotarum,</strong></span> <span class='ocrx_word' id='word_1_200' title='bbox 1766 2757 1913 2817; x_wconf 90' lang='lat' dir='ltr'><strong>quae</strong></span> <span class='ocrx_word' id='word_1_201' title='bbox 1945 2757 1975 2798; x_wconf 93' lang='lat' dir='ltr'><strong>a</strong></span> <span class='ocrx_word' id='word_1_202' title='bbox 2008 2739 2174 2818; x_wconf 88' lang='lat' dir='ltr'><strong>Syria</strong></span> <span class='ocrx_word' id='word_1_203' title='bbox 2205 2737 2583 2800; x_wconf 85' lang='lat' dir='ltr'><strong>dicebantur:</strong></span> 
     </span>
     <span class='ocr_line' id='line_1_23' title="bbox 298 2842 2586 2927; baseline 0.001 -26"><span class='ocrx_word' id='word_1_204' title='bbox 298 2859 422 2901; x_wconf 90' lang='lat' dir='ltr'><strong>nam</strong></span> <span class='ocrx_word' id='word_1_205' title='bbox 475 2842 765 2922; x_wconf 90' lang='lat' dir='ltr'><strong>palmulae</strong></span> <span class='ocrx_word' id='word_1_206' title='bbox 821 2843 1096 2904; x_wconf 88' lang='lat' dir='ltr'><strong>videntur</strong></span> <span class='ocrx_word' id='word_1_207' title='bbox 1144 2844 1387 2905; x_wconf 87' lang='lat' dir='ltr'><strong>arbores</strong></span> <span class='ocrx_word' id='word_1_208' title='bbox 1436 2845 1572 2927; x_wconf 84' lang='lat' dir='ltr'><strong>dici,</strong></span> <span class='ocrx_word' id='word_1_209' title='bbox 1620 2864 1769 2924; x_wconf 88' lang='lat' dir='ltr'><strong>quae</strong></span> <span class='ocrx_word' id='word_1_210' title='bbox 1818 2854 2086 2924; x_wconf 83' lang='lat' dir='ltr'><strong>caryotas</strong></span> <span class='ocrx_word' id='word_1_211' title='bbox 2147 2846 2412 2927; x_wconf 85' lang='lat' dir='ltr'><strong>pariunt,</strong></span> <span class='ocrx_word' id='word_1_212' title='bbox 2470 2863 2586 2905; x_wconf 92' lang='lat' dir='ltr'><strong>non</strong></span> 
     </span>
     <span class='ocr_line' id='line_1_24' title="bbox 300 2948 2319 3031; baseline 0.002 -24"><span class='ocrx_word' id='word_1_213' title='bbox 300 2948 528 3010; x_wconf 79' lang='lat' dir='ltr'><strong>fructus</strong></span> <span class='ocrx_word' id='word_1_214' title='bbox 575 2952 706 3031; x_wconf 83' lang='lat' dir='ltr'><strong>ipsi,</strong></span> <span class='ocrx_word' id='word_1_215' title='bbox 747 2955 1051 3027; x_wconf 85' lang='lat' dir='ltr'><strong>palmulas</strong></span> <span class='ocrx_word' id='word_1_216' title='bbox 1099 2960 1380 3014; x_wconf 83' lang='lat' dir='ltr'><strong>careotas</strong></span> <span class='ocrx_word' id='word_1_217' title='bbox 1428 2956 1635 3030; x_wconf 81' lang='lat' dir='ltr'><strong>syrias</strong></span> <span class='ocrx_word' id='word_1_218' title='bbox 1676 2971 1907 3029; x_wconf 86' lang='lat' dir='ltr'><strong>parere</strong></span> <span class='ocrx_word' id='word_1_219' title='bbox 1955 2955 2016 3011; x_wconf 82' lang='lat' dir='ltr'><strong>in</strong></span> <span class='ocrx_word' id='word_1_220' title='bbox 2065 2952 2319 3012; x_wconf 82' lang='lat' dir='ltr'><strong>Iudaea.</strong></span> 
     </span>
    </p>

    <p class='ocr_par' dir='ltr' id='par_1_5' title="bbox 300 3052 2583 3349">
     <span class='ocr_line' id='line_1_25' title="bbox 475 3052 2583 3138; baseline 0 -22"><span class='ocrx_word' id='word_1_221' title='bbox 475 3052 557 3118; x_wconf 82' lang='lat'><strong>28</strong></span> <span class='ocrx_word' id='word_1_222' title='bbox 633 3059 803 3131; x_wconf 79' lang='lat' dir='ltr'><strong>Quae</strong></span> <span class='ocrx_word' id='word_1_223' title='bbox 848 3061 1056 3133; x_wconf 75' lang='lat' dir='ltr'><strong>latiuS,</strong></span> <span class='ocrx_word' id='word_1_224' title='bbox 1106 3059 1262 3138; x_wconf 91' lang='lat' dir='ltr'><strong>quod</strong></span> <span class='ocrx_word' id='word_1_225' title='bbox 1320 3062 1380 3119; x_wconf 92' lang='lat' dir='ltr'><strong>in</strong></span> <span class='ocrx_word' id='word_1_226' title='bbox 1437 3061 1709 3138; x_wconf 89' lang='lat' dir='ltr'><strong>principe</strong></span> <span class='ocrx_word' id='word_1_227' title='bbox 1771 3059 2031 3119; x_wconf 86' lang='lat' dir='ltr'><strong>editione</strong></span> <span class='ocrx_word' id='word_1_228' title='bbox 2086 3057 2412 3118; x_wconf 90' lang='lat' dir='ltr'><strong>Politianus</strong></span> <span class='ocrx_word' id='word_1_229' title='bbox 2467 3077 2583 3118; x_wconf 93' lang='lat' dir='ltr'><strong>non</strong></span> 
     </span>
     <span class='ocr_line' id='line_1_26' title="bbox 301 3164 2583 3246; baseline 0.002 -25"><span class='ocrx_word' id='word_1_230' title='bbox 301 3166 584 3245; x_wconf 82' lang='lat' dir='ltr'><strong>correxit,</strong></span> <span class='ocrx_word' id='word_1_231' title='bbox 651 3164 910 3226; x_wconf 87' lang='lat' dir='ltr'><strong>Merulae</strong></span> <span class='ocrx_word' id='word_1_232' title='bbox 969 3170 1346 3228; x_wconf 90' lang='lat' dir='ltr'><strong>coniecturae</strong></span> <span class='ocrx_word' id='word_1_233' title='bbox 1404 3167 1612 3227; x_wconf 91' lang='lat' dir='ltr'><strong>deberi</strong></span> <span class='ocrx_word' id='word_1_234' title='bbox 1668 3167 1928 3246; x_wconf 83' lang='lat' dir='ltr'><strong>videtur3</strong></span> <span class='ocrx_word' id='word_1_235' title='bbox 1994 3168 2158 3241; x_wconf 83' lang='lat' dir='ltr'><strong>quod</strong></span> <span class='ocrx_word' id='word_1_236' title='bbox 2214 3164 2350 3224; x_wconf 89' lang='lat' dir='ltr'><strong>libri</strong></span> <span class='ocrx_word' id='word_1_237' title='bbox 2405 3184 2583 3226; x_wconf 88' lang='lat' dir='ltr'><strong>manu</strong></span> 
     </span>
     <span class='ocr_line' id='line_1_27' title="bbox 300 3272 522 3349; baseline 0.018 -23"><span class='ocrx_word' id='word_1_238' title='bbox 300 3272 522 3349; x_wconf 89' lang='lat' dir='ltr'><strong>scripti.</strong></span> 
     </span>
    </p>

    <p class='ocr_par' dir='ltr' id='par_1_6' title="bbox 302 3375 2585 3779">
     <span class='ocr_line' id='line_1_28' title="bbox 468 3375 2584 3459; baseline 0.001 -22"><span class='ocrx_word' id='word_1_239' title='bbox 468 3384 522 3437; x_wconf 91' lang='grc' dir='ltr'>Π</span> <span class='ocrx_word' id='word_1_240' title='bbox 579 3375 621 3439; x_wconf 83' lang='grc'><strong><em>2</em></strong></span> <span class='ocrx_word' id='word_1_241' title='bbox 700 3377 897 3440; x_wconf 89' lang='lat' dir='ltr'><strong>Nunc</strong></span> <span class='ocrx_word' id='word_1_242' title='bbox 965 3382 1265 3459; x_wconf 90' lang='lat' dir='ltr'><strong>quintus</strong></span> <span class='ocrx_word' id='word_1_243' title='bbox 1330 3380 1683 3441; x_wconf 89' lang='lat' dir='ltr'><strong>caecilius</strong></span> <span class='ocrx_word' id='word_1_244' title='bbox 1732 3399 1885 3441; x_wconf 90' lang='lat' dir='ltr'><strong>cum</strong></span> <span class='ocrx_word' id='word_1_245' title='bbox 1952 3382 2238 3440; x_wconf 89' lang='lat' dir='ltr'><strong>nomine</strong></span> <span class='ocrx_word' id='word_1_246' title='bbox 2303 3380 2584 3458; x_wconf 88' lang='lat' dir='ltr'><strong>eodem]</strong></span> 
     </span>
     <span class='ocr_line' id='line_1_29' title="bbox 307 3485 2585 3559; baseline 0.001 -16"><span class='ocrx_word' id='word_1_247' title='bbox 307 3485 665 3559; x_wconf 73' lang='lat' dir='ltr'><strong>Coqnomine</strong></span> <span class='ocrx_word' id='word_1_248' title='bbox 732 3489 937 3547; x_wconf 81' lang='lat' dir='ltr'><strong>eodem</strong></span> <span class='ocrx_word' id='word_1_249' title='bbox 1003 3486 1301 3547; x_wconf 89' lang='lat' dir='ltr'><strong>Victorius</strong></span> <span class='ocrx_word' id='word_1_250' title='bbox 1369 3495 1430 3547; x_wconf 88' lang='lat' dir='ltr'><strong>et</strong></span> <span class='ocrx_word' id='word_1_251' title='bbox 1485 3486 1756 3547; x_wconf 79' lang='lat' dir='ltr'><strong>Ursinus,</strong></span> <span class='ocrx_word' id='word_1_252' title='bbox 1842 3487 2100 3547; x_wconf 82' lang='lat' dir='ltr'><strong>Atticum</strong></span> <span class='ocrx_word' id='word_1_253' title='bbox 2168 3486 2239 3547; x_wconf 92' lang='lat' dir='ltr'><strong>ab</strong></span> <span class='ocrx_word' id='word_1_254' title='bbox 2297 3488 2585 3548; x_wconf 90' lang='lat' dir='ltr'><strong>avunculo</strong></span> 
     </span>
     <span class='ocr_line' id='line_1_30' title="bbox 302 3588 2583 3674; baseline 0.002 -24"><span class='ocrx_word' id='word_1_255' title='bbox 302 3588 513 3660; x_wconf 88' lang='lat' dir='ltr'><strong>Quinto</strong></span> <span class='ocrx_word' id='word_1_256' title='bbox 566 3591 819 3653; x_wconf 91' lang='lat' dir='ltr'><strong>Caecilio</strong></span> <span class='ocrx_word' id='word_1_257' title='bbox 866 3602 1221 3655; x_wconf 90' lang='lat' dir='ltr'><strong>testamento</strong></span> <span class='ocrx_word' id='word_1_258' title='bbox 1270 3594 1611 3674; x_wconf 88' lang='lat' dir='ltr'><strong>adoptatum</strong></span> <span class='ocrx_word' id='word_1_259' title='bbox 1662 3612 1791 3655; x_wconf 88' lang='lat' dir='ltr'><strong>esse</strong></span> <span class='ocrx_word' id='word_1_260' title='bbox 1832 3612 1880 3653; x_wconf 89' lang='lat' dir='ltr'><strong>a.</strong></span> <span class='ocrx_word' id='word_1_261' title='bbox 1921 3590 2050 3654; x_wconf 86' lang='lat'><strong>696</strong></span> <span class='ocrx_word' id='word_1_262' title='bbox 2097 3604 2340 3654; x_wconf 90' lang='lat' dir='ltr'><strong>narrant</strong></span> <span class='ocrx_word' id='word_1_263' title='bbox 2375 3593 2583 3654; x_wconf 89' lang='lat' dir='ltr'><strong>Cicero</strong></span> 
     </span>
     <span class='ocr_line' id='line_1_31' title="bbox 303 3696 1893 3779; baseline 0.003 -24"><span class='ocrx_word' id='word_1_264' title='bbox 303 3696 366 3756; x_wconf 89' lang='lat' dir='ltr'><strong>ad</strong></span> <span class='ocrx_word' id='word_1_265' title='bbox 412 3701 530 3759; x_wconf 86' lang='lat' dir='ltr'><strong>Att.</strong></span> <span class='ocrx_word' id='word_1_266' title='bbox 570 3699 651 3758; x_wconf 87' lang='lat'><strong>111</strong></span> <span class='ocrx_word' id='word_1_267' title='bbox 690 3696 776 3760; x_wconf 83' lang='lat'><strong>20</strong></span> <span class='ocrx_word' id='word_1_268' title='bbox 823 3708 883 3759; x_wconf 89' lang='lat' dir='ltr'><strong>et</strong></span> <span class='ocrx_word' id='word_1_269' title='bbox 930 3699 1240 3761; x_wconf 88' lang='lat' dir='ltr'><strong>Cornelius</strong></span> <span class='ocrx_word' id='word_1_270' title='bbox 1289 3700 1486 3779; x_wconf 88' lang='lat' dir='ltr'><strong>Nepos</strong></span> <span class='ocrx_word' id='word_1_271' title='bbox 1538 3703 1637 3761; x_wconf 90' lang='lat' dir='ltr'><strong>vit.</strong></span> <span class='ocrx_word' id='word_1_272' title='bbox 1676 3700 1793 3762; x_wconf 87' lang='lat' dir='ltr'><strong>Att.</strong></span> <span class='ocrx_word' id='word_1_273' title='bbox 1834 3697 1893 3760; x_wconf 81' lang='lat'><strong>5.</strong></span> 
     </span>
    </p>

    <p class='ocr_par' dir='ltr' id='par_1_7' title="bbox 300 3805 2584 4101">
     <span class='ocr_line' id='line_1_32' title="bbox 468 3805 2584 3884; baseline 0.001 -19"><span class='ocrx_word' id='word_1_274' title='bbox 468 3806 819 3877; x_wconf 87' lang='lat' dir='ltr'><strong>Quoniam</strong></span> <span class='ocrx_word' id='word_1_275' title='bbox 867 3809 936 3867; x_wconf 95' lang='lat' dir='ltr'><strong>in</strong></span> <span class='ocrx_word' id='word_1_276' title='bbox 987 3826 1086 3867; x_wconf 90' lang='lat' dir='ltr'><strong>me</strong></span> <span class='ocrx_word' id='word_1_277' title='bbox 1138 3807 1386 3868; x_wconf 89' lang='lat' dir='ltr'><strong>uidere</strong></span> <span class='ocrx_word' id='word_1_278' title='bbox 1436 3809 1799 3868; x_wconf 92' lang='lat' dir='ltr'><strong>conicisse</strong></span> <span class='ocrx_word' id='word_1_279' title='bbox 1839 3805 2130 3884; x_wconf 92' lang='lat' dir='ltr'><strong>oculos]</strong></span> <span class='ocrx_word' id='word_1_280' title='bbox 2172 3808 2245 3866; x_wconf 87' lang='lat' dir='ltr'><strong>In</strong></span> <span class='ocrx_word' id='word_1_281' title='bbox 2284 3825 2375 3868; x_wconf 84' lang='lat' dir='ltr'><strong>me</strong></span> <span class='ocrx_word' id='word_1_282' title='bbox 2411 3810 2584 3868; x_wconf 84' lang='lat' dir='ltr'><strong>video</strong></span> 
     </span>
     <span class='ocr_line' id='line_1_33' title="bbox 303 3912 2583 3994; baseline 0.002 -25"><span class='ocrx_word' id='word_1_283' title='bbox 303 3916 626 3974; x_wconf 81' lang='lat' dir='ltr'><strong>coniecisse</strong></span> <span class='ocrx_word' id='word_1_284' title='bbox 671 3912 914 3994; x_wconf 84' lang='lat' dir='ltr'><strong>Merula,</strong></span> <span class='ocrx_word' id='word_1_285' title='bbox 959 3932 1061 3974; x_wconf 86' lang='lat' dir='ltr'><strong>vos</strong></span> <span class='ocrx_word' id='word_1_286' title='bbox 1109 3918 1169 3975; x_wconf 83' lang='lat' dir='ltr'><strong>in</strong></span> <span class='ocrx_word' id='word_1_287' title='bbox 1217 3933 1310 3975; x_wconf 87' lang='lat' dir='ltr'><strong>me</strong></span> <span class='ocrx_word' id='word_1_288' title='bbox 1356 3918 1527 3976; x_wconf 84' lang='lat' dir='ltr'><strong>video</strong></span> <span class='ocrx_word' id='word_1_289' title='bbox 1574 3918 1906 3985; x_wconf 79' lang='lat' dir='ltr'><strong>coniecisse</strong></span> <span class='ocrx_word' id='word_1_290' title='bbox 1944 3912 2261 3974; x_wconf 80' lang='lat' dir='ltr'><strong>IucunduS.</strong></span> <span class='ocrx_word' id='word_1_291' title='bbox 2336 3912 2583 3974; x_wconf 89' lang='lat' dir='ltr'><strong>Varroni</strong></span> 
     </span>
     <span class='ocr_line' id='line_1_34' title="bbox 300 4018 2165 4101; baseline 0.002 -23"><span class='ocrx_word' id='word_1_292' title='bbox 300 4021 513 4095; x_wconf 91' lang='lat' dir='ltr'><strong>primae</strong></span> <span class='ocrx_word' id='word_1_293' title='bbox 562 4028 764 4099; x_wconf 90' lang='lat' dir='ltr'><strong>partes</strong></span> <span class='ocrx_word' id='word_1_294' title='bbox 812 4020 1229 4100; x_wconf 89' lang='lat' dir='ltr'><strong>disputationis</strong></span> <span class='ocrx_word' id='word_1_295' title='bbox 1279 4021 1532 4082; x_wconf 91' lang='lat' dir='ltr'><strong>tributae</strong></span> <span class='ocrx_word' id='word_1_296' title='bbox 1583 4030 1755 4082; x_wconf 89' lang='lat' dir='ltr'><strong>erant</strong></span> <span class='ocrx_word' id='word_1_297' title='bbox 1801 4040 1979 4100; x_wconf 88' lang='lat' dir='ltr'><strong>supra</strong></span> <span class='ocrx_word' id='word_1_298' title='bbox 2024 4020 2077 4101; x_wconf 84' lang='lat'><strong>1,</strong></span> <span class='ocrx_word' id='word_1_299' title='bbox 2108 4018 2165 4081; x_wconf 87' lang='lat'><strong>3.</strong></span> 
     </span>
    </p>

    <p class='ocr_par' dir='ltr' id='par_1_8' title="bbox 300 4127 2582 4529">
     <span class='ocr_line' id='line_1_35' title="bbox 467 4127 2582 4205; baseline 0.001 -17"><span class='ocrx_word' id='word_1_300' title='bbox 467 4128 663 4199; x_wconf 87' lang='lat' dir='ltr'><strong>Quae</strong></span> <span class='ocrx_word' id='word_1_301' title='bbox 729 4131 826 4189; x_wconf 88' lang='lat' dir='ltr'><strong>ita</strong></span> <span class='ocrx_word' id='word_1_302' title='bbox 884 4127 963 4188; x_wconf 93' lang='lat' dir='ltr'><strong>ab</strong></span> <span class='ocrx_word' id='word_1_303' title='bbox 1021 4127 1291 4205; x_wconf 89' lang='lat' dir='ltr'><strong>aetate]</strong></span> <span class='ocrx_word' id='word_1_304' title='bbox 1370 4131 1539 4201; x_wconf 77' lang='lat' dir='ltr'><strong>Quae</strong></span> <span class='ocrx_word' id='word_1_305' title='bbox 1597 4132 1682 4190; x_wconf 84' lang='lat' dir='ltr'><strong>ita</strong></span> <span class='ocrx_word' id='word_1_306' title='bbox 1739 4135 2190 4204; x_wconf 71' lang='lat' dir='ltr'><strong>coqnoscuntur</strong></span> <span class='ocrx_word' id='word_1_307' title='bbox 2245 4131 2322 4188; x_wconf 85' lang='lat' dir='ltr'><strong>ab</strong></span> <span class='ocrx_word' id='word_1_308' title='bbox 2380 4135 2582 4190; x_wconf 86' lang='lat' dir='ltr'><strong>aetate</strong></span> 
     </span>
     <span class='ocr_line' id='line_1_36' title="bbox 300 4230 2579 4316; baseline 0.002 -24"><span class='ocrx_word' id='word_1_309' title='bbox 300 4230 710 4296; x_wconf 83' lang='lat' dir='ltr'><strong>SchneideruS.</strong></span> <span class='ocrx_word' id='word_1_310' title='bbox 780 4253 918 4295; x_wconf 89' lang='lat' dir='ltr'><strong>oves</strong></span> <span class='ocrx_word' id='word_1_311' title='bbox 948 4233 1019 4294; x_wconf 89' lang='lat' dir='ltr'><strong>ab</strong></span> <span class='ocrx_word' id='word_1_312' title='bbox 1050 4242 1238 4295; x_wconf 89' lang='lat' dir='ltr'><strong>aetate</strong></span> <span class='ocrx_word' id='word_1_313' title='bbox 1270 4234 1456 4295; x_wconf 91' lang='lat' dir='ltr'><strong>bonae</strong></span> <span class='ocrx_word' id='word_1_314' title='bbox 1487 4243 1628 4295; x_wconf 88' lang='lat' dir='ltr'><strong>sunt</strong></span> <span class='ocrx_word' id='word_1_315' title='bbox 1666 4238 1762 4316; x_wconf 83' lang='lat' dir='ltr'><strong>ita,</strong></span> <span class='ocrx_word' id='word_1_316' title='bbox 1802 4237 1851 4294; x_wconf 91' lang='lat' dir='ltr'><strong>si</strong></span> <span class='ocrx_word' id='word_1_317' title='bbox 1891 4253 2083 4314; x_wconf 89' lang='lat' dir='ltr'><strong>neque</strong></span> <span class='ocrx_word' id='word_1_318' title='bbox 2123 4234 2353 4295; x_wconf 90' lang='lat' dir='ltr'><strong>vetulae</strong></span> <span class='ocrx_word' id='word_1_319' title='bbox 2386 4254 2579 4314; x_wconf 91' lang='lat' dir='ltr'><strong>neque</strong></span> 
     </span>
     <span class='ocr_line' id='line_1_37' title="bbox 300 4338 2579 4421; baseline 0.001 -20"><span class='ocrx_word' id='word_1_320' title='bbox 300 4358 485 4403; x_wconf 90' lang='lat' dir='ltr'><strong>merae</strong></span> <span class='ocrx_word' id='word_1_321' title='bbox 534 4360 718 4421; x_wconf 86' lang='lat' dir='ltr'><strong>agnae</strong></span> <span class='ocrx_word' id='word_1_322' title='bbox 768 4350 933 4402; x_wconf 75' lang='lat' dir='ltr'><strong>suntt</strong></span> <span class='ocrx_word' id='word_1_323' title='bbox 993 4341 1016 4400; x_wconf 94' lang='lat' dir='ltr'>I</span> <span class='ocrx_word' id='word_1_324' title='bbox 1060 4338 1167 4421; x_wconf 89' lang='lat'><strong>14,</strong></span> <span class='ocrx_word' id='word_1_325' title='bbox 1205 4341 1246 4403; x_wconf 84' lang='lat'><strong><em>2</em></strong></span> <span class='ocrx_word' id='word_1_326' title='bbox 1297 4341 1467 4417; x_wconf 81' lang='lat' dir='ltr'><strong>fossa</strong></span> <span class='ocrx_word' id='word_1_327' title='bbox 1524 4346 1610 4403; x_wconf 90' lang='lat' dir='ltr'><strong>ita</strong></span> <span class='ocrx_word' id='word_1_328' title='bbox 1659 4345 1896 4416; x_wconf 83' lang='lat' dir='ltr'><strong>idonea,</strong></span> <span class='ocrx_word' id='word_1_329' title='bbox 1943 4346 2001 4402; x_wconf 84' lang='lat' dir='ltr'><strong>si</strong></span> <span class='ocrx_word' id='word_1_330' title='bbox 2053 4361 2281 4404; x_wconf 82' lang='lat' dir='ltr'><strong>omnem</strong></span> <span class='ocrx_word' id='word_1_331' title='bbox 2340 4360 2579 4418; x_wconf 82' lang='lat' dir='ltr'><strong>aquam,</strong></span> 
     </span>
     <span class='ocr_line' id='line_1_38' title="bbox 302 4452 1548 4529; baseline 0.002 -21"><span class='ocrx_word' id='word_1_332' title='bbox 302 4465 446 4521; x_wconf 84' lang='lat' dir='ltr'><strong>quae</strong></span> <span class='ocrx_word' id='word_1_333' title='bbox 492 4468 527 4510; x_wconf 91' lang='lat' dir='ltr'><strong>e</strong></span> <span class='ocrx_word' id='word_1_334' title='bbox 575 4452 746 4509; x_wconf 81' lang='lat' dir='ltr'><strong>caelo</strong></span> <span class='ocrx_word' id='word_1_335' title='bbox 791 4452 967 4529; x_wconf 84' lang='lat' dir='ltr'><strong>venit,</strong></span> <span class='ocrx_word' id='word_1_336' title='bbox 1016 4452 1297 4524; x_wconf 83' lang='lat' dir='ltr'><strong>recipere</strong></span> <span class='ocrx_word' id='word_1_337' title='bbox 1335 4456 1548 4526; x_wconf 85' lang='lat' dir='ltr'><strong>potest.</strong></span> 
     </span>
    </p>

    <p class='ocr_par' dir='ltr' id='par_1_9' title="bbox 468 4555 2580 4636">
     <span class='ocr_line' id='line_1_39' title="bbox 468 4555 2580 4636; baseline 0 -20"><span class='ocrx_word' id='word_1_338' title='bbox 468 4556 756 4616; x_wconf 85' lang='lat' dir='ltr'><strong>Alterae</strong></span> <span class='ocrx_word' id='word_1_339' title='bbox 805 4558 934 4616; x_wconf 89' lang='lat' dir='ltr'><strong>iam</strong></span> <span class='ocrx_word' id='word_1_340' title='bbox 987 4555 1291 4616; x_wconf 88' lang='lat' dir='ltr'><strong>nondum</strong></span> <span class='ocrx_word' id='word_1_341' title='bbox 1351 4556 1623 4617; x_wconf 91' lang='lat' dir='ltr'><strong>alterae</strong></span> <span class='ocrx_word' id='word_1_342' title='bbox 1672 4557 1802 4616; x_wconf 92' lang='lat' dir='ltr'><strong>iam</strong></span> <span class='ocrx_word' id='word_1_343' title='bbox 1861 4575 1997 4616; x_wconf 93' lang='lat' dir='ltr'><strong>non</strong></span> <span class='ocrx_word' id='word_1_344' title='bbox 2056 4567 2362 4636; x_wconf 89' lang='lat' dir='ltr'><strong>possunt</strong></span> <span class='ocrx_word' id='word_1_345' title='bbox 2415 4557 2580 4617; x_wconf 80' lang='lat' dir='ltr'><strong>dare</strong></span> 
     </span>
    </p>
   </div>
   <div class='ocr_carea' id='block_1_3' title="bbox 401 4663 2154 4711">
    <p class='ocr_par' dir='ltr' id='par_1_10' title="bbox 401 4663 2154 4711">
     <span class='ocr_line' id='line_1_40' title="bbox 401 4663 2154 4711; baseline 0.001 -4"><span class='ocrx_word' id='word_1_346' title='bbox 401 4668 553 4708; x_wconf 74' lang='lat' dir='ltr'>VARR.</span> <span class='ocrx_word' id='word_1_347' title='bbox 583 4678 689 4709; x_wconf 69' lang='lat' dir='ltr'><strong>nnn.</strong></span> <span class='ocrx_word' id='word_1_348' title='bbox 718 4678 851 4707; x_wconf 71' lang='lat' dir='ltr'><strong>nvs‘r.</strong></span> <span class='ocrx_word' id='word_1_349' title='bbox 907 4667 967 4706; x_wconf 93' lang='lat' dir='ltr'><strong>II.</strong></span> <span class='ocrx_word' id='word_1_350' title='bbox 2090 4663 2154 4711; x_wconf 93' lang='lat'><strong>10</strong></span> 
     </span>
    </p>
   </div>
  </div>
 </body>
</html>
