3178 5185
785 406 1046 461 RERVM
1082 406 1561 462 RVSTICARVM
1599 408 1733 463 LIB.
1774 409 1800 462 I
1841 408 2098 465 60—63
2455 401 2581 466 125

306 562 577 637 partibus
626 563 878 622 decocta
926 569 986 622 et
1033 562 1184 641 apud
1237 561 1469 623 Celsum
1520 563 1591 623 de
1640 562 1792 624 med.
1832 562 1879 621 V
1918 560 2020 644 28,
2062 560 2144 625 16
2202 583 2459 627 amurca
2508 569 2593 627 ad

311 670 537 728 tertiam
577 676 824 744 partem
884 671 1154 731 decocta.
1248 669 1509 729 decoctis
1576 670 1733 730 enim
1791 669 2021 730 duabus
2077 672 2356 750 partibus
2414 672 2587 733 relin-

242 815 245 818 -
308 777 496 852 quitur
542 776 750 857 tertia;
812 784 870 836 et
916 778 995 837 ita
1054 778 1294 855 scripsit
1348 775 1533 836 Varro
1580 777 1605 836 Ι
1645 774 1702 856 2,
1742 774 1826 837 26
1901 796 2090 852 usque
2153 797 2275 854 qua
2331 783 2417 841 ad
2470 787 2588 842 ter-

304 885 435 941 tiam
474 889 722 959 partem
768 885 1089 944 decoxeris
1138 891 1198 944 et
1244 882 1563 944 Columella
1610 881 1716 942 XII
1758 881 1855 965 12,
1886 881 1925 945 3
1974 903 2163 960 usque
2201 889 2263 948 in
2301 894 2586 962 quartam

297 996 521 1065 partem
590 993 964 1065 decoquunt,
1030 991 1171 1050 item
1238 988 1344 1049 XII
1383 986 1487 1071 24,
1529 987 1562 1051 1
1635 999 1693 1050 et
1749 989 1856 1049 XII
1894 987 1996 1052 34.
2089 999 2302 1052 neutro
2367 1012 2583 1072 genere

304 1098 586 1177 participii
636 1095 1077 1172 refriqeratum
1125 1115 1188 1156 ea
1237 1115 1374 1176 pars
1432 1114 1733 1171 amurcae,
1783 1115 1932 1176 qnae
1989 1106 2124 1176 post
2180 1098 2583 1160 decoctionem

300 1202 491 1264 relicta
553 1212 615 1264 et
673 1203 1017 1283 refrigerata
1079 1212 1194 1286 est,
1256 1204 1647 1283 significatur:
1712 1201 1835 1284 12,
1878 1201 1956 1264 17
2009 1213 2068 1265 et
2113 1203 2262 1288 113,
2304 1204 2337 1266 7
2389 1225 2584 1285 capra

300 1318 523 1393 natum,
589 1309 646 1371 ΙΙ
685 1308 746 1393 2,
787 1308 870 1372 14
916 1319 1125 1372 natum
1172 1330 1252 1373 ex
1296 1314 1416 1388 his,
1485 1311 1509 1371 I
1552 1309 1652 1393 13,
1691 1309 1732 1372 2
1781 1314 1946 1371 intra
2005 1317 2276 1374 clausum
2334 1317 2397 1374 in
2444 1332 2583 1375 con-

298 1426 518 1496 saepto,
581 1417 608 1478 I
648 1416 753 1500 41,
795 1416 829 1479 1
880 1422 1116 1481 recenti
1160 1422 1366 1500 insito,
1413 1417 1492 1478 111
1533 1415 1636 1501 17,
1677 1416 1712 1479 7
1762 1423 2263 1481 salsamentorum
2311 1427 2583 1498 emptum.

463 1531 620 1585 LXII
685 1526 780 1587 Ea
846 1526 1028 1606 quod
1097 1525 1484 1587 dissimilia
1549 1534 1716 1587 sunt
1780 1529 1975 1588 inter
2048 1547 2119 1588 se
2194 1527 2372 1588 aliut
2445 1528 2583 1589 alio

298 1641 612 1713 tempore
661 1633 1005 1694 tuendum
1065 1642 1133 1694 et
1190 1631 1558 1712 utendum]
1609 1633 1882 1712 Ineptum
1931 1642 2021 1695 est
2069 1636 2225 1714 quod
2274 1635 2464 1696 adhuc
2513 1655 2581 1695 ex

298 1739 490 1800 Aldina
530 1740 796 1801 editione
846 1749 1152 1819 receptum
1204 1750 1329 1801 erat
1376 1759 1450 1802 ea
1497 1759 1656 1817 quae
1702 1743 2021 1802 dissimilia
2067 1748 2222 1803 sunt.
2299 1742 2402 1803 sed
2445 1762 2586 1821 quo-

298 1848 440 1907 niam
491 1865 559 1908 ea
610 1866 764 1927 qnae
813 1848 1050 1908 condita
1098 1856 1237 1908 sunt
1285 1855 1385 1907 aut
1447 1847 1652 1908 tuendi
1709 1856 1811 1908 aut
1867 1849 2072 1909 utendi
2133 1857 2233 1909 aut
2293 1849 2585 1910 vendendi

297 1972 460 2015 causa
518 1963 883 2035 promuntur
940 1963 1000 2016 et
1056 1954 1126 2015 de
1185 1956 1258 2015 iis
1317 1972 1468 2034 quae
1536 1954 1837 2015 vendenda
1905 1964 2044 2015 sunt
2110 1955 2328 2016 dicitur
2395 1976 2444 2017 c.
2484 1953 2587 2037 69,

232 2126 239 2134 ,
299 2060 673 2123 scribendum
726 2070 852 2122 erat
898 2065 1072 2124 aliud
1116 2066 1236 2124 alio
1285 2068 1550 2139 tempore
1587 2064 1875 2123 tuendum
1914 2069 1973 2123 et
2018 2065 2306 2124 utendum
2353 2071 2412 2124 et
2448 2082 2582 2123 ven-

299 2171 567 2230 ciendum.

462 2282 646 2336 LXIII
712 2262 788 2336 In
838 2276 991 2337 sole
1039 2295 1304 2357 ponere
1354 2284 1644 2356 oportet
1699 2294 1920 2355 aquae
1978 2278 2280 2349 catinos]
2340 2278 2586 2355 Oportet

298 2390 469 2457 atque
517 2386 759 2444 catinos
807 2382 1042 2445 codices
1080 2382 1254 2444 Nonii
1293 2403 1350 2463 p.
1389 2379 1537 2465 546,
1575 2379 1616 2443 9
1657 2392 1717 2443 et
1755 2383 1934 2443 editio
1973 2386 2249 2463 princeps
2288 2383 2583 2458 Varronis,

303 2491 606 2552 manifesto
658 2491 818 2570 vitio,
868 2510 984 2569 quo
1034 2499 1230 2551 tamen
1271 2488 1675 2550 Schneider-us
1725 2499 2056 2551 commotus
2104 2498 2194 2551 est
2242 2499 2307 2551 ut
2353 2500 2586 2568 oportet

297 2604 466 2673 atque
512 2616 720 2674 aquae
765 2601 1000 2660 catinos
1044 2600 1107 2659 in
1156 2598 1474 2659 editionem
1523 2599 1834 2677 reciperet.

461 2706 558 2766 Ad
612 2725 786 2766 usus
842 2706 1124 2766 cibatus
1184 2703 1551 2786 expedire]
1610 2708 1857 2767 Cibatus
1904 2706 2120 2767 delevit
2165 2706 2417 2767 Ursinus
2466 2706 2582 2767 col·

296 2809 415 2871 latis
456 2814 530 2872 iis
573 2831 727 2892 quae
756 2820 959 2892 postea
1001 2815 1220 2892 scripta
1264 2822 1404 2873 sunt
1442 2832 1491 2872 c.
1515 2809 1603 2874 64
1640 2816 1728 2874 ad
1760 2795 1933 2874 usum
1972 2820 2141 2875 recte
2169 2817 2476 2890 promitur
2524 2822 2583 2875 et

296 2936 339 2976 c.
376 2915 457 2980 68
507 2922 758 2995 quando
808 2923 893 2981 ad
934 2938 1107 2981 usum
1155 2926 1432 2996 oporteat
1469 2923 1688 2996 promi.
1764 2930 1969 2981 contra
2008 2923 2094 2981 ad
2137 2923 2403 2982 cibatum
2441 2920 2580 2999 legi-

296 3031 385 3083 tur
422 3021 525 3106 69,
569 3024 627 3108 1,
674 3029 841 3101 quoa
884 3029 970 3088 ad
1013 3028 1279 3087 cibatum
1327 3029 1673 3104 expeditum
1721 3046 1849 3088 esse
1895 3031 2053 3090 veliS.
2128 3029 2329 3107 itaque
2369 3030 2581 3107 scripsi

295 3134 374 3191 ad
414 3151 588 3194 usum
640 3135 878 3194 cibatus
925 3137 1235 3210 expedire.
1325 3152 1458 3192 nam
1506 3133 1722 3213 plurali
1769 3152 2016 3195 numero
2067 3153 2258 3214 neque
2307 3137 2394 3196 ad
2437 3154 2582 3196 usus

293 3257 476 3318 neque
526 3244 616 3301 ad
658 3242 897 3302 cibatics
943 3241 1057 3302 dici
1106 3242 1317 3321 potuit.
1404 3243 1643 3302 cibatus
1696 3250 1999 3321 praeterea
2046 3240 2262 3320 legitur
2307 3241 2360 3302 II
2396 3239 2455 3316 4,
2496 3239 2580 3304 15

293 3348 487 3409 cibatu
543 3355 921 3429 sustentare,
980 3345 1038 3428 9,
1078 3345 1116 3408 8
1166 3350 1404 3409 cibatus
1451 3352 1650 3425 caniS,
1699 3348 1777 3408 III
1815 3345 1873 3431 5,
1911 3346 1954 3408 4
2000 3351 2235 3410 cibatui
2279 3351 2436 3424 offas
2474 3368 2579 3426 po-

293 3456 446 3534 sitae,
496 3452 559 3538 8,
596 3451 638 3515 3
689 3457 924 3515 cibatui
964 3457 1129 3530 quod
1171 3458 1266 3516 sit.
2307 3441 2316 3485 Ι

458 3561 544 3622 Ut
610 3563 681 3622 in
747 3563 1061 3641 pistrino
1125 3563 1407 3640 pisatur
1469 3581 1543 3622 ac
1607 3559 2006 3640 torreatur]
2068 3564 2335 3624 Pristino
2392 3563 2574 3624 codex

294 3665 593 3751 Caesenas,
631 3652 916 3746 pistrino,
946 3667 1173 3748 reliqua
1206 3668 1570 3747 apographa.
1640 3672 1864 3745 pistino
1914 3671 2104 3729 errori
2143 3668 2432 3749 Politiani,
2475 3672 2576 3748 qui

296 3776 478 3834 minus
528 3783 806 3836 accurate
852 3777 1139 3855 principis
1199 3775 1474 3836 editionis
1530 3773 1847 3835 lectionem
1896 3779 2158 3852 pristino
2219 3786 2577 3857 correxerat,

295 3881 671 3942 tribuendum
719 3881 970 3943 videtur.
1058 3886 1320 3960 pristino
1377 3882 1613 3942 codices
1660 3881 1834 3942 Nonii
1881 3901 1936 3962 p.
1980 3880 2125 3960 163,
2166 3878 2265 3943 15.
2357 3884 2577 3943 Pisare

293 3985 579 4065 franqere
637 3993 734 4051 vel
784 3990 1066 4065 tundere,
1138 3989 1334 4049 Varro
1391 3991 1467 4049 de
1530 3998 1602 4050 re
1665 3992 1901 4050 rustica
1958 3990 2055 4049 lib.
2096 3990 2137 4047 I
2176 3992 2576 4064 promendum

295 4097 474 4157 hieme
523 4093 715 4180 (diem
762 4089 960 4179 codd.)
970 4143 988 4177 ,
1043 4103 1112 4156 ut
1166 4099 1227 4155 in
1277 4098 1538 4173 pristino
1587 4098 1827 4171 pisetur
1875 4113 1951 4156 ae
1998 4102 2327 4156 torreatur.
2421 4097 2574 4176 apud

298 4200 609 4265 Varronem
659 4223 708 4265 c.
750 4200 833 4264 69
876 4205 1137 4280 pistrino
1195 4210 1255 4262 et
1310 4201 1462 4281 apud
1522 4200 1803 4262 Catonem
1862 4220 1909 4262 c.
1956 4199 2078 4263 136
2131 4205 2457 4278 pistrinum
2512 4207 2572 4264 in

299 4311 560 4372 omnibus
609 4311 777 4371 libris
816 4328 990 4370 mann
1032 4311 1269 4388 scriptis
1308 4317 1415 4369 est.
1491 4307 1897 4370 Plautinorum
1938 4308 2207 4368 codicum
2248 4310 2573 4388 scripturas

300 4414 650 4479 Ritschelius
727 4435 928 4497 opusc.
1004 4435 1052 4476 v,
1099 4414 1153 4475 II
1216 4435 1272 4495 p.
1310 4411 1441 4477 459
1517 4415 1830 4476 adnotavit.
1924 4413 2133 4474 deinde
2191 4418 2429 4490 pisetur
2503 4437 2572 4477 ex

301 4522 476 4586 Nonio
525 4526 745 4606 recepi,
796 4522 952 4603 quod
1001 4522 1261 4602 Georges
1308 4520 1511 4582 Philol.
1561 4540 1612 4590 V,
1661 4519 1873 4580 XXXII
1918 4539 1976 4598 p.
2015 4516 2146 4583 530
2202 4521 2470 4600 probavit
2516 4536 2575 4587 et
