3178 5185
584 405 668 469 82
1265 415 1645 474 COMMENT.
1685 419 1765 474 IN
1803 418 2178 474 VARRONIS

583 578 757 630 terra
797 577 1136 647 ponuntur,
1183 575 1295 632 sed
1330 590 1448 648 pro
1495 581 1669 635 terra
1716 583 1927 649 arata,
1990 575 2186 635 Varro
2232 592 2442 636 rerum
2498 579 2880 637 rusticarum

580 679 736 738 libro
784 678 825 737 I
863 686 1053 754 prata
1100 683 1395 754 purqari,
1441 685 1663 742 salicta
1717 685 1868 756 seri,
1930 689 2160 757 seqetes
2216 685 2398 743 arari
2450 687 2758 754 convenit;
2819 691 2885 745 et

583 781 780 859 infra,
826 803 997 860 seqes
1044 789 1273 846 dicitur
1320 805 1477 861 quae
1530 781 1596 869 (Ι.
1644 782 1837 871 quod)
1895 797 2140 850 aratum
2195 793 2460 851 nondum
2513 798 2709 851 satum
2768 799 2881 852 est.

581 909 786 951 verum
834 910 964 952 esse
1010 896 1208 953 sariri
1252 893 1400 953 disci
1458 902 1696 973 poterat
1742 914 1772 955 a
1821 895 2083 956 Varrone
2131 915 2181 957 c.
2220 894 2305 958 36
2364 905 2423 957 et
2470 917 2501 957 a
2549 896 2880 958 Columella

580 996 659 1056 XI
694 995 755 1077 2,
793 995 832 1057 9
891 1003 1096 1061 eodem
1159 1018 1360 1062 mense
1415 1008 1557 1062 ante
1621 1003 1742 1063 kal.
1807 1004 2186 1063 Februarias
2248 1007 2579 1066 sariendae
2642 1013 2880 1081 seqetes

579 1110 975 1167 autumnales.
1039 1093 1189 1167 nam‘
1219 1087 1369 1187 quae
1417 1110 1476 1167 in
1526 1115 1728 1168 octava
1775 1118 1944 1187 parte
1991 1111 2128 1170 anni
2175 1109 2249 1169 de
2296 1110 2601 1190 segetibus
2648 1113 2880 1171 sarien-

578 1212 669 1272 dis
708 1221 1023 1292 praecepta
1062 1221 1218 1294 sunt,
1247 1215 1316 1275 ad
1357 1217 1610 1292 primam
1650 1234 1885 1295 quoque
1924 1224 2173 1299 partem,
2211 1219 2366 1278 sicut
2403 1218 2630 1298 reliqua
2671 1237 2880 1298 opera,

578 1338 652 1380 ex
699 1319 892 1399 aliqua
939 1328 1106 1401 parte
1154 1324 1470 1400 pertinent.

756 1427 971 1506 Seges
1019 1429 1291 1490 dicitur
1349 1428 1534 1508 quod
1593 1437 1866 1490 aratum
1923 1440 2150 1491 satum
2212 1440 2322 1491 est
2377 1449 2622 1491 aruum
2686 1432 2875 1511 quod

576 1542 851 1595 aratum
908 1535 1202 1597 necdum
1261 1543 1487 1596 satum
1548 1534 1684 1614 est]
1734 1538 1921 1612 Seqes
1978 1540 2208 1598 dicitur
2264 1541 2427 1612 quod
2469 1546 2719 1599 aratum
2766 1541 2884 1600 sed

575 1645 832 1703 necdum
886 1650 1081 1704 satum
1138 1651 1227 1703 est
1278 1641 1528 1723 Merula,
1585 1652 1646 1703 et
1702 1642 1977 1703 similiter
2033 1643 2254 1703 scholia
2303 1642 2628 1723 Vergiliana
2691 1663 2883 1723 supra

576 1752 813 1830 scripta,
854 1749 1161 1809 manifesto
1200 1767 1424 1830 errore,
1454 1768 1810 1828 quamquam
1839 1749 2171 1810 Pontedera
2208 1769 2265 1829 p.
2304 1747 2427 1812 125
2463 1750 2634 1829 longa
2668 1752 2879 1832 dispu-

577 1859 798 1917 tatione
858 1859 1144 1936 principis
1200 1855 1478 1917 editionis
1534 1856 1848 1917 lectionem
1907 1856 2186 1917 defendit.
2279 1876 2459 1918 manu
2508 1860 2882 1937 scriptorum

574 1962 861 2024 librorum
909 1964 1225 2025 lectionem
1271 1963 1576 2025 Iucundus
1624 1965 1907 2045 restituit,
1946 1964 2061 2023 nisi
2101 1964 2259 2043 quod
2306 1983 2418 2026 nec
2458 1983 2570 2043 pro
2608 1969 2880 2027 necdum

580 2070 790 2154 edidit,
839 2072 995 2151 quod
1044 2071 1340 2132 Victorius
1389 2073 1665 2131 correxit.
1756 2069 2036 2130 Varronis
2085 2069 2475 2153 definitioneS,
2523 2073 2683 2132 sicut
2732 2072 2881 2133 alias

572 2181 933 2239 rusticorum
1008 2176 1425 2239 vocabulorum
1501 2178 1906 2258 definitiones,
1970 2176 2215 2239 Verrius
2289 2186 2627 2257 receperat:
2714 2178 2878 2241 Fest.

571 2304 626 2365 p.
665 2283 813 2368 340,
851 2284 932 2349 31
986 2288 1171 2361 Seqes
1228 2289 1457 2347 dicitur
1513 2304 1587 2346 ea
1637 2304 1791 2362 pars
1846 2288 2014 2361 aqri,
2063 2303 2222 2360 quae
2271 2292 2456 2346 arata
2515 2294 2577 2345 et
2631 2291 2878 2347 consita

571 2401 675 2468 est,
715 2412 754 2454 a
797 2396 1055 2455 serendo
1101 2396 1396 2467 videlicet,
1435 2391 1594 2452 Paul.
1636 2411 1759 2452 exc.
1798 2391 1954 2452 Fest.
1993 2409 2048 2470 p.
2066 2370 2183 2473 25,
2216 2390 2298 2452 12
2336 2394 2563 2453 Arvum
2604 2396 2874 2455 dicimus

571 2519 791 2575 aarum
837 2503 1095 2560 necdum
1139 2507 1352 2560 satum.

750 2608 1044 2668 Noualis
1111 2607 1230 2668 ubi
1296 2615 1522 2668 satum
1599 2584 1737 2668 fui?
1801 2615 2179 2687 antequam
2246 2607 2559 2668 secunda
2638 2613 2875 2670 aratio

570 2724 963 2776 renouatur
1020 2713 1303 2792 rursus]
1355 2717 1600 2776 Navalis
1647 2717 1755 2775 ubi
1795 2722 1994 2776 satum
2034 2715 2161 2790 fuit
2220 2723 2544 2790 antequam
2577 2721 2873 2778 secunda

570 2827 852 2884 aratione
904 2830 1247 2884 renovetur.
1339 2823 1581 2882 Rursus
1636 2821 1861 2882 Merula
1924 2830 1983 2882 et
2032 2820 2244 2882 deinde
2310 2821 2527 2900 reliqui
2582 2824 2873 2905 editoreS,

567 2949 785 2991 rursus
830 2948 1038 3009 parum
1087 2928 1394 2990 commode
1443 2947 1580 2989 cum
1627 2926 2019 3008 sequentibus
2067 2930 2405 2989 coniuncto.
2481 2947 2687 2989 veram
2738 2949 2869 2991 ver-

568 3038 777 3099 borum
828 3038 1308 3098 coniunctionem
1361 3036 1610 3097 Ursinus
1659 3037 2099 3096 demonstravit.
2173 3035 2435 3096 restabat
2481 3044 2550 3096 ut
2596 3047 2871 3099 novatur

568 3148 766 3225 potius
815 3163 990 3225 quam
1038 3152 1371 3205 renovatur
1427 3143 1820 3224 scriberetur,
1868 3150 2192 3218 antequam
2246 3145 2518 3204 secunda
2576 3148 2871 3206 aratione

564 3261 826 3314 novatur
885 3271 1119 3313 rursus.
1213 3270 1346 3311 nam
1409 3254 1613 3311 aratio
1682 3257 2015 3312 renovatur
2062 3252 2328 3330 ineptum
2386 3260 2504 3330 est,
2551 3250 2663 3311 sed
2723 3270 2869 3331 ager

566 3360 825 3420 secunda
892 3362 1151 3419 aratione
1220 3367 1494 3418 novatur:
1567 3356 1732 3418 Varr.
1789 3358 1862 3418 de
1927 3357 2068 3436 ling.
2123 3357 2218 3417 lat.
2265 3355 2312 3414 V
2350 3353 2434 3418 39
2500 3361 2610 3432 qui
2677 3362 2868 3420 inter·

563 3471 821 3528 mittitur
868 3486 907 3527 a
954 3468 1231 3527 novando
1277 3469 1508 3526 novalis
1556 3483 1724 3540 aqer.

740 3572 780 3635 2
846 3574 1134 3634 Terram
1201 3591 1352 3633 cum
1418 3574 1719 3651 primum
1787 3570 1994 3632 arant
2058 3571 2533 3650 proscindere
2608 3573 2865 3653 appel-

563 3683 712 3743 lant
759 3700 911 3742 cum
959 3683 1221 3741 iterum
1268 3680 1674 3757 effringere
1724 3679 1974 3739 dicunt
2022 3678 2206 3758 quod
2253 3681 2477 3758 prima
2524 3682 2864 3740 aratione

562 3789 850 3868 glaebae
898 3787 1203 3866 grandes
1251 3786 1487 3846 solent
1525 3788 1840 3846 excitari
1889 3804 2042 3846 cum
2087 3788 2400 3847 iteratur
2447 3785 2864 3865 effringere

561 3904 822 3958 uocant
870 3896 1087 3956 tertio
1145 3913 1296 3954 cum
1355 3901 1557 3953 arant
1613 3896 1803 3953 iacto
1861 3895 2134 3953 semine
2190 3890 2410 3953 boues
2465 3893 2693 3953 lirare
2759 3895 2863 3955 di-

561 4002 847 4080 cuntur]
899 4001 1066 4062 Serv.
1105 4003 1164 4062 in
1203 4000 1374 4081 Verg.
1411 4018 1610 4080 georg.
1651 3999 1676 4058 1
1715 3997 1797 4060 97
1840 4003 2176 4077 proscisso:
2215 4003 2475 4077 propria
2523 4018 2672 4061 voce
2708 4020 2863 4062 usus

561 4120 664 4173 est.
739 4128 875 4172 cum
922 4112 1078 4170 enim
1118 4112 1318 4185 primo
1366 4111 1511 4183 aqri
1555 4116 1839 4182 arantur,
1879 4110 2123 4183 quando
2162 4110 2309 4168 duri
2341 4114 2499 4187 sunt,
2527 4111 2864 4184 proscindi

561 4223 886 4288 dicuntur;
932 4233 1066 4277 cum
1113 4219 1438 4289 iterantur,
1485 4214 1771 4296 obfrinqi,
1820 4232 1958 4275 cum
2004 4217 2353 4288 tertiantur,
2400 4217 2600 4274 lirari.
2687 4214 2858 4276 Paul.

561 4345 684 4386 exc.
732 4325 888 4385 Fest.
935 4340 989 4401 p.
1034 4318 1177 4402 199,
1215 4320 1257 4382 3
1314 4322 1582 4396 Offrinqi
1627 4329 1800 4381 terra
1856 4324 2111 4395 dicitur,
2168 4339 2305 4382 cum
2369 4324 2589 4383 iterum
2649 4330 2856 4383 trans-

558 4451 732 4495 verso
777 4436 944 4492 sulco
992 4437 1230 4490 aratur.
1305 4416 1459 4507 apud
1512 4428 1833 4488 Varronem
1882 4427 2135 4489 Ursinus
2183 4427 2360 4488 verba
2408 4447 2545 4490 cum
2583 4432 2856 4491 iteratur

559 4541 895 4614 offrinqere
941 4545 1157 4597 vocant
1203 4544 1499 4614 tamquam
1548 4555 1619 4595 ex
1678 4536 1941 4613 margine
1998 4535 2221 4596 adscita
2278 4534 2463 4596 deleri
2519 4543 2579 4596 et
2634 4536 2853 4597 deinde
