3178 5185
876 416 1133 469 RERVM
1172 414 1650 469 RVSTICARVM
1689 415 1823 469 LIB.
1863 416 1914 469 Π
1954 413 1993 470 4
2445 405 2570 471 159

461 568 506 631 4
572 570 926 650 Progenie
976 581 1043 631 et
1091 572 1386 649 regione
1435 567 1654 646 caeli]
1713 571 1881 631 Caeli
1915 568 2100 630 deleri
2141 569 2319 630 voluit
2360 570 2569 631 Ponte·

298 677 424 737 dera
470 697 529 757 p.
568 674 721 757 425,
770 676 1007 736 inclusit
1055 675 1474 738 SchneideruS.

466 784 538 844 Si
587 786 834 863 potius
885 803 961 843 ex
1014 783 1123 844 his
1181 783 1362 843 locis
1419 782 1537 844 ubi
1597 793 1994 845 nascuntur
2051 783 2315 863 amplas
2371 803 2572 864 quam

297 891 497 951 exilis
527 894 789 971 parari
838 892 1011 952 semi
1060 890 1293 950 solent
1340 890 1753 951 sicuihasce
1793 889 1983 969 sues]
2026 892 2096 951 Si
2124 895 2325 967 potius
2363 911 2443 953 ex
2479 894 2573 953 his

298 1002 452 1073 loeis,
508 1001 624 1058 ubi
677 1006 1018 1060 naseuntur
1065 1001 1273 1074 ampli,
1330 1016 1510 1072 quam
1560 1001 1764 1059 exiles.
1832 1001 2063 1075 parari
2114 1005 2173 1058 et
2226 1001 2344 1059 emi
2384 1002 2577 1060 solent

292 1108 390 1185 sie,
437 1108 654 1175 illasce
699 1124 837 1166 sues
884 1105 1036 1165 edita
1094 1111 1228 1164 ante
1278 1103 1602 1165 Victorium
1661 1104 2041 1185 exemplaria,
2101 1123 2249 1183 quae
2306 1107 2366 1165 in
2413 1105 2572 1166 hunc

294 1214 526 1273 modum
575 1212 831 1291 Ursinus
879 1214 1163 1291 correxit,
1222 1216 1279 1272 si
1307 1215 1510 1288 potius
1558 1231 1638 1273 ex
1692 1214 1787 1272 his
1843 1200 2015 1287 locis,
2072 1215 2181 1273 ubi
2232 1220 2573 1274 nascuntur

294 1325 539 1397 amplae,
588 1339 772 1395 quam
820 1325 1024 1400 exiles,
1065 1327 1348 1396 paratae.
1424 1323 1543 1380 emi
1583 1323 1778 1380 solent
1813 1337 1940 1398 sqq.
2012 1323 2070 1379 si
2104 1323 2307 1397 potius
2354 1339 2433 1381 ex
2478 1323 2572 1381 his

291 1431 446 1502 locis,
493 1430 605 1488 ubi
640 1435 982 1488 nascuntur
1022 1430 1253 1504 amplas
1290 1444 1472 1502 quam
1511 1429 1690 1487 exilis
1721 1429 1994 1503 pararis.
2068 1430 2186 1487 emi
2217 1431 2408 1487 solent
2444 1446 2571 1506 sqq.

292 1533 599 1595 Victorius.
677 1537 738 1594 in
779 1534 869 1594 his
908 1536 1273 1595 accusativos
1312 1538 1542 1610 amplas
1582 1542 1642 1594 et
1680 1535 1858 1593 exilis
1895 1531 1968 1592 ab
2007 1532 2213 1594 ordine
2255 1532 2573 1594 verborum

295 1640 509 1715 alienos
559 1660 693 1703 esse
743 1643 973 1701 monuit
1021 1641 1439 1702 SchneideruS.
1516 1642 1714 1719 itaque
1764 1641 1976 1720 scripsi
2022 1644 2080 1701 si
2107 1643 2308 1717 potius
2353 1659 2431 1700 ex
2476 1643 2570 1701 his

225 1745 230 1753 ’
291 1753 443 1823 locis,
491 1751 603 1810 ubi
649 1756 989 1810 nascuntur
1035 1752 1272 1825 amplae
1318 1765 1499 1823 quam
1545 1750 1751 1822 exiles,
1791 1751 2065 1824 pararis
2159 1748 2385 1808 scrofae
2428 1747 2570 1808 boni

291 1859 524 1916 seminis
577 1874 707 1916 esse
766 1865 1236 1934 cognoscuntur,
1295 1858 1342 1914 si
1404 1856 1535 1934 quis
1595 1873 1691 1914 eas
1749 1873 1819 1915 ex
1873 1856 1946 1914 iis
1992 1854 2137 1915 locis
2184 1858 2407 1934 potiuS,
2468 1855 2567 1916 ubi

292 1963 504 2042 amplae
547 1972 897 2043 nascuntur,
934 1965 1243 2042 paraverit,
1284 1980 1456 2041 quam
1497 1980 1567 2022 ex
1606 1963 1697 2043 iis,
1736 1960 1837 2022 ubi
1867 1961 2065 2022 exiles
2141 1965 2317 2022 exilis
2350 1971 2565 2044 autem,

292 2070 434 2148 quod
495 2073 561 2131 in
609 2070 929 2150 archetypo
990 2072 1279 2149 scriptum
1334 2079 1485 2149 erat,
1542 2072 1604 2129 in
1660 2078 1939 2148 corrupta
1996 2069 2216 2129 codicis
2273 2071 2566 2148 scriptura

294 2195 402 2237 non
448 2180 597 2239 satis
646 2179 1015 2238 auctoritatis
1060 2176 1278 2237 habere
1329 2176 1579 2237 videtur.
1654 2183 1961 2255 praeterea
2018 2178 2375 2237 nominativo
2423 2195 2563 2236 casu

292 2283 494 2362 plurali
547 2286 767 2363 scripta
817 2294 986 2344 erant
1024 2288 1386 2361 praeqnatis
1432 2283 1483 2343 ΙΙ
1527 2282 1582 2365 7,
1619 2281 1717 2364 11,
1763 2287 1952 2345 omnis
1988 2282 2067 2342 III
2106 2280 2164 2363 2,
2195 2278 2237 2343 5
2285 2292 2343 2343 et
2382 2286 2563 2344 mani·

292 2389 431 2451 festo
470 2393 618 2452 vitio
665 2395 957 2453 sermonis
996 2390 1048 2450 Π
1086 2388 1145 2473 5,
1174 2389 1233 2473 2,
1286 2400 1447 2451 recte
1506 2392 1706 2453 Aeolis
1752 2389 1831 2449 III
1875 2389 1931 2472 1,
1960 2387 1999 2451 6
2047 2397 2108 2451 et
2153 2389 2231 2449 ΙΙΙ
2275 2388 2375 2473 12,
2404 2389 2443 2452 6
2493 2410 2562 2451 ex

290 2516 488 2576 graeco
543 2497 826 2573 Αἰολεῖς.

456 2604 496 2669 5
568 2606 998 2668 Perfunctas
1055 2625 1213 2668 esse
1271 2626 1300 2666 a
1358 2607 1546 2667 febri
1603 2614 1673 2667 et
1727 2625 1759 2666 a
1820 2605 2038 2685 foria]
2105 2609 2294 2668 Foria
2349 2615 2562 2667 neutro

290 2730 495 2790 genere
558 2714 705 2774 dixit
750 2713 977 2775 Nonius
1015 2734 1072 2793 p.
1114 2711 1265 2793 114,
1303 2711 1342 2775 9
1399 2716 1589 2775 Foria
1636 2721 1922 2777 ‘stercora
1977 2717 2335 2790 liquidiora:
2391 2716 2563 2775 Pom-

284 2824 493 2892 ponius
556 2821 776 2882 Macco
834 2816 1187 2897 ‘conforisti
1237 2839 1329 2881 me
1385 2816 1751 2896 Diomedes',
1808 2823 2109 2883 Laberius
2163 2825 2226 2882 in
2273 2825 2565 2898 panilieis

291 2919 572 2999 ‘foriolus
620 2947 746 2989 esse
793 2931 1035 3002 videriS,
1085 2931 1145 2988 in
1193 2932 1389 2990 coleos
1427 2923 1663 2989 cacas'.
1733 2927 1993 3003 foriolus
2035 2931 2144 3003 qui
2170 2926 2340 3003 foria
2372 2926 2564 3004 facile

292 3036 529 3109 emittat,
577 3039 759 3096 soluti
800 3039 1036 3096 scilieet
1078 3038 1322 3095 ventris.
1400 3034 1534 3095 inde
1578 3034 1782 3112 forire
1828 3035 2072 3095 ductum
2120 3041 2210 3095 est
2256 3043 2314 3094 et
2353 3034 2562 3110 foriea

292 3141 432 3217 apud
493 3140 855 3202 Iuvenalem.
886 3150 945 3202 et
999 3144 1061 3202 in
1119 3141 1355 3201 scholiis
1404 3140 1694 3202 luvenalis
1751 3140 1819 3223 3,
1858 3139 1961 3204 38.
2036 3140 2190 3219 apud
2239 3139 2559 3201 Varronem

290 3251 445 3309 soria
513 3250 851 3309 coniecerat
906 3249 1219 3309 Reinesius
1268 3256 1550 3327 syntagm.
1599 3251 1866 3328 inscript.
1913 3267 1967 3327 p.
2008 3244 2165 3329 932,
2230 3247 2384 3326 quod
2451 3266 2559 3327 pro

291 3359 452 3416 suria
501 3354 725 3415 dictum
773 3356 844 3416 de
894 3355 1174 3416 suriendo
1222 3355 1313 3416 vel
1361 3354 1625 3416 subando
1674 3358 2099 3434 interpretatus
2149 3363 2256 3416 est.

457 3461 497 3524 8
566 3461 757 3533 Quae
807 3466 991 3523 enim
1029 3462 1316 3523 illorum
1356 3460 1683 3542 requies]
1733 3465 1908 3535 Quod
1933 3470 2021 3523 est
2049 3466 2290 3523 illarum
2320 3467 2561 3537 requies

294 3565 609 3650 iucundus,
674 3588 832 3644 quae
888 3578 976 3632 est
1034 3574 1271 3631 illorum
1328 3573 1569 3645 requies
1626 3570 1905 3647 Angelius
1962 3579 2020 3631 et
2075 3569 2287 3630 deinde
2346 3570 2621 3649 reliqui.-

295 3674 557 3737 editoreS.
605 3676 716 3736 .de
774 3679 1193 3738 coniunctione
1249 3680 1407 3738 enim
1464 3696 1597 3737 cum
1666 3675 1907 3737 relativo
1961 3679 2313 3755 pronomine
2369 3678 2559 3756 posita

293 3780 400 3843 dixi
444 3783 469 3843 I
512 3782 613 3863 13,
642 3780 701 3843 4.
1029 3863 1034 3868 ἱ

457 3889 703 3950 Verris
759 3899 918 3951 octo
976 3909 1292 3951 mensum
1350 3892 1613 3969 incipit
1669 3890 1886 3951 salire
1944 3899 2314 3969 permanet
2371 3900 2438 3952 et
2484 3900 2560 3953 ut

293 3995 348 4055 id
394 4004 592 4058 recte
640 3997 1161 4076 facere-possit
1211 3997 1288 4058 ad
1337 4000 1639 4077 primum
1688 3996 1948 4057 deinde
1985 3997 2051 4057 id
2093 4007 2288 4057 retro
2327 3997 2557 4077 quoad

294 4105 617 4178 peruenit
654 4105 730 4164 ad
771 4103 1073 4181 lanium]
1123 4106 1563 4180 Permanetque
1602 4113 1660 4166 et
1694 4113 1764 4165 ut
1800 4104 2039 4165 Merula.
2107 4113 2560 4186 permanetque,

293 4217 351 4268 ut
401 4216 467 4272 id
518 4219 686 4272 reete
734 4211 955 4286 facere
1013 4215 1225 4288 possit,
1291 4230 1480 4287 usque
1547 4216 1633 4272 ad
1685 4219 1970 4286 quartum
2025 4229 2275 4286 annum,
2340 4214 2559 4273 deinde

295 4325 593 4378 castratur
639 4321 1097 4393 saqinaturque‚
1137 4322 1343 4393 quoad
1378 4323 1701 4395 perveniat
1746 4322 1832 4378 ad
1865 4321 2093 4378 lanium
2137 4317 2437 4378 Iucundus
2484 4337 2556 4377 ex

294 4421 595 4484 Columella
636 4423 733 4482 Vll
772 4422 831 4504 9,
860 4421 905 4484 4
952 4443 1151 4485 mares
1199 4429 1293 4487 vel
1335 4444 1471 4486 eum
1510 4430 1777 4501 primum
1825 4429 2036 4485 ineunt
2082 4432 2411 4499 semestres,
2450 4433 2561 4486 aut

292 4545 412 4589 cum
457 4533 702 4607 saepius
740 4539 1326 4606 proqeneraverunt‚
1366 4535 1534 4590 trimi
1578 4540 1687 4591 aut
1726 4535 2035 4607 quadrimi
2070 4538 2442 4606 castrantur,
2489 4540 2559 4594 ut
