3178 5185
626 397 751 461 176
1309 404 1689 460 COMMENT.
1728 406 1808 459 IN
1845 403 2220 460 VARRONIS

511 612 516 615 .
623 563 812 622 robiis
856 564 1217 623 succideret.
1290 563 1434 622 item
1482 561 1555 621 de
1605 564 1768 621 asino
1807 560 2019 622 Pallad.
2058 559 2132 621 IV
2175 557 2275 641 14,
2313 558 2354 621 3
2403 562 2575 634 niyri
2619 563 2705 621 vel
2732 577 2873 620 mur-

623 671 752 729 rini
795 672 1060 730 maxime
1106 672 1327 730 coloris
1374 677 1484 730 aut
1529 671 1733 744 rubei,
1781 668 1853 728 de
1902 668 2134 748 gallinis
2182 668 2406 729 Colum.
2445 665 2573 726 VlII
2611 664 2664 741 2,
2699 664 2733 728 8
2774 670 2880 727 sint

622 793 770 849 erqo
816 780 1103 837 matrices
1141 778 1304 836 robii
1346 779 1587 851 coloris,
1628 775 1699 836 de
1749 794 1917 836 mure
1959 774 2124 836 Serv.
2171 777 2232 836 in
2271 773 2440 854 Verg.
2480 791 2674 852 georg.
2709 772 2731 833 l
2770 770 2879 843 181,

621 899 751 942 mus
780 885 1042 957 ayrestis
1071 884 1306 943 robeus.
1372 881 1530 942 idem
1571 891 1769 943 autem
1809 882 1989 963 color,
2029 884 2131 961 qui
2171 881 2308 941 olim
2347 880 2655 941 dicebatur
2686 879 2880 940 robeus

621 988 710 1049 vel
756 989 981 1070 robiuS,
1027 998 1231 1069 postea
1278 989 1451 1068 vulgo
1500 988 1725 1049 rubeus
1772 989 1969 1050 dictus
2017 998 2124 1049 est.
2219 996 2543 1067 utrumque
2591 989 2791 1067 legitur
2830 989 2881 1046 in

622 1095 825 1157 codice
891 1095 1170 1157 Bobiensi
1240 1095 1578 1157 Sacerdotis
1645 1115 1888 1176 gramm.
1936 1095 2031 1156 lat.
2082 1115 2130 1156 v.
2175 1094 2246 1155 VI
2312 1116 2367 1176 p.
2407 1092 2557 1169 462,
2600 1094 2631 1155 1
2687 1096 2883 1155 coloris

622 1211 760 1264 erat
804 1205 999 1278 rubei,
1046 1201 1088 1266 3
1126 1207 1319 1280 piscis
1364 1205 1601 1264 rebeus.

798 1307 837 1371 9
904 1309 998 1370 De
1065 1309 1325 1370 mediis
1393 1309 1674 1371 duobus
1730 1312 1933 1390 prior
1992 1327 2197 1389 quam
2260 1310 2633 1388 posterior
2690 1310 2761 1367 in
2819 1324 2884 1367 eo

620 1419 823 1497 prior
872 1419 1167 1496 utrique
1214 1416 1464 1496 plures
1527 1436 1730 1497 quam
1790 1419 1980 1496 nigri
2037 1425 2104 1477 et
2160 1414 2328 1493 albi]
2375 1416 2470 1477 De
2514 1418 2718 1477 mediis
2761 1417 2884 1474 duo·

621 1526 732 1585 bus
770 1527 951 1601 prior
997 1542 1177 1599 quam
1216 1528 1526 1601 posterior
1570 1528 1808 1600 melior,
1856 1528 2102 1600 utrique
2151 1526 2352 1600 pluris
2407 1541 2589 1599 quam
2646 1525 2803 1598 myri
2838 1527 2889 1580 et

623 1632 752 1692 albi
812 1630 968 1691 edita
1029 1631 1166 1691 inde
1231 1649 1264 1690 a
1331 1633 1601 1712 principe
1670 1630 1929 1692 editione
1966 1629 2379 1711 exemplaria,
2445 1629 2549 1690 uhi
2615 1630 2885 1690 Gesnerus

621 1740 823 1817 nigros
871 1747 932 1799 et
977 1737 1140 1799 albos
1188 1737 1620 1818 intellegendos
1655 1757 1799 1820 ‘esse
1844 1740 2032 1799 varios
2070 1756 2177 1798 seu
2216 1736 2550 1798 maculosos
2588 1736 2886 1819 adnotavit;

620 1847 867 1920 utrique
926 1848 1012 1906 ad
1073 1847 1340 1906 laborem
1397 1850 1599 1924 pluris
1663 1848 1918 1907 coniecit
1980 1845 2312 1905 Pontedera
2377 1862 2433 1923 p.
2474 1841 2633 1919 430,
2703 1846 2883 1917 utique

614 1955 833 2028 pluris,
879 1953 916 2014 i.
955 1970 1004 2012 e.
1054 1943 1451 2032 certe'nigris
1498 1962 1558 2014 et
1607 1953 1755 2014 albis
1801 1961 2080 2033 praestat,
2120 1952 2542 2013 SchneideruS.
2610 1949 2886 2028 archetypi

620 2060 976 2138 scripturam
1027 2078 1057 2120 a
1097 2058 1355 2121 Victorio
1403 2060 1722 2122 indicatam
1754 2063 1935 2138 prior
1971 2077 2153 2136 quam
2183 2062 2493 2136 posterior
2535 2062 2596 2120 in
2635 2077 2701 2120 eo
2730 2059 2885 2135 prior

621 2173 828 2244 argute
877 2165 1141 2228 defendit
1189 2162 1479 2249 Scaliger,
1527 2164 1710 2229 ‘ludit
1756 2168 1984 2228 facetus
2033 2184 2241 2227 senex:
2298 2166 2369 2226 de
2420 2165 2658 2246 mediis,
2702 2164 2886 2242 inquit,

622 2272 857 2334 duobus
904 2273 1230 2357 coloribuS,
1278 2274 1425 2335 roho
1473 2284 1533 2336 et
1577 2275 1777 2359 helvo,
1824 2277 2016 2356 prior,
2062 2274 2176 2334 hoc
2222 2281 2316 2333 est
2370 2271 2584 2353 rohuS,
2633 2279 2722 2332 est
2762 2286 2884 2348 quo-

620 2398 734 2459 que
791 2382 957 2461 prior
1014 2399 1134 2443 non
1191 2381 1383 2443 solum
1430 2380 1587 2465 loco,
1636 2381 1741 2443 sed
1806 2390 1868 2443 et
1921 2381 2183 2442 bonitate
2198 2376 2234 2441 '.
2329 2379 2433 2440 sed
2489 2378 2585 2439 his
2640 2374 2885 2438 omnibus

617 2488 814 2548 fraudi
870 2488 983 2549 fuit
1046 2490 1358 2566 genetivus
1408 2493 1609 2566 pluris
1666 2508 1777 2568 pro
1834 2489 2195 2549 nominativo
2246 2489 2458 2563 plures
2516 2504 2588 2546 ex
2644 2484 2882 2564 principe

620 2594 877 2657 editione
925 2606 1220 2676 receptuS.
1295 2606 1539 2676 apparet
1578 2600 1735 2658 enim
1776 2616 1894 2658 non
1943 2596 2015 2656 de
2054 2596 2360 2677 dignitate,
2399 2594 2503 2655 sed
2543 2592 2615 2654 de
2662 2606 2881 2653 numero

617 2702 817 2784 boum,
854 2705 957 2782 qui
1002 2706 1063 2764 in
1113 2723 1231 2764 uno
1274 2723 1512 2784 quoque
1551 2724 1622 2766 ex
1663 2714 1945 2786 quattuor
1983 2702 2285 2768 color-ibus
2323 2703 2723 2781 inveniuntur,
2757 2698 2881 2757 haec

620 2813 841 2890 scripta
898 2828 1047 2871 esse
1139 2828 1335 2872 veram
1392 2811 1711 2874 verborum
1778 2816 2130 2875 sententiam
2188 2810 2473 2896 indicavit
2531 2804 2881 2868 Zahlseldtius

620 2926 847 2998 quaest.
903 2919 1033 2978 crit.
1090 2919 1150 2978 in
1206 2897 1449 2980 Varron.
1509 2938 1625 2981 rer.
1673 2929 1820 2982 rust.
1869 2919 2002 2983 libr.
2050 2941 2106 3001 p.
2146 2919 2260 3004 32,
2323 2924 2427 3003 qui
2410 2915 2668 3000 ‘prior
2725 2926 2880 2987 quam

609 3028 916 3102 posterior
964 3026 1273 3100 crebrior,
1321 3030 1567 3101 utrique
1616 3031 1827 3104 plures
1874 3027 2254 3090 scribendum
2323 3047 2454 3090 esse
2513 3001 2785 3110 offecit,
2834 3024 2882 3075 θῑ

614 3131 886 3198 similiter
915 3130 1211 3193 Vahlenus
1250 3130 1327 3192 ib.
1359 3136 1541 3209 prior
1578 3151 1765 3209 quam
1798 3139 2104 3212 posterior
2142 3154 2395 3198 numero
2426 3140 2625 3213 prior,
2646 3117 2882 3228 ‘nisique

608 3244 836 3316 plures.
929 3238 1139 3300 deletis
1196 3237 1393 3300 verbis
1452 3243 1513 3300 in
1570 3258 1640 3302 eo
1688 3245 1894 3319 prior,
1943 3261 2091 3322 quae
2141 3262 2213 3303 ex
2268 3261 2445 3322 prava
2491 3230 2879 3322 praecedews

616 3344 887 3407 vocabuli
933 3347 1290 3427 repetitione
1338 3347 1617 3409 videntur
1665 3356 1794 3408 orta
1841 3367 1991 3431 esse,
2029 3352 2244 3429 scripsi
2290 3354 2367 3412 de
2412 3354 2625 3412 mediis
2671 3351 2878 3414 duobii

610 3457 791 3532 prior
836 3471 1019 3529 quam
1058 3457 1384 3535 posterior,
1430 3457 1678 3530 utrique
1717 3460 1928 3533 plures
1974 3474 2154 3532 quam
2201 3461 2373 3533 niqri
2416 3466 2477 3520 et
2521 3461 2659 3520 albi.
2734 3457 2923 3519 robei

613 3561 795 3622 boves
843 3569 983 3622 sunt
1029 3579 1279 3621 numero
1337 3559 1542 3641 plures
1589 3580 1767 3642 quam
1822 3562 2001 3644 helvi,
2059 3566 2374 3644 utriusque
2432 3565 2647 3626 coloris
2700 3566 2908 3646 plures

613 3687 796 3748 quam,
835 3670 989 3747 nigri
1037 3675 1097 3728 et
1144 3666 1276 3728 albi.

788 3773 1028 3854 Neque
1093 3793 1230 3835 non
1293 3783 1677 3855 praeterea
1742 3786 1818 3838 ut
1888 3780 2065 3837 mari
2138 3780 2434 3838 seminis
2499 3778 2669 3840 honi
2736 3789 2907 3841 sunt

612 3900 921 3961 quorum
970 3890 1038 3943 et
1084 3883 1308 3942 forma
1356 3891 1466 3943 est
1512 3884 1900 3963 spectanda
1958 3893 2027 3945 et
2081 3887 2203 3964 qui
2249 3903 2331 3945 ex
2388 3884 2500 3945 his
2547 3890 2691 3948 orti
2738 3881 2902 3949 sun't

610 3987 1053 4068 respondent
1117 3987 1198 4049 ad
1261 3998 1642 4068 parentum
1700 3993 2019 4070 speciem
2076 4001 2147 4052 et
2202 4001 2579 4070 praeterea
2643 3993 2897 4073 quibus

610 4094 1037 4174 regionibus
1085 4098 1233 4157 nati
1279 4105 1448 4157 sunt
1492 4095 1752 4175 refert]
1785 4099 1960 4159 Mari
1992 4098 2317 4159 Politianus
2356 4118 2493 4160 cum
2532 4101 2891 4183 apographis,

610 4220 727 4262 non
774 4206 983 4284 maris,
1030 4211 1098 4264 ut
1135 4202 1438 4265 Gesnerus
1477 4203 1877 4286 adnotaverat,
1915 4204 2073 4284 quod
2111 4205 2525 4280 Lachmannus
2562 4209 2626 4268 in
2662 4207 2888 4269 Lucret.

538 4329 542 4332 ·
606 4327 664 4387 p.
705 4305 792 4370 56
858 4310 920 4368 in
986 4310 1269 4390 exemplis
1334 4312 1684 4372 nominativi
1748 4310 1992 4391 pluralis
2056 4314 2106 4372 is
2167 4314 2466 4375 terminati
2528 4316 2740 4394 posuit.
2825 4320 2890 4373 ut

607 4433 812 4477 mares
857 4419 1100 4478 seminis
1147 4419 1291 4479 boni
1331 4422 1455 4479 sint
1497 4404 1740 4479 Merula.
1815 4418 2028 4479 deinde
2077 4426 2138 4480 et
2179 4424 2289 4495 qm·
2331 4439 2411 4482 ex
2456 4423 2549 4482 his
2594 4425 2719 4482 orti
2753 4427 2884 4482 sunt

606 4530 675 4582 ut
720 4525 1132 4600 respondeant
1175 4524 1492 4587 Iucuudus,
1557 4525 1729 4606 plura
1777 4528 2008 4587 novavit
2050 4524 2318 4604 UrsinuS,
2366 4530 2466 4608 qui
2514 4547 2706 4604 neque
2746 4546 2880 4600 non,

3030 3815 3076 4078 'l
