3178 5185
924 428 1177 488 RERVM
1217 434 1692 489 RVSTICARVM
1731 435 1865 491 LIB.
1903 434 1929 488 1
1968 436 2003 491 2
2487 436 2608 499 127

298 598 617 660 sublatum
687 609 801 680 est,
867 602 1021 680 quod
1089 602 1244 662 ludis
1301 602 1673 662 circensibus
1729 605 2035 662 novissimi
2071 597 2377 663 ‘curriculi
2433 604 2612 663 finem

299 706 442 767 facit
494 707 827 788 quadrigiS‚
876 709 975 768 sed
1022 727 1095 768 ne
1138 709 1279 768 illud
1320 710 1558 788 quidem
1600 728 1769 769 ovom
1810 710 2079 784 vidimuS,
2129 711 2284 789 quod
2326 714 2385 770 in
2424 709 2612 771 cenali

299 832 522 892 pompa
575 814 730 874 solet
776 834 905 875 esse
955 818 1227 894 primum.
1319 818 1518 895 itaque
1568 816 1707 876 dum
1757 817 1815 875 id
1857 817 2164 877 nobiscum
2205 836 2322 876 una
2360 818 2606 878 videatis
2631 822 2706 877 12

298 939 365 980 ac
390 923 583 981 ‘venit
623 922 974 1001 aeditumuS‚
1011 922 1219 983 docete
1259 942 1383 1003 ηοε,
1423 925 1550 1001 agri
1588 923 1821 983 cultura
1857 944 2031 1002 quam
2064 942 2353 984 summam
2383 924 2611 1003 haheat,

247 1038 272 1078 5
298 1028 711 1089 utilitatemne
759 1048 829 1088 an
880 1029 1239 1109 voluptatem
1287 1049 1359 1089 an
1400 1039 1737 1108 utrumque.
1831 1030 1901 1089 ad
1942 1039 1999 1090 te
2039 1032 2196 1090 enim
2236 1030 2444 1089 rudem
2484 1049 2614 1090 esse

299 1137 431 1213 agri
506 1135 779 1196 culturae
847 1155 1031 1217 nunc,
1098 1136 1239 1196 olim
1305 1137 1374 1196 ad
1444 1135 1748 1196 Stolonem
1815 1137 1997 1196 fuisse
2064 1137 2287 1197 dicunt.
2391 1137 2614 1218 Scrofa,

300 1241 507 1323 PriuS,
546 1245 761 1323 inquit,
801 1244 1278 1322 discernendum,
1328 1251 1528 1303 utrum
1572 1262 1724 1321 quae
1765 1251 2041 1302 serantur
2078 1246 2140 1302 in
2180 1262 2338 1323 agro,
2386 1263 2451 1303 ea
2492 1243 2616 1303 sola

303 1352 426 1409 sint
489 1351 552 1409 in
613 1349 874 1430 cultura,
932 1369 1002 1409 an
1063 1352 1238 1410 etiam
1297 1368 1447 1428 quae
1505 1350 1865 1410 inducantur
1926 1352 1985 1409 in
2034 1369 2201 1430 rura,
2257 1358 2325 1410 ut
2371 1369 2508 1409 oves
2556 1358 2615 1409 et

301 1465 600 1517 armenta.
692 1457 860 1516 video
910 1459 1082 1536 enim,
1131 1460 1235 1535 qui
1281 1458 1352 1517 de
1401 1459 1528 1536 agri
1574 1456 1808 1517 cultura
1856 1459 2229 1535 scripserunt
2265 1466 2324 1516 et
2361 1458 2607 1535 poenice
2633 1463 2710 1518 13

223 1571 275 1608 1⁰
303 1571 364 1623 et
423 1581 643 1641 graece
703 1571 761 1622 et
807 1562 1012 1642 latine,
1069 1563 1247 1623 latius
1294 1572 1556 1644 vagatOS,
1616 1582 1793 1642 quam
1843 1565 2193 1641 oportuerit.
2288 1563 2411 1641 Ego
2460 1582 2618 1643 vero,

302 1673 510 1749 inquit
551 1669 734 1748 Stolo,
782 1688 884 1728 eos
931 1687 1048 1729 non
1097 1672 1156 1729 in
1207 1674 1366 1731 omni
1416 1690 1480 1731 re
1529 1671 1845 1731 imitandos
1892 1670 2150 1730 arbitror
2199 1679 2257 1730 et
2297 1689 2365 1730 eo
2407 1670 2618 1730 melius

302 1778 529 1838 fecisse
591 1776 903 1855 quosdam,
963 1779 1064 1855 qui
1122 1779 1349 1837 minore
1398 1780 1664 1857 pomerio
1714 1778 1997 1837 finierunt
2044 1777 2301 1837 exclusis
2349 1776 2618 1855 partibus

303 1902 462 1961 quae
527 1901 647 1941 non
696 1885 999 1960 pertinent
1045 1883 1116 1942 ad
1166 1884 1317 1943 hanc
1367 1903 1509 1944 rem.
1605 1902 1788 1962 quare
1835 1892 1956 1944 tota
2004 1886 2222 1964 pasti0‚
2282 1902 2432 1962 quae
2481 1902 2618 1943 con-

302 1992 590 2068 iungitur
637 2010 670 2048 a
717 1989 1017 2068 plerisque
1066 2008 1200 2049 cum
1251 1993 1375 2068 agri
1423 1990 1684 2068 cultura,
1742 1994 1926 2070 magis
1974 1991 2043 2050 ad
2093 2001 2390 2069 pastorem
2443 2009 2618 2068 quam

226 2102 274 2142 15
303 2097 387 2156 ad
445 2095 766 2174 agricolam
821 2099 1120 2174 pertinere
1179 2097 1426 2157 videtur.
1519 2100 1798 2176 quocirca
1854 2099 2156 2176 principes
2214 2100 2316 2175 qui
2373 2099 2611 2174 utrique
2638 2105 2716 2159 14

305 2206 405 2264 rei
451 2211 909 2282 praeponuntur
955 2203 1256 2263 vocabulis
1304 2223 1541 2284 quoque
1591 2214 1730 2264 sunt
1777 2205 2010 2284 diversi,
2061 2204 2217 2282 quod
2260 2222 2412 2264 unus
2450 2222 2618 2263 voca-

306 2320 418 2371 tur
474 2310 714 2392 vilicuS‚
779 2310 928 2371 alter
991 2313 1273 2388 magister
1338 2314 1586 2389 pecoris,
1691 2310 1899 2371 vilicus
1964 2313 2091 2388 agri
2151 2309 2386 2370 colendi
2445 2327 2619 2369 causa

309 2420 686 2477 constitutus
743 2426 919 2496 atque
983 2417 1311 2496 appellatus
1367 2438 1399 2478 a
1457 2418 1616 2499 villa,
1673 2417 1830 2497 quod
1888 2417 1960 2478 ab
2007 2435 2077 2477 eo
2124 2419 2185 2476 in
2234 2435 2363 2476 earn
2410 2432 2619 2476 conve-

310 2525 548 2584 huntur
597 2524 830 2585 fructus
878 2532 939 2584 et
986 2525 1334 2600 evehuntur,
1390 2544 1525 2585 cum
1572 2532 1848 2585 veneunt.
1940 2544 1970 2583 a
2020 2543 2136 2603 quo
2185 2525 2397 2583 rustici
2443 2526 2622 2584 etiam

233 2636 284 2676 2⁰
316 2650 481 2692 nunc
540 2649 781 2710 quoque
836 2634 987 2691 viam
1042 2633 1248 2692 veham
1305 2632 1603 2711 appellant
1658 2640 1902 2712 propter
1962 2640 2234 2692 vecturas
2289 2639 2348 2691 et
2395 2630 2619 2711 venam,

314 2758 437 2799 non
508 2737 731 2818 villam,
799 2757 916 2817 quo
984 2739 1205 2799 vehunt
1270 2747 1331 2799 et
1395 2739 1553 2799 unde
1620 2739 1858 2799 vehunt.
1961 2741 2102 2799 item
2171 2739 2452 2799 dicuntur
2487 2729 2620 2816 'qui

314 2847 585 2906 vecturis
635 2846 837 2904 vivunt
883 2845 1206 2905 velaturam
1252 2846 1463 2906 facere.
1557 2845 1750 2925 Certe,
1797 2847 1992 2924 inquit
2040 2845 2410 2925 FundaniuS,
2468 2845 2613 2904 aliut
2636 2852 2714 2908 15

317 2955 512 3032 pastio
572 2960 633 3012 et
691 2950 834 3012 aliut
890 2954 1017 3030 agri
1072 2951 1330 3032 cultura,
1391 2953 1492 3012 sed
1552 2952 1763 3012 adfinis
1823 2960 1882 3011 et
1937 2961 2004 3012 ut
2059 2952 2265 3012 dextra
2321 2952 2463 3012 tibia
2511 2951 2621 3010 alia

468 3220 496 3266 1
539 3212 881 3268 circensibus
910 3230 942 3267 v
971 3210 1335 3267 circiensibus
1369 3213 1554 3267 PAB
1699 3211 1962 3268 curriculi
2001 3214 2054 3268 V
2078 3212 2311 3268 curiculi
2340 3216 2395 3267 A
2423 3210 2621 3286 circuli

318 3302 588 3358 curriculi
617 3304 673 3356 Β
781 3308 812 3355 2
845 3319 1009 3357 onom
1039 3301 1281 3355 uidimus
1318 3302 1427 3355 VA
1458 3318 1565 3356 ouo
1594 3301 1898 3357 inuidimus
1926 3305 1981 3356 Β
2091 3310 2122 3356 3
2160 3301 2400 3358 uideatis
2443 3305 2622 3359 VAB

317 3394 388 3448 al.
436 3394 816 3447 tractaremus
868 3393 932 3445 i‘n
984 3392 1234 3459 maryine
1270 3392 1612 3461 adscriptum
1650 3398 1726 3446 est
1761 3393 1825 3446 in
1861 3393 1916 3445 Β
2062 3399 2095 3446 4
2133 3408 2198 3445 ac
2243 3394 2403 3448 uenit
2439 3395 2496 3448 P
2527 3395 2623 3448 ad-

316 3483 479 3537 uenit
524 3480 648 3533 AB
698 3480 1071 3547 aduenietque
1117 3497 1150 3534 v
1180 3523 1191 3535 .
1218 3482 1449 3547 fortasse
1488 3497 1553 3533 ac
1603 3479 1798 3535 veniat,
1941 3480 2219 3535 editumus
2268 3483 2449 3537 PAB
2505 3483 2622 3537 edi—

317 3573 494 3627 timus
542 3587 574 3625 v
732 3574 764 3622 5
811 3586 883 3622 an
939 3569 1351 3637 uoluptutatem
1396 3570 1451 3622 Β
1605 3571 1882 3638 utrunque
1932 3570 2044 3624 VB
2199 3578 2229 3625 6
2278 3573 2518 3642 scropha
2568 3573 2623 3626 A

468 3666 498 3713 7
548 3658 736 3727 inquit
783 3658 895 3711 VB
940 3657 1138 3726 inquid
1186 3658 1242 3711 A
1399 3665 1461 3712 11
1509 3658 1696 3727 inquit
1743 3658 1856 3713 VB
1910 3659 2106 3727 inquid
2143 3660 2199 3713 A
2357 3659 2621 3715 inmitan-

319 3750 422 3805 dos
462 3748 520 3803 A
555 3747 880 3801 'imutandos
914 3765 968 3801 m
1107 3752 1171 3799 12
1210 3747 1464 3816 patribus
1501 3747 1556 3800 A
1697 3753 1761 3801 13
1800 3750 1923 3802 tota
1952 3748 2181 3833 partitio
2211 3750 2397 3818 pastio
2426 3751 2479 3804 Β

322 3864 390 3911 14
428 3856 504 3909 ad
530 3854 841 3925 pastorem]
880 3855 1236 3923 appastorem
1274 3853 1330 3906 A
1476 3860 1540 3908 17
1581 3854 1782 3909 uilicus
1830 3862 2057 3925 utroque
2094 3858 2207 3911 loco
2246 3857 2361 3910 PA
2396 3856 2620 3910 uillicus

318 3953 554 4015 utroque
599 3943 696 3997 Bv
844 3948 909 3997 18
968 3943 1038 3997 ab
1089 3942 1178 4012 eo]
1228 3942 1407 3995 habeo
1455 3944 1548 3997 sed
1594 3944 1762 3998 deleto
1789 3944 1828 3997 h
1866 3945 1922 3998 A
2068 3952 2131 3999 19
2185 3962 2310 3999 cum
2353 3945 2620 4015 veneunt]

320 4036 682 4090 conuenennt
707 4031 763 4084 A
793 4030 1135 4085 conueniunt
1160 4048 1214 4083 m
1358 4035 1426 4083 20
1464 4030 1619 4083 uiam
1655 4031 1860 4086 ucham
1899 4034 2188 4103 appellant
2226 4034 2338 4087 VB
2366 4033 2622 4103 uiamuiaj,

317 4141 489 4178 neam
520 4121 814 4191 appellant
831 4119 887 4173 A
915 4120 1068 4172 uiam
1098 4134 1261 4171 neam
1291 4119 1583 4188 appellant,
1612 4120 1889 4175 Victorius
1916 4121 2066 4175 niam
2096 4139 2223 4176 mea
2252 4138 2420 4175 causa
2439 4139 2622 4176 meam

319 4212 624 4283 appellant
648 4227 704 4263 m
829 4214 894 4261 21
935 4223 1045 4260 non
1074 4206 1291 4277 villam]
1330 4207 1614 4261 nouellam
1642 4208 1753 4263 Am
1790 4226 1927 4264 corr.
1966 4209 2237 4288 noujllam
2265 4210 2347 4263 Α2
2474 4212 2622 4267 unde

320 4300 579 4365 euehunt
626 4298 861 4352 Ursinus
1007 4302 1074 4349 22
1120 4295 1431 4351 uelaturam
1477 4297 1599 4351 AB
1644 4298 1981 4353 uellaturam
2031 4299 2140 4353 Vm
2282 4300 2470 4368 inquit
2513 4301 2623 4355 VB

326 4388 534 4459 inquid
565 4388 620 4441 A
791 4386 934 4440 aliut,
970 4390 1198 4455 utroque
1233 4386 1348 4442 loco
1378 4387 1434 4438 P
1465 4387 1619 4441 aliud
1658 4394 1887 4458 utroque
1911 4389 2075 4443 ABv
2221 4396 2287 4443 23
2325 4390 2507 4459 pastio
2538 4393 2625 4444 set

320 4496 463 4534 corr.
522 4476 710 4546 pastio
768 4479 825 4531 et
869 4476 925 4529 A
1089 4472 1469 4543 agrigcultura
1532 4492 1670 4531 corr.
1733 4477 1887 4545 agric
1935 4509 2002 4517 —
2050 4479 2105 4532 A
2269 4478 2465 4533 adfinis
2508 4479 2624 4531 PB

323 4568 487 4622 afinis
525 4566 586 4621 A
621 4564 805 4618 affinis
842 4582 873 4618 v

431 4665 575 4706 OA'ro
602 4674 667 4703 nn
694 4674 812 4703 aaut
841 4673 879 4704 c.
2166 4667 2197 4715 9
