3178 5185
523 398 610 462 54
1204 405 1588 460 COMMENT.
1626 406 1705 459 IN
1741 403 2117 461 VARRONIS

524 560 596 621 de
634 560 984 620 Ioliensibus
1031 563 1092 620 in
1134 560 1402 621 Sardinia
1451 560 1643 621 insula
1684 561 1828 621 haec
1867 561 2024 621 dicta
2063 580 2194 621 esse
2236 565 2478 624 monuit.
2547 562 2652 623 sed
2693 581 2833 623 eam

524 670 826 747 regionem
875 687 990 746 quo
1040 669 1278 728 nomine
1326 666 1510 727 Varro
1560 667 1793 749 dixerit,
1842 687 1960 729 non
2009 676 2258 730 constat.
2302 659 2625 730 Ἰολαεῖον
2672 670 2833 731 dixit

524 775 816 836 Diodorus
855 775 929 834 IV
957 773 1042 836 29
1081 784 1141 836 et
1174 766 1454 835 Ἰολάεια
1491 776 1649 835 idem
1690 774 1733 831 V
1766 772 1865 855 15,
1907 766 2157 836 Ἰολάιά
2194 775 2515 836 Pausanias
2543 776 2596 835 X
2632 775 2736 858 17,
2759 774 2831 858 53

523 884 684 960 ipsos
721 880 992 942 homines
1019 873 1290 954 Ἰολαεῖς
1329 881 1540 942 Strabo
1571 881 1619 939 V
1655 902 1710 961 p.
1744 878 1892 963 225,
1923 873 2282 955 Ἰὸλαείους
2319 882 2615 955 Diodorus
2645 883 2692 941 V
2721 859 2835 965 15,

516 978 730 1061 Ἰλιεῖς
775 986 1095 1048 Pausanias
1141 988 1194 1047 X
1236 985 1339 1069 17,
1380 985 1435 1068 7,
1475 990 1726 1049 Ilienses
1773 987 1985 1069 Latini,
2023 987 2225 1049 Livius
2275 987 2374 1047 XL
2413 986 2517 1071 34,
2556 986 2656 1052 13.
2696 989 2838 1050 XLI

527 1092 586 1177 6,
625 1092 663 1156 6
714 1103 774 1155 et
824 1092 925 1177 12,
964 1091 1025 1175 5,
1072 1094 1300 1154 Plinius
1348 1094 1427 1154 111
1466 1091 1572 1174 85,
1619 1094 1767 1155 Mela
1814 1094 1867 1154 ΙΙ
1914 1092 2055 1156 123.

704 1201 891 1272 Quae
941 1202 1356 1261 uicinitatis
1414 1204 1750 1262 inuectos
1807 1201 2074 1263 habent
2130 1202 2429 1264 idoneos
2486 1222 2668 1280 qnae
2730 1204 2839 1264 ibi

526 1316 927 1368 nascuntur
1002 1308 1117 1369 uhi
1194 1308 1510 1368 uendant
1583 1317 1653 1369 et
1726 1308 1879 1369 illic
1952 1311 2288 1382 innectos
2373 1320 2839 1389 opportunos

528 1434 702 1494 quae
777 1418 846 1475 in
934 1414 1151 1475 fundo
1227 1433 1403 1494 opus
1479 1422 1645 1476 sunt
1738 1424 2124 1495 propterea
2209 1416 2621 1494 fructuosa]
2725 1420 2845 1479 Ubi

526 1528 869 1583 nascuntur
924 1525 1011 1583 ibt·
1062 1526 1329 1584 vendant
1382 1522 1634 1603 Merula,
1691 1524 2067 1601 Secundum,
2124 1542 2283 1599 quae
2338 1528 2672 1585 vicinitatis
2744 1529 2836 1587 in-

530 1636 729 1690 vectos
775 1631 999 1690 habent
1048 1634 1315 1704 idoneae,
1363 1636 1432 1690 ut
1476 1648 1636 1705 quae
1682 1634 1742 1691 in
1792 1634 1963 1706 czaris
2008 1637 2350 1691 naseuntur
2397 1633 2486 1692 ibi
2541 1636 2841 1709 vendant,

528 1743 586 1796 et
642 1740 808 1797 illine
866 1740 1131 1797 invectos
1178 1743 1545 1813 opportunos
1594 1740 1680 1797 ad
1723 1756 1823 1813 ea,
1880 1755 2039 1813 quae
2068 1731 2159 1798 ‘tn
2210 1723 2405 1813 fundo
2462 1753 2613 1815 opus
2673 1747 2841 1816 sunt,

531 1845 696 1917 quod
721 1850 1055 1919 propterea
1092 1850 1234 1903 sunt
1263 1843 1591 1919 fructuosa
1629 1842 1948 1904 Iucundus.
2020 1863 2179 1920 quae
2216 1848 2546 1907 vicinitatis
2584 1854 2842 1907 evectus

528 1951 752 2010 habent
799 1940 1250 2028 SchoettgenuS.
1338 1959 1396 2010 et
1443 1954 1611 2011 illine
1658 1958 1903 2011 avectus
1952 1950 2220 2030 UrsinuS,
2269 1959 2328 2011 et
2373 1956 2540 2013 illine
2586 1961 2841 2014 evectus

530 2044 800 2136 Cuperus
838 2055 990 2139 apud
1033 2055 1380 2118 Gesnerum.
1440 2061 1608 2119 illinc
1645 2058 1782 2118 inde
1813 2057 1884 2118 ab
1916 2056 2118 2118 Aldina
2158 2056 2416 2119 editione
2456 2060 2585 2118 iure
2618 2077 2839 2119 omnes

524 2161 952 2245 probaverunt3
990 2165 1047 2223 in
1091 2163 1334 2242 reliquis
1375 2181 1490 2223 non
1523 2172 1651 2224 erat
1688 2181 1797 2224 cur
1835 2162 1908 2223 de
1949 2165 2191 2224 veritate
2231 2166 2450 2224 veteris
2489 2167 2838 2245 scripturae

527 2269 917 2332 dubitaretur.
1012 2289 1144 2330 nam
1204 2288 1396 2350 neque
1455 2270 1544 2330 bis
1602 2273 1860 2349 positum
1925 2289 2139 2344 nomen
2202 2275 2471 2332 invectus
2524 2273 2841 2334 offendere

529 2375 780 2437 debebat
836 2379 1223 2459 interpreteS,
1271 2379 1549 2455 quoniam
1599 2377 1670 2437 ad
1719 2377 2033 2438 utilitatem
2083 2377 2251 2437 villae
2306 2380 2592 2459 pertinet,
2647 2388 2719 2441 ut
2778 2389 2839 2441 et

529 2485 798 2543 vicinitas
854 2487 908 2543 ei
964 2485 1337 2544 commodum
1386 2486 1684 2545 invectum
1732 2484 2015 2563 praebeat
2074 2484 2144 2544 ad
2193 2484 2497 2546 vendenda
2559 2505 2629 2546 ea
2683 2506 2840 2567 quae

529 2592 588 2650 in
652 2588 834 2650 fundo
893 2599 1024 2651 nata
1074 2598 1241 2672 sunt,
1289 2599 1349 2652 et
1396 2595 1522 2672 ipsa
1581 2612 1653 2652 ex
1713 2594 2011 2653 vicinitate
2060 2591 2129 2652 ad
2179 2611 2243 2652 se
2291 2602 2700 2672 opportunum
2752 2599 2840 2656 in-

532 2704 764 2757 vectum
804 2697 1019 2758 habeat
1057 2717 1262 2759 eorum
1303 2718 1452 2778 quae
1491 2701 1550 2759 in
1592 2698 1965 2778 fundolopus
2004 2707 2168 2780 sunt3
2208 2717 2402 2778 neque
2439 2703 2500 2761 in
2538 2699 2840 2763 brevitate

531 2803 806 2863 relativae
855 2807 1184 2866 sententiae
1232 2824 1391 2881 quae
1439 2811 1500 2867 z'n
1542 2806 1739 2881 fundo
1786 2825 1935 2884 opus
1979 2813 2122 2866 sunt
2164 2806 2528 2866 haerendum
2576 2817 2731 2870 erat.

708 2910 912 2971 Multi
978 2914 1161 2972 enim
1227 2911 1491 2972 habent
1557 2915 1628 2972 in
1694 2913 2012 2992 praediis
2071 2912 2332 2992 quibus
2388 2913 2837 2976 frumentum

530 3024 651 3076 aut
695 3019 937 3077 uinum
986 3018 1276 3079 aliudue
1326 3018 1493 3097 quid
1543 3018 1735 3079 desit
1782 3018 2343 3097 importandum]
2374 3021 2616 3082 Habent
2644 3041 2838 3098 prae-

535 3126 639 3184 dia
685 3122 1008 3185 IucunduS.
1082 3127 1307 3186 habent
1353 3129 1414 3185 in
1454 3128 1737 3202 praediis
1782 3144 1891 3204 pro
1939 3128 2222 3187 habitant
2266 3126 2491 3197 dictum
2539 3130 2839 3208 interpre-

533 3238 690 3290 tatur
740 3229 1159 3292 SchneideruS.
1250 3234 1450 3311 potius
1507 3250 1687 3311 prava
1743 3231 2063 3292 verborum
2120 3232 2423 3293 distinctio
2480 3236 2838 3314 corrigenda

538 3345 663 3396 erat
712 3338 774 3396 in
804 3336 981 3397 ,hunc
1020 3339 1280 3419 modum,
1319 3342 1492 3399 multi
1536 3341 1696 3399 enim
1744 3340 1984 3414 habent,
2025 3341 2085 3398 in
2125 3342 2407 3416 praediis
2443 3342 2664 3416 quibus
2697 3342 2837 3418 fru-

532 3449 794 3503 mentum
842 3450 951 3504 aut
995 3447 1198 3505 vinum
1246 3447 1489 3505 aliudve
1535 3447 1688 3519 quid
1732 3447 1903 3526 desit,
1951 3448 2402 3528 inportandum,
2448 3445 2505 3507 h.
2543 3465 2592 3508 e.
2643 3448 2838 3529 multi,

533 3548 748 3628 quibus
796 3551 855 3609 in
903 3549 1161 3629 praediis
1209 3551 1576 3611 frumentum
1624 3559 1725 3610 aut
1764 3553 1963 3611 vinum
2012 3559 2114 3611 aut
2151 3551 2294 3630 quid
2342 3552 2499 3614 aliud
2547 3552 2725 3633 desit,
2777 3554 2836 3614 id

533 3655 755 3716 habent
802 3674 831 3716 a
880 3658 1088 3716 vicinis
1135 3657 1574 3737 inportandum.

711 3761 1019 3840 Aliquod
1069 3764 1166 3822 sit
1211 3763 1764 3842 exportandum]
1805 3766 2055 3840 Aliquid
2100 3763 2480 3825 scribendum
2532 3784 2665 3833 esse
2716 3768 2836 3829 dixi

537 3868 564 3928 1
607 3866 706 3951 12,
744 3868 803 3932 3.

712 3972 752 4036 3
818 3975 1136 4036 Tertium
1195 3985 1306 4037 est
1364 3979 1531 4037 item
1592 3981 1651 4038 si
1707 3996 1782 4038 ea
1840 3977 2097 4056 oppida
2154 3985 2272 4038 aut
2329 3979 2652 4042 uiciniae
2715 3991 2836 4043 aut

534 4085 744 4142 etiam
811 4081 1116 4142 diuitum
1184 4086 1521 4163 copiosae
1589 4087 1740 4163 agri
1807 4103 1883 4145 ac
1951 4084 2163 4145 uillae
2225 4085 2408 4145 unde
2465 4104 2602 4146 non
2668 4106 2832 4149 care

541 4207 774 4248 emere
823 4190 1060 4268 possis
1107 4208 1285 4268 quae
1335 4209 1512 4269 opus
1561 4199 1729 4251 sunt
1776 4194 1844 4251 in
1893 4189 2215 4269 fundum]
2263 4192 2527 4252 Tertium
2566 4201 2657 4254 est
2691 4194 2831 4255 inde

534 4294 607 4355 ab
655 4295 861 4355 Aldina
909 4294 1166 4355 editione
1217 4295 1288 4355 ab
1349 4297 1679 4358 editoribus
1736 4300 2021 4358 omissum
2078 4316 2271 4377 neque
2332 4300 2527 4358 minus
2584 4319 2618 4359 a
2673 4319 2830 4361 com-

535 4404 829 4480 positione
888 4401 1203 4462 verborum
1259 4421 1434 4481 quam
1501 4403 1571 4463 ab
1638 4403 1846 4465 ordine
1913 4406 2342 4465 sententiarum
2408 4403 2663 4466 alienum
2722 4415 2828 4468 est.

541 4525 674 4567 nam
741 4525 933 4585 neque
1001 4526 1135 4567 cum
1202 4512 1340 4570 item
1396 4518 1528 4588 apte
1587 4512 1967 4589 coniungitur
2026 4513 2268 4571 tertium
2330 4517 2441 4586 est,
2499 4530 2694 4590 neque
2756 4513 2827 4573 ad
