3178 5185
906 422 1166 477 RERVM
1203 422 1684 476 RVSTICARVM
1725 421 1861 477 LIB.
1903 423 1955 475 II
1995 421 2030 478 5
2486 414 2611 478 179

315 576 556 637 videtur
605 585 853 638 secutus
892 595 1024 638 esse
1064 575 1385 637 Columella
1413 575 1498 636 'VI
1535 574 1639 658 24,
1669 574 1709 637 3
1757 581 1866 653 qui
1899 580 2008 638 ubi
2053 582 2369 640 iuvencam
2405 597 2614 656 super-

315 687 491 765 venit,
541 688 732 745 certis
776 688 968 759 siqnis
1024 687 1444 760 conprendere
1497 688 1665 762 licet,
1712 703 1886 760 quem
1940 703 2152 745 sexum
2205 689 2616 761 qeneraverit,

314 793 619 871 quoniam,
665 795 723 852 si
759 799 943 868 parte
991 794 1214 852 dextra
1262 794 1529 866 desiluit,
1575 809 1806 852 marem
1851 795 2180 852 seminasse
2226 792 2612 868 manifestum

315 904 430 970 est,·
478 901 540 957 si
584 902 785 972 laeva,
835 898 1144 974 feminam.
1238 897 1442 958 eadem
1499 916 1599 958 res
1654 905 1929 958 narratur
1986 916 2017 957 a
2072 897 2266 958 Plinio
2313 896 2440 958 VIII
2482 894 2608 958 176

316 1011 372 1062 et
417 1005 484 1063 in
536 1006 880 1083 geoponicis
927 1003 952 1064 l
994 1000 1094 1084 17,
1135 1001 1190 1065 6.

498 1148 821 1206 Aristolem
887 1145 1139 1224 plurima
1196 1146 1555 1227 apographa,
1614 1148 1991 1208 Aristotelem
2047 1150 2106 1208 in
2165 1149 2434 1228 principe
2492 1146 2612 1206 edi-

318 1254 482 1312 tione
553 1252 877 1313 Politianus
942 1270 1062 1312 non
1129 1254 1405 1313 correxit.
1497 1256 1557 1312 in
1625 1254 1943 1334 archetypo
2010 1258 2316 1316 aristolem
2381 1254 2616 1314 videtur

318 1361 613 1439 scriptum
681 1360 891 1440 fuisse,
950 1367 1154 1437 postea
1221 1367 1558 1419 correctum
1625 1364 2009 1422 aristotelem.
2103 1361 2173 1421 de
2236 1362 2617 1440 generatione

319 1467 575 1526 marium
636 1474 695 1526 et
751 1467 1105 1526 seminarum
1165 1465 1514 1526 Aristoteles
1571 1467 1644 1527 de
1710 1476 1969 1546 generat.
2028 1468 2257 1528 animal.
2296 1466 2369 1527 v1
2412 1466 2444 1528 1
2489 1484 2617 1546 sqq.

320 1573 658 1651 disputavit.
1533 1584 1536 1587 ’

502 1695 898 1774 Pleraeque
965 1698 1260 1776 pariunt
1319 1699 1388 1756 in
1453 1698 1697 1758 decem
1756 1701 1961 1759 annis
2016 1699 2356 1779 quaedam
2412 1700 2623 1758 etiam

321 1802 598 1882 plures]
652 1805 727 1863 In
786 1805 991 1863 decem
1039 1808 1218 1865 annis
1272 1803 1412 1865 libri
1466 1823 1647 1864 manu
1713 1807 1919 1883 scripti
1975 1824 2207 1887 omnes,
2275 1809 2337 1866 in
2394 1808 2625 1866 decimo

324 1929 486 1971 anno
548 1908 875 1970 Politianus
937 1913 998 1969 in
1066 1913 1336 1990 principe
1404 1911 1664 1972 editione
1732 1931 1851 1973 non
1919 1915 2194 1975 correxit.
2290 1916 2352 1973 in
2419 1915 2626 1972 decem

324 2036 545 2091 annos,
607 2019 907 2092 quaedam
970 2021 1151 2077 etiam
1212 2021 1273 2077 in
1328 2022 1540 2094 plures
1602 2037 1671 2077 ex
1729 2018 1937 2079 Aldina
1999 2020 2257 2080 editione
2315 2026 2628 2096 receptum

303 2133 475 2205 erat,
515 2125 769 2203 repetita
810 2132 1014 2183 contra
1062 2123 1236 2184 fidem
1286 2123 1575 2185 librorum
1623 2128 2084 2204 praepositione.
2159 2130 2222 2187 in
2270 2144 2406 2186 cum
2453 2143 2624 2184 accu-

326 2233 510 2291 sativo
559 2230 633 2290 de
680 2238 947 2309 tempore
989 2230 1213 2291 dictum
1261 2239 1352 2292 est
1398 2230 1450 2291 ΙΙ
1493 2228 1552 2313 2,
1598 2229 1684 2293 12
1720 2231 1968 2308 faciunt
2013 2237 2074 2294 in
2123 2250 2350 2293 annum
2396 2238 2626 2307 seqetes

326 2341 621 2399 meliores.

504 2462 554 2522 A
611 2462 889 2541 dulpini
959 2470 1278 2523 eamortu
1336 2481 1560 2542 usque
1619 2464 1697 2524 ad
1761 2464 1916 2524 dies
1965 2463 2441 2543 quadraginta
2499 2472 2627 2524 aut

326 2569 538 2649 paulo
584 2567 772 2648 plus]
822 2569 873 2629 Α
913 2571 1185 2645 delphini
1228 2578 1447 2631 exortu
1487 2568 1729 2631 Merula.
1777 2589 2025 2651 geopon.
2065 2569 2220 2631 XVII
2263 2568 2363 2654 10,
2404 2567 2444 2631 3
2483 2561 2626 2651 ὥρα

330 2670 401 2737 δὲ
448 2667 618 2758 πρὸς
665 2667 893 2756 ὀχείαν
942 2668 1424 2758 [τετραπόδων]
1474 2667 1515 2757 ἡ
1568 2668 1698 2738 ἀπὸ
1751 2675 2068 2759 δελφῖνος
2114 2674 2439 2758 ἐπιτολῆς,
2476 2697 2624 2739 του-

326 2779 506 2845 τέστι
544 2775 711 2868 Δπερὶ
775 2775 891 2855 τὰς
952 2776 1161 2863 ἀρχὰς
1219 2788 1340 2845 τοῦ
1382 2775 1673 2845 Ἰουνίου
1728 2780 1969 2865 μηνός,
2030 2779 2152 2856 ἕως
2216 2780 2491 2865 ἡμερῶν
2538 2780 2628 2865 μ’.

329 2891 548 2952 dicitur
614 2898 810 2950 autem
878 2898 1121 2951 exortus
1188 2889 1452 2969 delphini
1517 2894 1923 2972 vespertinuS‚
1989 2892 2062 2952 de
2131 2910 2247 2971 quo
2306 2889 2626 2951 Columella

330 2998 406 3058 XI
447 2997 508 3078 2,
537 2994 624 3059 45
673 2997 879 3058 scribit
919 2998 1020 3057 IV
1051 3001 1186 3058 idus
1228 2998 1441 3059 Iunias
1480 3001 1799 3074 delphinus
1836 3017 2084 3076 vespere
2124 3001 2450 3059 exoritur.'
2484 2997 2628 3058 falsa

332 3107 402 3166 de
451 3104 663 3165 eadem
713 3124 777 3165 re
825 3104 1053 3165 Plinius
1100 3103 1228 3164 VIII
1271 3103 1394 3166 177
1445 3105 1703 3186 rettulit,
1751 3110 1945 3167 coitus
1992 3124 2031 3166 a
2093 3109 2364 3183 delphini
2407 3113 2626 3166 exortu
2737 3116 2740 3119 ’

335 3232 389 3273 a.
428 3215 484 3273 d.
519 3215 728 3289 pridie
774 3230 966 3272 nonas
1014 3213 1349 3273 Ianuarias
1398 3215 1610 3273 diebus
1658 3217 1932 3289 triginta,
1973 3231 2089 3292 quo
2138 3212 2232 3273 die
2280 3211 2626 3291 delphinum

337 3320 625 3379 matutino
674 3320 895 3378 exoriri
940 3317 1169 3379 Plinius
1216 3317 1399 3378 XVIII
1436 3316 1571 3380 234
1619 3319 1842 3381 scribit.

516 3458 599 3522 14
664 3460 1033 3539 Exemptis
1091 3460 1462 3522 testiculis
1519 3464 1578 3521 si
1635 3465 1874 3523 statim
1938 3462 2321 3522 admiseris
2383 3464 2627 3522 statim

336 3565 749 3647 concipere]
792 3569 864 3628 Si
905 3571 1108 3628 statim
1156 3571 1433 3629 amiseris
1482 3572 1807 3645 concipere
1843 3587 1921 3651 m,
1957 3573 2014 3629 si
2055 3572 2259 3630 statim
2306 3572 2627 3629 admiseris

337 3680 662 3752 concipere
709 3693 780 3734 ex
828 3674 1034 3734 Aldina
1082 3675 1341 3736 editione
1379 3673 1679 3735 Victorius
1717 3683 2043 3756 receperat.
2117 3694 2333 3735 nomen
2382 3683 2628 3737 taurum

337 3784 665 3845 desiderari
704 3780 965 3860 Scaliger
1014 3781 1337 3862 adnotavit3
1375 3782 1535 3841 idem
1582 3801 1798 3842 nomen
1845 3784 1907 3842 in
1946 3778 2178 3842 ‘vetere
2226 3776 2464 3843 codice'
2494 3792 2628 3862 post

341 3892 666 3951 admiseris
714 3890 1001 3966 scriptum
1043 3906 1174 3948 esse
1215 3888 1513 3949 adnotavit
1549 3887 1818 3969 UrsinuS‚
1859 3888 2015 3967 quod
2058 3888 2456 3950 Schneiderus
2494 3908 2629 3968 pro-

339 3996 509 4057 bavit.
586 3998 786 4073 itaque
833 4012 943 4073 pro
990 3999 1210 4071 statim,
1251 3996 1405 4074 quod
1455 3994 1546 4055 his
1586 3997 1879 4075 scriptum
1926 4004 2016 4056 est
2062 3998 2123 4055 in
2170 4014 2347 4056 manu
2388 3997 2627 4073 scriptis

336 4103 522 4183 libris,
561 4103 895 4182 posteriore
943 4100 1072 4161 loco
1122 4109 1367 4163 taurum
1406 4104 1640 4183 scripsi,
1675 4105 1732 4163 si
1763 4105 1967 4164 statim
2006 4105 2326 4164 admiseris
2365 4109 2627 4176 taurum,

339 4213 690 4286 concipere:
755 4208 996 4269 Aristot.
1055 4209 1127 4268 de
1185 4218 1446 4288 generat.
1504 4211 1680 4269 anim.
1727 4206 1850 4289 14,
1892 4208 1968 4271 11
2031 4205 2140 4270 καὶ
2195 4200 2325 4288 ἤδη
2385 4201 2630 4287 ταῦρός

339 4337 433 4390 τις
505 4308 669 4398 μετὰ
742 4311 866 4395 τὴν
933 4307 1216 4395 ἐκτομὴν
1281 4309 1537 4388 εὐθέως
1612 4307 1890 4397 ὀχεύσας
1955 4309 2294 4395 ἐπλήρωσε
2370 4307 2481 4375 διὰ
2553 4308 2628 4375 τὸ

279 4485 282 4487 ,
342 4416 531 4503 μήπω
582 4414 739 4494 τοὺς
783 4413 1034 4501 πόρους
1090 4412 1544 4502 ἄνεσποὶσθαι,
1595 4423 1817 4483 Colum.
1857 4422 1928 4481 VI
1969 4420 2072 4503 26,
2112 4419 2152 4482 3
2192 4423 2456 4498 formam
2502 4441 2630 4483 ser-

344 4539 443 4591 vat
487 4533 697 4605 maris,
746 4548 880 4590 cum
923 4534 1271 4604 qeneranaz·
1316 4534 1431 4592 vim
1480 4533 1768 4606 deposuit,
1808 4548 1988 4604 quam
2036 4537 2235 4590 tamen
2284 4533 2474 4606 ipsam
2511 4547 2628 4590 non

2098 4629 2206 4683 12*
