3178 5185
560 388 690 451 266
1546 382 1918 439 VARRONIS

559 556 731 614 cuius
791 554 1103 630 vestigium
1165 554 1227 611 in
1286 570 1425 630 agro
1475 551 1693 612 Sabino
1759 554 1846 611 via
1903 550 2111 611 salaria
2168 570 2286 610 non
2344 550 2517 630 longe
2574 571 2606 611 a
2654 551 2858 632 Reate,

510 664 545 721 7
568 660 854 720 miliarius
902 659 1087 719 clivus
1135 677 1271 719 cum
1319 659 1648 737 appellatur
1695 658 1881 720 tebae.
1966 660 2088 737 agri
2138 658 2431 718 culturam
2480 661 2672 738 primo
2718 678 2857 738 pro·

558 776 691 846 pter
731 774 1139 846 paupertatem
1182 769 1429 826 maxime
1468 767 1855 827 indiscretam
1893 764 2206 845 habebant,
2247 765 2404 844 quod
2443 786 2475 826 a
2513 765 2861 845 pastoribus

559 875 662 952 qui
711 881 879 934 erant
918 876 1035 934 orti
1073 876 1130 934 in
1174 874 1380 933 eodem
1420 892 1560 951 agro
1601 881 1660 933 et
1699 872 1976 934 serebant
2015 882 2074 933 et
2112 872 2459 950 pascebant:
2508 875 2612 952 qui
2648 881 2865 952 postea

559 989 878 1041 creverunt
935 980 1165 1059 peculia
1222 980 1578 1060 diviserunt,
1636 999 1703 1040 ac
1760 981 1979 1040 factum
2040 988 2105 1040 ut
2162 979 2506 1040 dicerentur
2557 980 2656 1040 alii
2702 982 2862 1058 agri·
2923 991 2950 1031 5

506 1088 748 1168 Scalae,
795 1088 893 1148 alii
940 1095 1226 1166 pastores,
1315 1107 1464 1167 quae
1511 1090 1640 1167 ipsa
1688 1106 1825 1165 pars
1873 1087 2089 1165 duplex
2137 1096 2244 1168 est,
2291 1089 2528 1148 tametsi
2574 1087 2646 1147 ab
2696 1087 2866 1147 nullo

560 1198 702 1255 satis
770 1195 1054 1269 discreta,
1123 1196 1276 1274 quod
1345 1195 1527 1255 altera
1594 1203 1686 1255 est
1749 1195 2000 1255 villatica
2064 1197 2279 1274 pasti0,
2345 1194 2527 1255 altera
2585 1198 2865 1273 agrestiS.

561 1303 704 1362 llaec
772 1309 910 1362 nota
975 1311 1033 1363 et
1091 1301 1332 1384 nobiliS,
1399 1302 1555 1380 quod
1614 1311 1674 1362 et.
1729 1304 2006 1380 pecuaria
2063 1302 2418 1381 appellatur,
2484 1310 2544 1361 et
2602 1302 2866 1363 multum

562 1409 833 1469 homines
879 1409 1208 1488 locupletes
1255 1409 1330 1469 ob
1378 1427 1507 1468 eam
1555 1428 1682 1469 rem
1722 1415 1823 1469 aut
1862 1408 2187 1469 conductos
2226 1417 2327 1469 aut
2366 1417 2596 1487 emptos
2635 1408 2868 1470 habent

561 1515 774 1596 saltus3
822 1515 1003 1575 altera
1049 1515 1320 1597 villatica,
1369 1516 1525 1595 quod
1575 1515 1816 1576 humilis
1857 1516 2107 1596 videtur,
2155 1535 2185 1574 a
2232 1515 2587 1594 quibusdam
2627 1517 2948 1582 adiectam

564 1622 632 1682 ad
693 1625 818 1701 agri
877 1622 1199 1705 culturam,
1256 1642 1392 1683 cum
1449 1631 1608 1683 esset
1664 1625 1882 1704 pastio,
1940 1641 2131 1701 neque
2181 1623 2467 1701 explicata
2518 1631 2639 1683 tota
2689 1643 2865 1702 sepa-

510 1731 771 1809 9ratim,
840 1730 994 1807 quod
1054 1732 1261 1812 sciam,
1318 1729 1390 1789 ab
1448 1730 1584 1791 ullo,
1685 1732 1885 1809 itaque
1942 1749 2078 1790 cum
2134 1741 2404 1808 putarem
2464 1748 2595 1790 esse
2653 1749 2866 1791 rerum

562 1838 937 1917 rusticarum,
987 1856 1136 1916 quae
1185 1839 1508 1898 constituta
1548 1847 1688 1898 sunt
1726 1838 1958 1898 fruct-us
1998 1856 2190 1917 causa,
2236 1839 2347 1896 tria
2388 1856 2624 1917 genera,
2672 1857 2864 1899 unum

561 1943 633 2002 de
701 1946 827 2021 agri
891 1944 1152 2025 cultura,
1216 1944 1469 2005 alterum
1525 1944 1597 2005 de
1656 1964 1721 2004 re
1779 1947 2083 2025 pecuaria,
2149 1946 2393 2004 tertium
2450 1944 2521 2003 de
2580 1944 2865 2006 villaticis

561 2050 957 2131 pastionibuS,
1017 2059 1137 2111 tres
1194 2051 1378 2111 libros
1434 2054 1697 2130 institui,
1755 2070 1787 2111 6
1837 2053 1971 2130 quis
2019 2052 2135 2111 duo
2186 2053 2426 2132 scripsi,
2473 2053 2740 2129 primum
2789 2052 2861 2111 ad
2896 2061 2946 2100 15

560 2157 927 2218 Fundaniam
984 2177 1230 2219 uxorem
1288 2159 1360 2219 de
1419 2161 1545 2238 agri
1602 2158 1860 2240 cultura,
1925 2158 2254 2218 secundum
2314 2158 2386 2218 de
2444 2161 2731 2235 pecuaria
2791 2161 2862 2219 ad

560 2263 921 2325 Turranium
959 2265 1233 2342 Nigrum:
1284 2268 1387 2345 qui
1425 2265 1692 2344 reliquus
1731 2273 1821 2325 est
1864 2267 2080 2325 tertius
2118 2265 2190 2324 de
2230 2264 2499 2325 villaticis
2538 2265 2863 2346 fructibuS,

559 2372 621 2428 in
670 2370 784 2430 1106
833 2371 904 2431 ad
952 2382 1010 2430 te
1059 2374 1248 2451 mitto,
1298 2372 1453 2449 quod
1503 2373 1665 2431 visus
1714 2390 1844 2431 sum
1894 2371 2111 2431 debere
2160 2390 2267 2450 pro
2313 2380 2513 2431 nostra
2553 2375 2864 2433 vicinitate

467 2478 546 2534 10
568 2488 627 2537 et
683 2496 880 2537 amore
939 2477 1201 2538 scribere
1258 2480 1633 2557 potissimum
1683 2478 1753 2537 ad
1803 2487 1877 2538 te.
1971 2498 2105 2538 cuni
2153 2480 2310 2538 enim
2360 2478 2551 2538 villam
2600 2479 2864 2540 haberes

557 2604 736 2664 opere
802 2587 1054 2646 tectorio
1122 2595 1181 2646 et
1246 2587 1529 2646 intestino
1599 2605 1665 2647 ac
1725 2587 2074 2665 pavimentis
2132 2583 2430 2646 nobilibus
2491 2585 2861 2648 lithostrotis
2891 2604 2941 2640 20

559 2692 936 2769 spectandam
986 2701 1045 2754 et
1088 2712 1297 2771 parum
1345 2701 1619 2771 putasses
1667 2712 1817 2774 esse,
1866 2696 1927 2752 ni
1976 2696 2093 2753 tuis
2139 2712 2374 2772 quoque
2422 2693 2641 2753 litteris
2684 2714 2858 2754 exor-

560 2801 681 2858 nati
739 2802 996 2878 parietes
1052 2808 1276 2879 essent,
1345 2819 1452 2878 ego
1511 2819 1775 2879 quoque,
1842 2819 1957 2879 quo
2015 2801 2279 2859 ornatior
2336 2819 2403 2859 ea
2460 2818 2591 2860 esse
2650 2810 2860 2878 posset

558 2907 755 2966 fructu
806 2906 990 2985 [quod
1042 2907 1248 2988 factu],
1297 2908 1454 2986 quod
1504 2908 1699 2967 facere
1738 2926 1993 2986 possem,
2042 2907 2186 2966 haec
2234 2907 2305 2966 ad
2353 2916 2412 2966 te
2452 2909 2604 2985 misi,
2654 2925 2858 2967 recor-

557 3014 728 3073 datus
794 3013 867 3073 de
926 3033 993 3073 ea
1050 3033 1115 3073 re
1173 3033 1504 3095 sermones,
1572 3032 1722 3092 quos
1779 3014 1850 3073 de
1908 3013 2041 3072 villa
2097 3015 2361 3093 perfecta
2418 3012 2858 3075 habuissemus

557 3120 628 3180 de
678 3120 896 3199 quibus
944 3122 1310 3200 exponendis
1360 3123 1596 3180 initium
1645 3122 1870 3199 capiam
1917 3119 2073 3181 hinc.
2886 3137 2934 3176 25

720 3353 746 3399 1
797 3345 1016 3401 sabinio
1063 3347 1117 3400 A
1283 3364 1317 3399 a.
1362 3348 1517 3401 reate
1563 3345 1671 3399 Vm
1709 3362 1744 3399 a
1779 3346 1898 3399 rete
1936 3345 2058 3399 AB
2222 3352 2253 3398 2
2313 3345 2488 3402 cliuus
2534 3350 2861 3418 appellatur

556 3434 936 3504 (appellantur
989 3435 1064 3503 A)
1122 3434 1328 3488 thebae
1387 3435 1524 3490 Cum
1580 3435 1982 3504 agriculturam
2042 3435 2227 3489 PAB
2284 3436 2461 3490 cliuus
2517 3439 2858 3507 appellatur.

556 3523 744 3579 Tebae
783 3541 909 3577 cum
947 3524 1352 3592 agriculturam
1389 3542 1418 3578 v
1512 3530 1542 3577 3
1582 3525 1869 3578 habebant
1904 3525 2087 3579 PAB
2123 3525 2397 3579 haberent
2432 3545 2462 3579 υ
2555 3533 2590 3579 4
2629 3528 2857 3599 eodem]

557 3617 717 3670 edem
762 3615 816 3668 A
964 3616 1021 3668 et
1074 3613 1397 3681 reserebant
1445 3615 1499 3668 B
1645 3614 1740 3682 qui
1784 3615 1981 3683 postea
2027 3617 2323 3668 creuerunt
2366 3614 2591 3684 peculia
2638 3617 2858 3670 Iucun-

555 3709 659 3762 dus
721 3721 865 3774 quae
931 3705 1061 3773 (que
1115 3705 1191 3772 A)
1256 3706 1454 3773 postea
1519 3707 1816 3758 creuerunt
1867 3702 2107 3773 pecunia
2172 3704 2348 3758 VAB
2530 3711 2561 3758 6
2625 3705 2860 3761 tametsi

556 3833 627 3884 ab
675 3832 832 3885 nullo
873 3832 990 3884 PA
1036 3807 1331 3884 tametmax
1351 3820 1507 3883 nullo
1545 3830 1603 3883 B
1648 3827 1876 3882 tametsi
1922 3845 1957 3881 a
2002 3827 2158 3882 nullo
2196 3846 2227 3882 v
2372 3835 2403 3881 8
2452 3828 2601 3896 quod
2649 3830 2710 3884 et
2758 3847 2856 3899 pe-

556 3921 748 3974 cuaria.
790 3919 972 3974 PAB
1019 3935 1162 3988 quae
1207 3920 1266 3973 et
1300 3919 1566 3987 pecuaria
1604 3936 1636 3971 v
1745 3916 2067 3986 appellatur
2102 3916 2222 3970 AB
2259 3917 2579 3971 nominatur
2628 3918 2680 3970 V
2793 3925 2853 3971 11

555 4013 735 4063 totam
776 4011 826 4061 A
958 4015 1020 4062 12
1059 4008 1256 4077 Itaque
1293 4009 1621 4076 coputarem
1657 4011 1728 4061 A.
1803 4008 1884 4060 De
1925 4005 2155 4075 Origine
2194 4006 2442 4060 uillatice
2479 4007 2757 4076 pastionis
2796 4011 2858 4061 in

554 4100 804 4170 margine
840 4099 1067 4152 rubrica
1093 4098 1149 4152 A
1262 4103 1325 4150 13
1366 4095 1675 4151 constituta
1712 4097 1871 4164 (corr.
1910 4127 1978 4135 —-
2017 4097 2072 4150 te
2102 4094 2205 4164 ΑΞ)
2244 4098 2373 4150 sunt
2407 4095 2518 4150 VA
2547 4097 2857 4150 constituta

556 4240 669 4294 sint
696 4241 751 4293 B
864 4245 930 4293 14
965 4238 1200 4294 tercium
1241 4239 1308 4293 de
1345 4188 1589 4292 ulilaticis
1619 4238 1673 4290 A
1787 4242 1851 4290 15
1888 4237 2024 4308 tres]
2065 4239 2121 4291 te
2159 4239 2293 4303 treS,
2329 4238 2422 4291 sed
2456 4238 2513 4290 te
2542 4239 2776 4292 deletum
2801 4237 2855 4292 A

663 4329 771 4382 duo
805 4330 989 4384 PAB
1026 4329 1164 4384 duos
1201 4346 1232 4382 v
1346 4334 1410 4381 17
1449 4326 1759 4379 turranium
1795 4326 1977 4381 PAB
2013 4324 2334 4380 turannium
2362 4343 2394 4379 v
2508 4331 2572 4380 18
2612 4329 2673 4380 at
2707 4330 2766 4381 te
2795 4332 2855 4380 ut

554 4420 787 4484 videtur,
825 4434 964 4473 corr.
1004 4418 1076 4471 ad
1113 4419 1170 4472 te
1203 4419 1389 4487 priore
1429 4418 1542 4471 loco
1580 4416 1637 4470 A
1754 4421 1816 4468 21
1862 4417 1919 4468 et
1956 4421 2081 4469 ante
2117 4431 2315 4483 pamm
2352 4430 2452 4471 om.
2501 4414 2681 4469 VAB
2796 4414 2854 4469 ni

554 4508 668 4563 tuis
719 4509 768 4561 V
802 4509 859 4562 in
897 4509 1008 4564 tuis
1047 4509 1171 4563 AB
1280 4514 1347 4563 23
1387 4506 1536 4575 quod
1572 4506 1756 4561 facere
1800 4507 1981 4561 PAB
2018 4505 2203 4573 quoad
2241 4504 2426 4559 facere
2462 4520 2495 4559 v
2604 4504 2764 4559 missi
2799 4503 2852 4558 A
