3178 5185
816 431 1071 485 RERVM
1108 416 1580 486 RvsTICARVM
1612 431 1751 501 ,LIB.
1790 433 1868 485 111
1908 427 2061 485 3-5
2457 433 2582 495 277

316 617 449 659 aves
508 599 631 659 alias
693 618 958 680 quoque,
1013 617 1163 678 quae
1220 594 1470 676 pingues
1527 608 1786 660 veneunt
1841 619 2004 680 care,
2061 609 2127 661 ut
2183 578 2464 660 miliariae
2523 586 2618 659 ac

316 709 653 768 coturnices·
756 709 818 766 in
881 706 994 768 hoc
1050 713 1272 767 tectum
1333 725 1545 784 aquam
1603 709 1804 767 venire
1862 716 2097 786 oportet
2154 727 2261 787 per
2315 707 2590 786 fistulam,

319 822 377 874 et
423 833 540 874 eam
582 817 780 894 potius
826 804 934 893 per
981 813 1213 874 canales
1262 821 1541 892 angustas
1591 833 1850 896 serpere,
1900 835 2048 895 quae
2089 815 2255 875 facile
2296 817 2592 892 extergeri

260 928 280 951 ·
322 923 538 999 possint
589 915 670 1004 (si
726 924 883 982 enim
940 920 1053 980 late
1111 920 1193 979 ibi
1250 920 1460 981 diffusa
1519 940 1694 1001 aqua,
1757 930 1816 982 et
1862 925 2208 1001 inquinatur
2256 921 2484 982 facilius
2533 930 2592 981 et

274 1044 296 1082 5
323 1028 534 1090 bibitur
566 1022 883 1111 inutilius),
922 1035 982 1087 et
1019 1045 1093 1086 ex
1131 1029 1218 1086 eis
1257 1027 1475 1087 caduca
1516 1047 1667 1106 quae
1698 1028 1956 1089 abundat
1986 1047 2093 1107 per
2121 1028 2375 1088 fistulam
2411 1030 2591 1107 exire,

324 1154 395 1196 ne
441 1137 550 1196 luto
595 1155 730 1196 aves
775 1135 1061 1196 laborent.
1136 1137 1352 1195 ostium
1401 1134 1618 1194 habere
1667 1135 1887 1196 humile
1935 1145 1994 1195 et
2032 1145 2346 1213 angustum
2386 1145 2445 1195 et
2482 1140 2643 1213 po=3

323 1245 597 1303 tissimum
645 1244 774 1302 eius
821 1244 1084 1321 generiS,
1133 1241 1288 1320 quod
1339 1241 1627 1302 cochliam
1675 1242 1996 1322 appellant,
2045 1250 2112 1302 ut
2160 1242 2308 1302 solet
2355 1260 2485 1301 esse
2532 1244 2591 1300 in

326 1368 503 1429 cavea,
546 1352 603 1408 in
652 1368 766 1428 qua
813 1350 967 1409 tauri
1016 1367 1279 1427 pugnare
1320 1348 1538 1409 solent:
1587 1350 1879 1409 fenestras
1919 1368 2100 1430 raras,
2147 1368 2253 1428 per
2292 1368 2438 1428 quas
2479 1367 2592 1408 non
2638 1385 2646 1398 ·

327 1457 616 1516 videantur
670 1459 1043 1517 extrinsecus
1089 1456 1333 1516 arbores
1381 1463 1482 1516 aut
1530 1476 1693 1535 aveS,
1749 1457 1903 1535 quod
1955 1475 2156 1516 earum
2207 1464 2480 1536 aspectus
2529 1475 2595 1516 ac

255 1578 301 1617 10
328 1563 665 1624 desiderium
742 1582 1111 1625 marcescere
1189 1565 1328 1624 facit
1394 1563 1666 1623 volucres
1731 1563 2004 1624 inclusas.
2107 1571 2336 1624 tantum
2402 1563 2595 1623 locum

327 1670 546 1730 luminis
593 1671 809 1731 habere
857 1678 1112 1751 oportet,
1160 1681 1226 1731 ut
1273 1689 1408 1730 aves
1459 1670 1656 1730 videre
1705 1672 1953 1750 possint,
2001 1670 2101 1730 ubi
2149 1671 2446 1748 adsidam,
2495 1670 2595 1729 ubi

330 1776 506 1857 cibus,
568 1777 671 1837 ubi
735 1795 882 1856 aqua
938 1779 1045 1836 sit.
1148 1777 1399 1836 tectorio
1466 1783 1619 1836 tacta
1684 1776 1984 1836 esse-levi
2040 1779 2264 1837 circum
2324 1778 2473 1836 ostia
2529 1795 2596 1835 ac

330 1884 620 1964 fenestraS,
678 1902 870 1963 nequa
927 1885 1149 1942 intrare
1207 1901 1339 1942 mus
1387 1882 1567 1942 aliave
1629 1901 1778 1961 quae
1827 1882 2016 1943 bestia
2062 1886 2265 1961 possit.
2359 1885 2647 1943 circum4

329 1989 487 2050 huius
548 1991 778 2051 aedifici
841 1992 1100 2068 parietes
1166 1991 1527 2049 intrinsecus
1586 1989 1804 2050 multos
1860 2008 1991 2049 esse
2049 1990 2237 2071 palos,
2304 1991 2406 2050 ubi
2462 2009 2597 2049 aves

264 2107 308 2147 15
335 2097 580 2157 adsidere
629 2099 877 2176 possint,
925 2103 1232 2174 praeterea
1282 2095 1368 2173 [e]
1418 2097 1663 2173 perticis
1710 2095 2007 2156 inclinatis
2055 2116 2124 2155 ex
2173 2097 2351 2158 humo
2390 2098 2459 2156 ad
2501 2116 2597 2175 pa—

331 2207 535 2266 rietem·
581 2212 642 2265 et
706 2206 767 2263 in
834 2205 920 2262 eis
986 2205 1267 2262 traversis
1323 2203 1612 2280 gradatim
1671 2203 1919 2267 modicis
1976 2203 2299 2263 intervallis
2355 2205 2599 2283 perticis

331 2313 551 2372 adnexis
597 2311 668 2371 ad
720 2312 979 2389 speciem
1027 2308 1423 2369 cancellorum
1473 2312 1847 2370 scenicorum
1895 2330 1962 2370 ac
2012 2310 2244 2371 theatri.
2320 2312 2596 2370 deorsum

328 2422 382 2479 in
422 2426 633 2479 terram
683 2436 816 2477 esse
864 2436 1094 2496 aquam,
1143 2435 1318 2495 quam
1366 2416 1571 2476 bibere
1620 2418 1867 2495 possint,
1916 2416 2139 2477 cibatui
2177 2418 2320 2477 offas
2361 2419 2598 2497 positas.

331 2544 418 2585 eae
471 2527 716 2586 maxime
772 2523 1177 2604 glomerantur
1232 2542 1304 2582 ex
1352 2524 1482 2584 ficis
1529 2531 1588 2582 et
1636 2524 1790 2583 farre
1839 2526 2038 2584 mixto.
2132 2524 2340 2584 diebus
2396 2525 2602 2602 viginti

266 2642 622 2714 20antequam
675 2631 881 2694 tollere
931 2632 1055 2692 vult
1100 2631 1327 2711 turdoS,
1373 2630 1595 2708 largius
1645 2631 1744 2690 dat
1791 2631 2007 2710 cibum,
2057 2633 2212 2711 quod
2262 2632 2395 2711 plus
2435 2634 2603 2710 ponit

332 2749 382 2801 et
432 2741 581 2801 farre
629 2738 943 2800 subtiliore
992 2740 1201 2817 incipit
1249 2738 1422 2797 alere.
1516 2740 1578 2796 in
1626 2737 1738 2797 hoc
1788 2746 1944 2798 tecto
1994 2740 2174 2799 caviis
2224 2757 2373 2818 quae
2422 2739 2601 2798 caviis

493 3026 518 3073 1
562 3018 802 3089 pingues
848 3034 991 3085 quae
1033 3033 1170 3072 corr.
1211 3033 1354 3084 quae
1392 3016 1629 3085 pingues
1667 3017 1723 3070 B
1903 3022 1933 3068 2
1976 3015 2287 3070 coturnices
2338 3016 2388 3068 V
2422 3016 2603 3069 cotor-

329 3144 463 3198 nices
490 3145 610 3198 AB
718 3111 908 3197 tectum
935 3140 990 3195 A
1100 3147 1131 3193 3
1171 3141 1395 3195 canales
1438 3141 1485 3193 V
1520 3142 1773 3194 carnales
1801 3142 1858 3194 B
1895 3147 1945 3194 et
1980 3142 2146 3195 deleto
2175 3160 2201 3193 r
2229 3142 2282 3193 A
2392 3147 2425 3193 4
2462 3140 2602 3211 late]

328 3269 463 3334 lacte
497 3269 553 3323 A
669 3274 702 3322 5
742 3232 917 3323 calma.
952 3265 1007 3320 A
1046 3266 1313 3321 caducam
1353 3267 1624 3321 Gesnerus
1733 3264 2024 3319 habundat
2062 3267 2112 3317 A
2224 3271 2255 3318 6
2294 3265 2513 3319 labores
2551 3266 2607 3319 A

327 3376 451 3413 corr.
490 3391 555 3398 -
595 3361 693 3412 ent
720 3356 803 3412 Α2
949 3363 978 3409 7
1019 3355 1294 3410 cochliam
1336 3355 1387 3409 V
1421 3355 1659 3409 cocliam
1688 3357 1745 3409 B
1774 3353 2031 3409 clocliam
2060 3356 2115 3409 A
2263 3360 2329 3408 10
2368 3371 2605 3407 marces-

327 3464 437 3503 cere
458 3448 640 3504 PAB
666 3463 1005 3501 macrescere
1025 3463 1055 3500 v
1151 3452 1213 3499 11
1245 3444 1506 3499 adsidant
1523 3446 1578 3498 A
1601 3444 1853 3499 assidant
1878 3444 1989 3497 VB
2084 3449 2147 3497 12
2177 3447 2333 3499 tacta.
2352 3462 2473 3499 esse
2495 3445 2608 3498 PB

325 3540 465 3592 tecta
502 3553 621 3593 esse
651 3536 830 3591 Amv.
909 3533 1190 3589 ‘Tectorio
1227 3536 1387 3588 tacta.
1415 3551 1536 3588 esse
1565 3532 1697 3587 leui.
1783 3532 1946 3587 Vetus
1975 3533 2105 3587 haec
2133 3539 2207 3588 est
2237 3535 2409 3601 lecti0,
2446 3552 2606 3603 quam

322 3628 547 3695 probaui
579 3667 591 3680 .
623 3630 790 3680 antea
825 3624 889 3677 in
925 3623 1138 3677 eaecusis
1179 3622 1361 3676 Tecta.
1436 3622 1561 3676 Hoc
1598 3623 1662 3675 in
1691 3622 1832 3676 libro
1861 3623 2078 3688 iterum,
2116 3623 2215 3676 ubi
2242 3624 2307 3675 de
2337 3622 2609 3690 leporibus

325 3716 470 3787 [III
501 3720 611 3784 12,
649 3714 737 3784 3],
784 3711 853 3767 Vt
891 3713 1110 3767 tectorio
1147 3717 1298 3766 taeta
1332 3713 1472 3776 sint,
1511 3717 1560 3764 et
1596 3712 1709 3764 sint
1747 3712 1878 3764 alta.
1955 3712 2113 3764 Idem
2151 3727 2302 3765 error
2340 3716 2455 3764 erat
2492 3711 2610 3764 illic

2270 3800 2331 3840 sti

325 3843 381 3895 in
413 3840 645 3896 excusis’
697 3838 972 3893 Victorius
1105 3835 1251 3889 ostia
1299 3835 1349 3887 V
1380 3834 1566 3889 hostia.
1603 3835 1724 3889 AB
1854 3840 1918 3887 13
1957 3834 2159 3904 bestia]
2198 3835 2304 3888 bea
2357 3834 2412 3887 A
2543 3841 2608 3888 14

325 3929 554 3985 aedificii
583 3930 694 3983 VB
708 3925 914 3981 'edifitii
932 3927 988 3982 A
1100 3930 1164 3977 15
1195 3924 1446 3979 adsidere
1466 3925 1522 3979 A
1541 3923 1786 3978 assidere
1818 3924 1931 3977 VB
2044 3929 2107 3976 16
2139 3924 2402 3978 trauersis
2426 3923 2609 3977 PAB

325 4018 650 4073 transuersis
681 4034 712 4071 v
827 4021 888 4068 17
922 4013 1152 4069 adnexis
1184 4014 1304 4069 AB
1328 4011 1559 4068 annexis
1608 4014 1651 4065 V
1755 4019 1821 4066 21
1853 4011 2025 4082 alere]
2060 4012 2231 4066 allere
2252 4013 2307 4066 A
2415 4010 2472 4065 in
2501 4012 2611 4066 hoc

326 4110 466 4163 tecto
525 4121 810 4174 causaque
865 4103 1125 4159 tabulata
1178 4104 1426 4158 habeant
1480 4102 1699 4170 aliquot
1745 4102 1819 4155 ad
1864 4102 2110 4171 perticae
2158 4102 2609 4169 supplementum

330 4199 629 4253 Iucwndus.
718 4195 904 4249 ‘Nihil
957 4195 1277 4259 immutaui,
1333 4193 1621 4261 antiquam
1668 4198 1848 4246 tamen
1894 4194 2228 4260 scripturam
2272 4195 2459 4243 notam
2504 4205 2611 4244 esse

329 4288 460 4355 uolo,
496 4287 548 4341 si
584 4285 721 4355 quid
758 4286 878 4353 opis
917 4285 1115 4351 afferre
1142 4284 1321 4353 possit
1357 4285 1431 4337 ad
1468 4285 1644 4337 locum
1680 4282 2076 4336 restituendum
2104 4303 2117 4333 ε
2149 4281 2246 4349 qui
2274 4295 2394 4332 cum
2432 4284 2608 4332 tanto-

322 4394 440 4445 pere
475 4395 511 4431 a
549 4376 844 4429 ueteribus*
862 4373 1110 4441 uestiyiis
1146 4373 1438 4440 discrepet,
1476 4373 1667 4425 merito
1703 4376 1982 4438 suspectus
2019 4386 2126 4423 esse
2163 4369 2326 4421 debet.
2403 4369 2464 4420 In
2502 4368 2610 4422 hoe

329 4467 466 4519 tecto
504 4463 699 4531 cauiis,
737 4477 882 4531 quae
922 4460 1096 4515 cauiis
1132 4461 1390 4515 tabulata
1425 4459 1678 4513 habeant
1706 4447 1933 4526 aliquod
1966 4458 2230 4526 adportat
2258 4456 2611 4525 subplemen-

333 4555 460 4613 tum’
510 4548 792 4608 Victorius
822 4594 833 4607 .
861 4551 1093 4618 fortasse
1141 4548 1199 4604 in
1244 4549 1350 4603 hoc
1396 4550 1547 4604 tecto
1601 4564 1825 4616 caveae,
1876 4563 2017 4615 quae
2065 4544 2322 4602 tabulata
2366 4545 2613 4600 habeant
