3178 5185
790 427 1051 485 RERVM
1088 426 1565 485 RVSTICARVM
1612 429 1747 484 LIB.
1786 427 1864 483 III
1905 426 2121 485 9—10
2460 419 2591 486 269

308 586 402 648 lat.
443 585 547 647 VII
589 583 670 650 87
737 589 981 666 lympha
1037 593 1086 648 a‘
1132 589 1422 670 nympha,
1485 593 1554 647 ut
1607 589 1773 662 quod
1824 587 1993 664 apud
2050 587 2318 647 Graecos
2383 585 2599 660 Thetis,

309 697 478 775 apud
523 697 787 756 Ennium
831 690 1016 757 ‘Telis
1064 699 1154 756 illi
1196 691 1440 757 mater'.

483 803 625 864 Hae
663 805 890 883 primo
930 801 1361 864 dicebantur
1402 821 1531 881 qua
1572 822 1653 863 ex
1690 802 1963 864 medica
2002 809 2297 883 propter
2336 803 2595 881 magni-
2642 788 2647 796 ’

304 902 628 972 tudinem
679 918 883 971 erant
938 909 1194 972 allatae
1244 929 1567 990 quaeque
1628 929 1706 970 ex
1762 912 1852 970 iis
1909 910 2293 989 generatae
2350 918 2596 991 postea

304 1026 611 1099 propter
658 1017 1208 1079 similitudinem
1267 1017 1531 1097 amplas
1587 1036 1830 1078 omnes
1885 1036 1965 1077 ex
2029 1019 2119 1078 iis
2180 1018 2458 1079 euulsis
2518 1035 2597 1076 ex

305 1126 437 1186 alis
512 1127 758 1205 pinnis
832 1134 899 1186 et
965 1145 997 1186 e
1073 1125 1293 1186 cauda
1369 1124 1688 1186 farciunt
1762 1124 2100 1186 turundis
2175 1123 2598 1186 hordeaceis

304 1235 566 1312 partim
616 1232 951 1293 admixtis
1000 1251 1031 1293 e
1080 1232 1309 1293 farina
1365 1230 1731 1310 lolleacia]
1791 1234 1948 1306 Quia
2004 1251 2083 1293 ex
2130 1232 2342 1293 Media
2389 1230 2600 1292 Iucun-
2666 1290 2671 1296 .

305 1341 433 1402 dus.
526 1359 766 1421 pravam
833 1339 1149 1401 verborum
1206 1339 1676 1421 distinctionem,
1724 1359 1874 1420 quae
1933 1340 2046 1401 suit
2101 1342 2161 1400 in
2221 1338 2599 1420 editionibuS,

294 1455 511 1525 postea
549 1453 807 1525 propter
851 1450 1330 1509 similitudinem:
1378 1451 1610 1525 amplas
1657 1466 1856 1509 omnes
1903 1466 1982 1508 ex
2030 1451 2134 1523 iis,
2182 1449 2442 1508 correxit
2488 1445 2599 1507 Ur-

307 1558 492 1639 sinuS,
514 1562 730 1633 postea
752 1562 1010 1631 propter
1046 1558 1496 1616 similitudinem
1536 1558 1773 1633 amplae
1810 1552 2039 1617 amnes:
2078 1574 2183 1616 eas
2220 1558 2438 1616 evulsis
2467 1571 2593 1633 sqq.

305 1661 484 1725 huius
534 1662 1006 1723 emendationem
1046 1661 1445 1723 Schneiderus
1493 1665 1740 1745 recepit,
1778 1662 1881 1723 sed
1930 1681 2010 1723 ex
2057 1666 2149 1738 iis,
2187 1680 2295 1741 pro
2335 1679 2452 1741 quo
2492 1660 2588 1722 ille

305 1788 410 1831 eas
457 1768 720 1851 dederat,
768 1771 1041 1851 retinuit,
1089 1776 1154 1830 ut
1211 1776 1370 1830 esset
1417 1765 1520 1829 ‘ex
1567 1771 1641 1829 iis
1700 1767 1916 1830 electas
1973 1764 2282 1830 sarciunt'.
2374 1787 2445 1829 ex
2499 1770 2594 1851 iis,

304 1876 363 1938 h.
395 1896 445 1938 e.
486 1895 557 1937 ex
606 1875 855 1959 galliniS,
886 1876 1104 1938 evulsis
1143 1878 1341 1957 pinnis
1380 1895 1571 1956 nuper
1610 1878 2046 1956 interpretatus
2096 1885 2187 1937 est
2221 1875 2597 1937 Heidrichius

307 1981 651 2044 Varronian.
690 1982 715 2042 1
761 2004 816 2064 p.
856 1980 959 2045 42.
1050 1983 1197 2043 mihi
1243 1982 1608 2062 probabilius
1656 1986 1845 2045 visum
1906 1992 1997 2044 est
2057 2003 2136 2045 ex
2184 1988 2258 2045 iis
2305 2003 2376 2044 ex
2424 2002 2596 2063 supe-

304 2090 565 2151 rioribus
612 2093 930 2170 repetitum
980 2109 1128 2151 esse.
1222 2090 1433 2151 deinde
1482 2093 1771 2152 admixtis
1825 2089 2044 2166 farina
2101 2089 2289 2152 deleta
2345 2111 2380 2152 e
2434 2110 2599 2170 prae-

304 2180 599 2277 positione
661 2199 899 2280 scripsi,
963 2200 1083 2259 liae
1135 2201 1336 2275 primo
1399 2200 1790 2279 dicebantur,
1853 2217 2012 2274 quae
2076 2218 2156 2260 ex
2216 2200 2464 2260 Medica
2510 2233 2599 2244 -—

306 2309 544 2381 amplae
590 2322 806 2366 omnes.
899 2308 1116 2366 evulsis
1161 2324 1241 2366 ex
1288 2308 1403 2366 alis
1451 2309 1660 2382 pinnis
1717 2312 1775 2367 et
1828 2326 1862 2367 e
1918 2310 2123 2368 cauda
2177 2305 2462 2382 farciunt
2508 2313 2598 2369 tu·

304 2414 523 2472 randis
588 2413 935 2473 hordeaciis
992 2415 1224 2489 partim
1291 2414 1580 2473 admixtis
1640 2412 1860 2488 farina
1922 2431 2050 2493 sqq.
2143 2432 2278 2474 nam
2344 2414 2598 2475 admixta

306 2518 588 2580 dicuntur
644 2537 795 2599 quae
852 2519 1106 2600 aliquam
1162 2538 1288 2580 rem
1346 2519 1662 2581 admixtam
1719 2520 1963 2604 habent,
2021 2518 2144 2604 19,
2183 2519 2223 2582 3
2286 2524 2599 2583 admiaetae

306 2633 533 2709 terrae,
580 2624 683 2709 31,
721 2622 762 2688 5
808 2635 946 2689 sata
992 2632 1269 2690 admixta
1315 2631 1609 2691 hordeum
1647 2637 1706 2690 et
1743 2633 1904 2690 vicia
1942 2637 2001 2691 et
2045 2633 2375 2713 lequmina,
2421 2628 2526 2705 40,
2555 2628 2597 2691 2

221 2722 238 2734 ‘
303 2738 534 2796 semina
581 2737 875 2816 admixta,
916 2744 976 2796 et
1023 2755 1157 2796 cum
1206 2736 1457 2797 ablativo
1504 2736 1530 2795 I
1568 2733 1628 2817 9,
1668 2735 1708 2798 3
1756 2745 1927 2798 terra
1984 2756 2120 2798 eum
2187 2744 2277 2799 est
2321 2741 2598 2799 admixta

306 2860 384 2902 ex
439 2846 517 2903 iis
567 2845 896 2917 qeneribus
952 2847 1160 2918 aliqua
1197 2862 1282 2923 re,
1335 2843 1454 2905 Cic.
1503 2844 1575 2904 de
1636 2855 1748 2905 nat.
1801 2844 1960 2905 deor.
2015 2843 2068 2904 11
2111 2842 2209 2926 10,
2247 2842 2330 2906 27
2391 2848 2600 2906 calore

309 2947 635 3031 admixtus,
681 2948 758 3011 ib.
802 2946 900 3032 15,
939 2948 1022 3011 39
1069 2969 1264 3026 neque
1300 2954 1424 3012 ulla
1453 2959 1788 3029 praeterea
1832 2959 1974 3013 sunt
2021 2955 2303 3013 admixta
2348 2959 2596 3013 natura.

306 3056 599 3118 turundae
665 3056 1031 3139 hordeaciae,
1096 3057 1312 3137 quibus
1359 3059 1420 3118 in
1478 3058 1779 3118 sarciendo
1846 3067 2123 3139 utuntur,
2189 3076 2220 3118 a
2293 3057 2596 3118 nonnullis

306 3167 634 3225 miscentur
683 3164 867 3225 farina
905 3164 1168 3226 lolleacia
1215 3173 1317 3225 aut
1355 3167 1579 3225 semine
1628 3164 1758 3226 lini:
1799 3164 2022 3225 Colum.
2064 3164 2191 3224 VIII
2239 3163 2295 3246 7,
2333 3162 2373 3225 3
2422 3167 2595 3226 cibus

308 3279 507 3358 autem
546 3274 883 3348 praebetur
926 3276 1274 3335 hordeacea
1314 3272 1551 3349 farina,
1589 3290 1712 3347 qua
1759 3290 1897 3333 eum
1947 3290 2110 3348 aqua
2159 3291 2497 3350 consparsa
2537 3280 2598 3334 et

307 3381 565 3440 subacta
604 3378 958 3456 formantur
1005 3382 1183 3456 offae,
1231 3382 1448 3456 quibus
1496 3383 1627 3440 avis
1672 3384 1956 3442 satiatur.

483 3484 572 3548 20
608 3485 693 3548 Ut
727 3488 929 3567 prior
968 3489 1062 3548 sit
1100 3494 1493 3548 concoctus
1532 3505 1737 3566 quam
1768 3487 2159 3548 secundum
2188 3485 2381 3566 dent]
2414 3491 2594 3551 Ante-

308 3613 485 3669 quam
533 3597 866 3656 seeundum
914 3597 1057 3656 dent
1101 3596 1354 3655 coniecit
1402 3593 1830 3676 SchneideruS,
1877 3594 2032 3674 quod
2082 3597 2310 3675 recepi:
2359 3594 2583 3658 Colum.

306 3700 433 3761 VIII
473 3698 530 3782 7,
570 3700 610 3763 3
657 3720 850 3777 neque
896 3709 1039 3763 ante
1069 3720 1298 3770 recens
1345 3704 1720 3763 admovenda
1767 3708 1870 3779 est,
1909 3720 2088 3777 quam
2135 3708 2418 3780 temptato
2453 3711 2588 3779 qut-

308 3813 445 3869 ture
491 3812 857 3886 apparuerit
898 3812 1054 3872 nihil
1095 3812 1315 3871 veteris
1361 3827 1540 3871 escae
1585 3812 1965 3871 remansisse.

485 3913 568 3978 21
623 3919 945 3979 Palumbos
991 3916 1127 3979 libri
1175 3936 1351 3979 manu
1400 3919 1609 3997 scripti
1648 3935 1875 3998 omneS,
1902 3934 2032 3990 ,non
2064 3919 2396 3995 palumbes,
2436 3918 2593 3997 quod

308 4025 368 4085 in
414 4025 685 4105 principe
733 4026 992 4087 editione
1037 4025 1364 4087 Politianus
1413 4044 1530 4086 non
1578 4026 1856 4086 correxit.

483 4138 535 4192 X
578 4130 611 4194 1
670 4133 744 4193 In
792 4133 973 4194 illud
1021 4152 1244 4212 genus
1291 4132 1476 4213 quod
1525 4151 1662 4193 non
1710 4141 1819 4193 est
1867 4131 2007 4193 ulla
2056 4130 2229 4193 uilla
2276 4151 2351 4192 ac
2399 4138 2596 4193 terra

310 4248 725 4302 contentum
789 4241 910 4302 sed
974 4242 1292 4321 requirit
1347 4242 1669 4319 piscinas
1725 4239 1907 4319 quod
1968 4258 2090 4300 uos
2146 4238 2595 4319 philograeci

309 4349 595 4409 uocatis
643 4346 1075 4427 amphibium
1133 4349 1202 4407 in
1261 4346 1521 4427 quibus
1581 4346 1703 4408 nbi
1764 4364 2057 4406 anseres
2120 4346 2412 4407 aluntur
2476 4365 2594 4407 no-

308 4456 491 4517 mine
554 4454 1090 4517 chenoboscion
1154 4453 1574 4535 appellatis]
1643 4456 1719 4515 In
1785 4456 1938 4516 illud
1993 4473 2186 4529 penus
2260 4456 2424 4528 quod
2494 4470 2596 4515 vos

303 4566 696 4643 pbiloqraeci
738 4566 966 4626 vocalis
1014 4554 1338 4646 ἀμφίβιον
1351 4608 1370 4643 ,
1417 4565 1581 4638 quod
1625 4579 1744 4625 non
1791 4568 1879 4626 est
1923 4565 2047 4624 ulla
2096 4565 2237 4625 villa
2283 4580 2361 4623 ac
2422 4568 2595 4623 terra
