3178 5185
584 388 670 453 84
1265 398 1645 455 COMMENT.
1684 401 1764 454 IN
1800 400 2175 456 VARRONIS

576 550 965 626 frumentum.
1058 552 1127 612 ad
1179 554 1424 615 eandem
1472 555 1875 616 definitionem
1921 558 2223 636 pertinent
2269 557 2415 636 haec
2463 560 2524 618 i‘n
2572 562 2895 639 excerptis

584 657 750 719 Pauli
786 679 842 739 p.
870 656 1014 740 108,
1044 657 1084 721 9
1126 678 1324 738 porea
1363 670 1563 724 autem
1602 670 1692 724 est
1737 666 1897 724 inter
1945 666 2095 724 duos
2137 668 2338 726 sulcos
2376 673 2550 727 terra
2588 670 2892 729 eminens.

582 765 753 826 aliam
773 766 1174 828 definitionem
1195 769 1357 830 dedit
1376 769 1589 831 Festus
1611 788 1667 849 p.
1685 767 1833 850 218,
1852 767 1949 852 16,
1969 770 2137 830 aliam
2161 769 2343 832 Varro
2365 772 2438 833 de
2454 772 2592 852 ling.
2604 770 2898 836 lat.v39.

756 880 911 934 XXX
958 874 1143 936 Haec
1190 876 1355 937 fieri
1405 886 1691 957 segetes
1737 878 2034 937 runcari
2077 876 2367 939 herbam
2414 898 2447 940 e
2496 879 2896 959 segetibus

580 985 968 1062 expurgari
1033 981 1256 1045 boues
1332 992 1598 1044 terram
1654 968 2165 1063 proscindere]
2232 986 2405 1047 Haec
2454 989 2604 1059 fieri
2660 988 2897 1048 debent

579 1089 735 1151 edita
782 1099 917 1151 ante
957 1088 1281 1152 victorium
1328 1091 1700 1172 exemplaria,
1750 1091 1907 1171 quod
1945 1090 2271 1152 Politianus
2317 1094 2378 1152 in
2426 1094 2704 1173 principe
2759 1094 2896 1154 edi·

578 1198 741 1257 tione
808 1216 926 1258 non
992 1200 1267 1259 correxit.
1361 1200 1603 1280 debent,
1670 1197 1827 1279 quod
1884 1197 2109 1258 Merula
2165 1198 2498 1281 addiderat,
2564 1201 2628 1260 in
2702 1218 2892 1261 manu

578 1305 818 1381 scriptis
883 1303 1050 1364 libris
1092 1305 1227 1365 *hoc
1282 1305 1411 1366 loco
1470 1324 1587 1366 non
1645 1304 1862 1384 legitur
1916 1313 1977 1366 et
2032 1324 2064 1365 a
2122 1303 2383 1367 Victorio
2442 1304 2714 1367 deletum
2775 1316 2890 1369 est.

583 1418 814 1486 seqetes
852 1416 1131 1488 runcari,
1170 1421 1401 1474 terram
1430 1416 1756 1490 proscindi
1789 1412 2060 1495 UrsinuS,
2099 1412 2255 1492 quod
2297 1412 2705 1474 Schneiderus
2739 1433 2892 1494 ,pro-

576 1517 750 1578 bavit.
827 1518 1020 1580 addita
1071 1530 1351 1581 consueta
1398 1520 1649 1581 formula
1699 1524 1766 1581 id
1808 1527 1912 1601 est,
1949 1520 2022 1580 de
2070 1537 2184 1599 qua
2232 1520 2353 1580 dixi
2389 1519 2415 1579 I
2454 1517 2515 1601 9,
2552 1518 2616 1602 2,
2659 1523 2890 1602 scripsi

573 1627 728 1685 haee
768 1629 943 1701 sieri,
980 1635 1209 1703 seqetes
1245 1631 1531 1702 runcari,
1572 1630 1641 1688 id
1674 1636 1763 1689 est
1806 1629 2059 1688 herbam
2097 1646 2132 1687 e
2166 1629 2468 1702 sepetibus
2503 1632 2888 1709 expurqari,

575 1734 749 1794 boves
796 1741 1027 1794 terram
1065 1738 1484 1811 proscindere.
1559 1753 1694 1796 nam
1740 1735 2015 1794 infinitivi
2060 1751 2177 1794 non
2226 1732 2424 1794 addito
2474 1733 2660 1794 verbo
2703 1736 2883 1795 finito

577 1840 636 1899 in
685 1839 779 1900 his
824 1843 1160 1922 praeceptis
1207 1843 1386 1922 positi
1433 1850 1573 1903 sunt
1621 1844 1873 1922 saepius,

754 1946 940 2018 Quae
1019 1951 1399 2029 superiore
1472 1958 1793 2029 tempore
1868 1949 2038 2009 fieri
2110 1949 2526 2028 oportuerit
2590 1955 2669 2009 et
2737 1968 2886 2010 non

572 2062 740 2114 sunt
811 2053 1143 2117 absoluta
1218 2065 1595 2136 antequam
1668 2074 1974 2136 gemmas
2046 2062 2257 2135 agant
2320 2073 2396 2115 ac
2461 2054 2885 2117 florescere

573 2162 933 2241 incipiant
997 2164 1167 2224 fieri
1233 2163 1415 2242 quod
1478 2167 1538 2224 si
1597 2182 1773 2244 quae
1832 2163 2001 2224 folia
2056 2161 2348 2224 mittere
2406 2162 2649 2223 solent
2710 2171 2883 2224 ante

571 2268 912 2330 frondere
986 2272 1408 2350 inciperunt
1481 2273 1724 2334 statim
1798 2270 1876 2331 ad
1953 2269 2334 2332 serendum
2403 2269 2666 2329 idonea
2737 2289 2883 2331 non

570 2374 762 2454 sunt]
821 2377 1193 2453 Oportuerat
1256 2396 1314 2438 m
1379 2386 1438 2438 et
1498 2378 1653 2439 edita
1719 2387 1854 2438 ante
1917 2376 2213 2438 Iuntinam
2281 2376 2601 2437 editionem
2671 2395 2879 2438 exem-

568 2482 770 2560 plaria.
829 2502 963 2564 pro
1005 2475 1154 2558 fieri
1196 2493 1453 2565 utroque
1502 2485 1632 2546 loco
1677 2489 1806 2547 seri
1849 2483 2230 2546 scribendum
2279 2484 2533 2544 coniecit
2578 2481 2880 2566 Ursinus;

569 2595 730 2665 fiant
772 2592 1103 2669 posteriore
1151 2590 1280 2654 loco
1326 2589 1632 2654 habebant·
1681 2592 1971 2654 editiones
2027 2600 2163 2653 ante
2203 2589 2554 2653 ‚victorium
2651 2589 2880 2653 deinde

569 2701 842 2760 emittere
888 2706 949 2759 et
1003 2707 1144 2762 ante
1192 2699 1477 2775 frondem
1532 2719 1610 2761 m.
1656 2704 1820 2775 quod
1858 2704 1917 2762 si
1976 2719 2134 2776 quae
2172 2699 2328 2775 solia
2373 2702 2611 2761 mittere
2659 2703 2879 2774 solent,

570 2814 712 2866 ante
743 2805 1026 2881 frondem
1056 2811 1288 2883 florere
1325 2811 1719 2889 incoeperint,
1755 2811 1957 2869 statim
1995 2810 2081 2868 ad
2111 2810 2436 2869 serendum
2474 2808 2701 2867 idonea
2750 2824 2878 2867 non

567 2921 710 2973 sunt
754 2913 995 2994 Merula,
1042 2918 1208 2989 quod
1247 2918 1307 2976 si
1348 2933 1506 2991 quae
1555 2913 1713 2989 solia
1759 2918 2033 2975 emittere
2085 2918 2277 2975 solent
2330 2921 2440 2974 aut
2494 2918 2638 2973 ante
2689 2911 2878 2988 fron-

570 3023 732 3100 dere,
780 3039 960 3096 quam
999 3024 1230 3096 llorere
1276 3025 1633 3099 inceperint,
1678 3025 1881 3082 statim
1928 3024 2014 3082 ad
2065 3024 2388 3083 serendum
2436 3023 2698 3080 idoneae
2747 3038 2874 3081 non

566 3134 708 3188 sunt
742 3127 1064 3210 IucunduS,
1102 3132 1266 3204 quod
1306 3132 1363 3190 si
1406 3148 1564 3204 quae
1602 3127 1759 3205 folia
1797 3131 2077 3190 amittere
2121 3131 2327 3202 solent,
2376 3136 2518 3188 ante
2557 3125 2874 3201 frondere

565 3237 930 3311 inceperint,
977 3239 1179 3296 statim
1225 3239 1313 3297 ad
1353 3239 1681 3297 serendum
1728 3238 1982 3298 idoneae
2025 3254 2147 3297 non
2191 3242 2333 3296 sunt
2377 3233 2695 3294 Victorius,
2793 3251 2872 3294 ex

564 3340 658 3400 his
716 3359 899 3401 unum
962 3360 1164 3402 verum
1224 3350 1316 3404 est
1364 3340 1521 3418 folia
1579 3346 1883 3425 amittere,
1949 3342 2135 3422 quod·
2172 3341 2387 3420 legitur
2441 3337 2564 3422 17,
2603 3337 2645 3400 6
2701 3340 2869 3417 solia

563 3450 756 3509 hieme
802 3467 921 3509 non
961 3453 1200 3510 amittat
1244 3456 1306 3509 et
1350 3453 1634 3511 amittant
1672 3449 1846 3525 solia.
1922 3448 2149 3529 reliqua
2188 3450 2292 3529 sic,
2331 3454 2398 3507 ut
2433 3448 2494 3506 in
2532 3444 2866 3526 archetypo

564 3557 785 3635 scripta
833 3565 1020 3637 erant,
1059 3556 1299 3617 exhibui
1339 3564 1398 3618 et
1445 3557 1640 3637 verba,
1678 3576 1828 3636 quae
1876 3556 1947 3617 ah
1987 3554 2316 3618 editoribus
2354 3562 2622 3633 separata
2669 3561 2866 3634 erant,

565 3665 863 3745 coniunxi,
903 3667 1064 3738 fieri,
1112 3668 1290 3744 quod,
1336 3667 1549 3739 siquae
1592 3663 1747 3739 solia
1804 3667 2084 3725 amittere
2134 3666 2326 3725 solent
2371 3680 2499 3742 sqq.
2589 3678 2730 3721 nam
2789 3660 2864 3722 ad

563 3772 878 3831 seminaria
923 3771 1318 3854 potissimum,
1357 3790 1506 3850 quae
1547 3789 1729 3849 supra
1775 3773 1837 3831 in
1884 3773 2074 3851 primo
2121 3768 2429 3831 intervallo
2469 3768 2623 3828 dicta
2666 3775 2862 3848 erant,

562 3877 707 3938 haec
752 3878 1069 3955 pertinent.
1144 3881 1202 3938 in
1250 3877 1342 3938 his
1390 3880 1571 3957 igitur
1620 3897 1686 3939 ea
1735 3897 1883 3958 quae
1925 3878 2233 3958 superiore
2274 3885 2541 3955 tempore
2581 3874 2860 3936 absoluta

562 4003 681 4045 non
730 3993 869 4045 sunt
916 3984 1178 4045 secundo
1224 3985 1532 4046 intervallo
1580 3985 1941 4065 perficienda
1989 3994 2155 4067 sunt,
2202 3992 2517 4063 antequam
2573 4001 2640 4043 ea
2699 4000 2857 4061 quae

562 4099 848 4153 seruntur
903 4109 1164 4171 gemmas
1221 4112 1395 4173 agere
1453 4102 1513 4154 et
1567 4093 1885 4154 florescere
1941 4094 2254 4175 incipiant,
2308 4100 2624 4172 propterea
2689 4091 2853 4169 quod

562 4218 627 4259 ea
680 4217 827 4278 quae
877 4198 1012 4259 folia
1070 4201 1339 4261 amittere
1399 4199 1620 4281 solent,
1677 4200 1729 4259 si
1784 4208 1955 4260 antea
2011 4197 2290 4259 frondere
2345 4200 2727 4280 inceperunt,
2775 4199 2852 4257 ad

560 4303 877 4367 serendum
926 4306 1134 4367 idonea
1182 4326 1300 4368 non
1349 4316 1504 4367 sunt.

734 4418 917 4472 XXXI
955 4411 997 4474 2
1062 4413 1483 4493 Pampinare
1550 4421 1659 4473 est
1724 4432 1756 4473 e
1821 4422 2181 4475 sarmento
2248 4413 2439 4474 coles
2501 4414 2626 4492 qui
2698 4417 2851 4475 nati

559 4528 724 4579 sunt
782 4519 861 4578 de
919 4521 1008 4580 iis
1066 4524 1184 4600 qui
1238 4521 1625 4600 plurimum
1690 4520 1937 4582 ualent
2001 4521 2436 4583 asecundum
2502 4540 2849 4583 nonnum·
