3178 5185
568 363 609 429 2
616 363 700 425 74
1552 365 1926 421 VARRONIS

564 533 759 609 pisces
809 533 867 590 in
915 550 1065 610 aqua
1112 531 1290 613 dulci,
1336 535 1551 611 partim
1594 534 1751 611 quod
1792 536 1852 593 in
1893 535 2133 594 marina.
2201 533 2275 593 de
2311 532 2407 592 his
2446 550 2550 591 sex
2589 530 2873 611 partibus

565 638 636 697 ad
684 641 796 697 ista
845 640 957 698 tria
1013 656 1229 717 genera
1286 641 1581 701 artificum
1641 641 1924 721 paranda,
1982 659 2244 719 aucupes
2302 647 2612 699 venatores
2671 641 2870 717 pisca-

563 752 742 825 toreS‚
790 753 891 805 aut
937 745 1009 805 ab
1058 748 1131 805 iis
1178 747 1423 807 emenda
1475 767 1624 826 quae
1663 756 1903 809 tuorum
1946 766 2254 809 servorum
2292 747 2608 824 diligentia
2633 747 2872 806 tuearis

559 853 620 910 in
676 853 869 913 fetura
926 852 996 913 ad
1056 863 1263 933 partus
1324 864 1384 915 et
1438 864 1572 916 nata
1633 858 1936 917 nutricere
1995 858 2377 935 saginesque,
2436 856 2495 914 in
2544 853 2868 913 macellum

558 966 625 1017 ut
680 962 1042 1037 perueniant.
1136 979 1330 1040 neque
1387 981 1505 1022 non
1564 965 1740 1023 etiam
1798 963 2085 1042 quaedam
2145 960 2504 1022 adsumenda
2551 963 2611 1019 in
2663 961 2867 1021 villam
2921 973 2947 1012 5

558 1066 685 1124 sine
717 1066 946 1127 retibus
976 1069 1225 1145 aucupis
1265 1071 1562 1128 venatoris
1600 1071 1931 1147 piscatoriS,
1965 1077 2039 1129 ut
2076 1068 2257 1148 glires
2295 1066 2551 1128 cochlias
2591 1067 2866 1145 gallinas,
3003 1066 3009 1072 ’

504 1178 540 1234 5
565 1191 768 1233 earum
828 1193 1028 1233 rerum
1086 1174 1319 1235 cultura
1376 1177 1645 1235 instituta
1703 1178 1894 1254 prima
1950 1194 2016 1235 ea
2073 1194 2222 1253 quae
2279 1175 2341 1234 in
2396 1174 2528 1234 villa
2582 1175 2866 1235 habetur.

556 1298 676 1339 non
734 1283 890 1340 enim
949 1281 1139 1341 solum
1192 1300 1453 1360 augures
1500 1283 1750 1343 Romani
1805 1284 1876 1343 ad
1934 1285 2197 1362 auspicia
2253 1283 2512 1360 primum
2567 1289 2865 1359 pararunt

554 1387 778 1467 pulloS,
839 1389 942 1448 sed
1001 1391 1177 1448 etiam
1235 1397 1436 1466 patres
1492 1389 1743 1450 familiae
1801 1409 1959 1450 rure.
2053 1389 2340 1468 secunda,
2398 1407 2546 1468 quae
2597 1385 2863 1449 macerie

553 1496 625 1554 ad
689 1495 885 1555 villam
958 1498 1287 1556 venationis
1346 1514 1522 1556 causa
1578 1497 1904 1559 cluduntur
1960 1506 2018 1558 et
2075 1505 2319 1577 propter
2373 1496 2606 1556 alvaria.
2713 1515 2860 1574 apes
2891 1506 2940 1545 1⁰

553 1604 710 1662 enim
778 1602 984 1663 subter
1053 1604 1389 1682 sugrundas
1456 1603 1528 1663 ab
1596 1605 1767 1664 initio
1834 1605 2087 1665 villatico
2153 1621 2294 1664 usae
2360 1611 2535 1663 tecto,
2621 1606 2858 1684 ‘tertiae

551 1710 813 1790 piscinae
870 1709 1074 1770 dulces
1131 1711 1263 1769 fieri
1320 1719 1563 1790 coeptae
1624 1719 1683 1771 et
1735 1731 1767 1771 e
1816 1711 2160 1773 fluminibus
2208 1717 2412 1789 captos
2460 1712 2731 1789 recipere
2783 1710 2854 1770 ad

499 1823 622 1878 6se
669 1818 883 1894 pisces,
967 1817 1242 1877 omnibus
1282 1818 1474 1879 tribus
1522 1819 1617 1878 his
1663 1819 1983 1897 generibus
2033 1826 2173 1879 sunt
2219 1817 2343 1878 bini
2390 1818 2626 1897 graduS,
2676 1836 2854 1897 supe-

548 1926 767 2005 rioreS,
815 1943 963 2004 quos
1012 1926 1316 2004 frugalitas
1365 1929 1633 2007 antiqua,
1677 1928 2024 2002 inferioreS‚
2074 1945 2223 2006 quos
2270 1926 2502 1988 luxuria
2549 1928 2853 2003 posterior

548 2032 779 2092 adiecit.
864 2034 1094 2110 primus
1143 2035 1302 2093 enim
1349 2033 1447 2093 illc
1495 2034 1715 2111 gradus
1763 2037 1994 2095 anticus
2041 2036 2332 2093 maiorum
2363 2039 2652 2093 'nostrum
2702 2041 2850 2111 erat,
2882 2041 2929 2080 1⁵

546 2140 607 2197 in
665 2158 782 2218 quo
841 2147 1044 2199 essent
1100 2141 1314 2200 aviaria
1374 2141 1491 2200 duo
1551 2141 1882 2225 dumtaxat:
1950 2143 2012 2201 in
2067 2141 2242 2219 plano
2300 2140 2542 2220 cohorS‚
2607 2141 2668 2199 in
2729 2158 2847 2218 qua

544 2246 942 2325 pascebantur
999 2246 1274 2325 gallinae,
1333 2255 1392 2306 et
1448 2266 1654 2308 earum
1710 2248 1942 2308 fructus
2002 2256 2129 2307 erat
2183 2267 2290 2307 ova
2349 2255 2411 2307 et
2465 2246 2638 2327 pulli3
2695 2246 2849 2307 alter

543 2353 841 2432 sublimiS,
909 2355 970 2412 in
1037 2372 1153 2432 quo
1213 2362 1382 2412 erant
1412 2351 1745 2415 ‘columbae
1802 2357 1866 2415 in
1921 2355 2191 2415 turribus
2248 2363 2351 2415 aut
2405 2372 2635 2414 summa
2692 2353 2846 2414 villa.

493 2465 526 2519 7
552 2468 755 2520 contra
795 2478 953 2519 nunc
993 2461 1207 2519 aviaria
1247 2468 1387 2520 sunt
1420 2463 1659 2521 nomine
1689 2470 1933 2541 mutam,
1974 2462 2129 2541 quod
2163 2470 2445 2521 vocantur
2474 2460 2846 2541 ornithoneS‚

545 2585 694 2647 quae
760 2566 1019 2644 palatum
1090 2586 1267 2627 suave
1334 2568 1558 2629 domini
1623 2570 1878 2650 paravit,
1945 2576 2010 2629 ut
2077 2575 2230 2629 tecta
2289 2570 2509 2628 maiora
2568 2566 2923 2648 habeant‚20

685 2815 712 2862 1
763 2810 911 2877 quod
950 2810 1161 2864 habent
1196 2810 1255 2864 in
1293 2811 1537 2877 marina,
1574 2813 1667 2866 sed
1703 2810 1916 2865 habent
1950 2812 2179 2866 deletum
2217 2813 2273 2865 B
2419 2819 2449 2866 2
2497 2814 2729 2880 fortasse
2765 2813 2840 2865 ad

536 2899 648 2954 ista
690 2900 802 2954 tria
849 2916 1054 2969 genera
1097 2899 1338 2955 totidem
1384 2917 1594 2971 genera
1630 2900 1907 2955 artificum
1944 2901 2196 2970 paranda
2340 2902 2410 2956 ad
2448 2901 2562 2955 ista
2609 2901 2724 2955 VB
2763 2902 2838 2954 ad

535 2988 687 3042 hista
724 2989 779 3042 A
827 2989 1008 3042 adhuc
1053 2989 1165 3043 ista
1201 2988 1344 3044 A2m
1490 2989 1798 3065 artificcum
1845 3006 2006 3045 corr«
2032 2990 2308 3044 artificum
2345 2991 2400 3044 A
2546 2998 2577 3044 3
2627 2993 2726 3044 aut
2760 2991 2836 3044 ab

534 3076 621 3130 his
650 3078 897 3147 Scaliyeo·
934 3081 996 3131 ul:
1034 3079 1105 3131 ab
1143 3078 1212 3133 iis
1241 3078 1423 3131 PAB
1461 3081 1526 3133 ut
1561 3080 1634 3133 ab
1671 3079 1761 3132 his
1799 3096 1829 3132 v
1945 3085 1978 3131 4
2015 3079 2237 3156 foetura
2277 3079 2329 3133 V
2371 3112 2374 3113 ν
2432 3079 2709 3134 nutricare
2747 3094 2846 3147 sae

534 3165 803 3235 ginesque
850 3167 1095 3236 Scaliyer
1139 3168 1421 3221 nutricare
1467 3167 1790 3236 saginisque
1845 3168 2028 3223 PAB
2074 3169 2355 3223 nutricare
2401 3169 2733 3237 saginesque
2781 3185 2832 3222 v.

536 3255 632 3309 ‘Et
660 3257 795 3309 nata
822 3256 1101 3310 nutricare
1131 3255 1515 3326 saginareque.
1571 3258 1847 3311 Dissentit
1876 3275 1912 3310 a
1939 3260 2211 3312 communi
2236 3243 2357 3324 hac,
2385 3259 2619 3326 antiqua
2650 3258 2832 3311 lectio:

531 3362 695 3412 quam
732 3347 782 3397 si
817 3362 930 3400 ‘nrm
965 3349 1155 3416 recepi,
1201 3352 1380 3401 tamen
1415 3352 1603 3401 notam
1640 3363 1748 3401 esse
1783 3348 1931 3401 uolo:
1973 3346 2274 3412 Nutricem,
2315 3336 2651 3416 saginisque,
2692 3346 2827 3400 etc?

545 3433 819 3487 Victorius
964 3441 995 3487 5
1031 3437 1366 3504 perueniant
1401 3452 1495 3490 mv
1531 3434 1795 3504 peruianl:
1825 3435 2008 3489 PAB
2153 3435 2496 3489 adsumenda
2519 3435 2644 3488 -AB
2682 3451 2832 3488 assu-

530 3523 733 3576 menda
763 3522 1223 3578 Vassumendum
1265 3525 1499 3579 Ursinus
1588 3532 1624 3579 6
1660 3524 1903 3578 cochlias
1932 3524 2175 3594 gallinas
2199 3525 2254 3577 P
2280 3524 2484 3579 coclias
2512 3523 2755 3594 gallinas
2776 3525 2831 3578 Β

530 3610 776 3664 coelilias
804 3611 1044 3681 gallinas
1074 3614 1126 3666 A
1157 3613 1376 3668 cocleas
1406 3616 1464 3667 et
1491 3613 1732 3685 gallinas
1762 3631 1792 3667 v
1904 3620 1933 3668 7
1964 3614 2206 3667 habetur
2236 3613 2409 3667 PAB
2437 3612 2716 3693 habentur
2734 3628 2828 3665 mv

636 3742 666 3789 8
706 3736 951 3805 auspitia
987 3738 1042 3791 Β
1151 3745 1182 3790 9
1220 3741 1410 3806 patres
1447 3737 1699 3793 familiae
1727 3739 1843 3792 ΡΒ
1879 3708 2045 3807 patres
2082 3738 2331 3793 familiae
2360 3738 2415 3791 A
2446 3739 2638 3806 patres
2667 3736 2825 3792 fami-

524 3822 631 3877 lias
650 3841 680 3876 v
792 3825 1031 3880 macerie
1054 3826 1165 3880 PA
1185 3826 1458 3881 maceriae
1480 3828 1536 3880 Β
1565 3827 1836 3881 materiae
1855 3844 1887 3881 v
1994 3833 2062 3881 10
2083 3828 2298 3881 alnaria
2323 3827 2504 3880 PAB
2523 3826 2774 3881 aluearia
2794 3844 2826 3880 v

598 3919 697 3985 κ11
731 3914 921 3968 subter
950 3917 1262 3983 sugrundas
1290 3916 1406 3969 ΡΒ
1418 3915 1500 3969 A²
1530 3916 1722 3970 subter
1750 3932 1814 3968 su
1845 3918 1855 3984 Ι
1886 3915 2221 3985 tergrundas
2247 3916 2303 3969 A
2329 3916 2523 3969 subtus
2552 3915 2823 3985 subgrun-

524 4002 625 4056 das
645 4020 677 4056 υ
751 4003 1005 4058 uillatico
1033 4023 1129 4059 mv
1158 4004 1442 4059 uillaticae
1477 4005 1594 4059 ΡΒ
1622 4003 1872 4058 uillatice
1902 4004 1957 4057 A
2058 4003 2233 4059 tercie
2253 4006 2308 4059 A
2403 4011 2466 4058 12
2500 4006 2659 4073 cepte
2683 4006 2736 4057 A

522 4108 780 4160 recepere
804 4094 1097 4148 Iucundus
1201 4100 1265 4148 14
1295 4094 1446 4162 quod
1467 4095 1764 4163 frugalitas
1784 4111 1919 4149 corr.
1943 4110 2082 4162 quos
2101 4092 2400 4162 frugalitas
2420 4095 2475 4148 A
2581 4098 2645 4146 15
2677 4092 2822 4146 anti-

523 4197 619 4235 cus
640 4183 693 4234 A
723 4184 986 4252 antiquus
1029 4185 1129 4238 VB
1229 4185 1480 4239 nostrum
1514 4185 1699 4238 PAB
1727 4184 2040 4238 nostrorum
2068 4201 2101 4237 v
2204 4190 2269 4238 16
2299 4182 2582 4249 afficiat-ia,
2611 4183 2705 4236 sed
2733 4183 2823 4236 de-

522 4272 642 4324 letis
679 4270 729 4324 ci
771 4274 965 4327 litteris
1002 4274 1057 4327 A
1201 4273 1476 4327 duntaxat
1523 4274 1575 4325 V
1716 4272 1913 4328 cohors
1964 4273 2077 4327 VB
2114 4274 2310 4328 choors
2338 4272 2394 4327 A
2508 4277 2570 4325 17
2610 4271 2823 4324 fructus

521 4361 644 4412 erat
684 4359 868 4414 PAB
909 4362 1120 4416 fructus
1160 4364 1322 4414 erant
1355 4378 1450 4414 mv
1636 4365 1700 4412 18
1746 4359 1965 4414 turibus
2004 4363 2057 4414 A
2239 4367 2306 4415 20
2352 4360 2549 4430 palatii
2587 4359 2644 4412 A
2681 4375 2818 4413 corr.

2231 4454 2407 4500 quantu
2434 4451 2669 4489 habebant

519 4502 714 4570 palato
753 4502 836 4555 A2
983 4504 1197 4557 domini
1231 4522 1264 4558 v
1302 4505 1451 4557 dom]
1490 4503 1543 4554 A
1585 4501 1791 4555 donum
1824 4503 1938 4556 ΡΒ
2085 4503 2329 4558 habeant
2367 4506 2519 4559 tutas
2558 4500 2727 4554 uillas
2764 4502 2820 4555 A
