3178 5185
545 376 670 438 148
1523 371 1901 428 VARRONIS

491 541 789 621 6perssari
835 542 1042 620 possit.
1134 540 1504 621 FundaniuS,
1553 540 1960 620 Fructuosior,
2007 541 2360 619 inquit,‚est
2406 548 2567 600 certe
2611 540 2835 600 <fundus

540 655 788 727 propter
852 647 1146 728 aedificia,
1211 649 1263 707 si
1326 649 1526 725 potius
1592 647 1663 707 ad
1720 648 2054 707 anticorum
2111 645 2473 723 diligentiam
2531 663 2709 725 quam
2764 647 2836 707 ad

542 758 754 814 horum
821 753 1116 814 luxuriam
1183 753 1417 831 derigas
1471 753 1958 814 aedificationem.
2060 752 2145 813 illi
2202 754 2360 812 enim
2407 753 2710 814 faciebant
2764 755 2834 815 ad

544 862 846 922 fructuum
916 863 1234 941 rationem,
1299 862 1364 921 hi
1427 861 1654 921 faciunt
1718 861 1791 921 ad
1858 860 2133 921 libidines
2201 861 2535 922 indomitaS.
2636 864 2834 940 itaque

542 968 777 1029 illorum
835 968 1005 1028 villae
1064 970 1322 1029 rusticae
1380 976 1550 1028 erant
1604 970 1846 1028 maioris
1903 970 2060 1046 preti
2119 987 2294 1047 quam
2341 968 2630 1048 urbanae,
2686 988 2836 1047 quae
2891 982 2915 1019 5

541 1094 702 1136 nunc
767 1083 910 1135 sunt
971 1075 1256 1154 pleraque
1323 1082 1546 1135 contra.
1653 1075 1774 1136 illic
1840 1075 2188 1136 laudabatur
2253 1075 2413 1157 villa,
2479 1078 2532 1135 si
2586 1075 2838 1136 habebat

542 1182 798 1245 culinam
865 1185 1150 1244 rusticam
1216 1182 1460 1263 bonam,
1533 1184 1839 1262 praesepis
1904 1182 2090 1256 laan‚
2156 1182 2361 1243 cellam
2428 1184 2714 1242 vinariam
2780 1191 2839 1242 et

536 1290 820 1353 oleariam
878 1289 949 1350 ad
1006 1290 1248 1350 modum
1305 1291 1430 1368 agri
1489 1297 1684 1369 aptam
1733 1297 1793 1350 et
1839 1293 2173 1368 pavimento
2222 1289 2470 1369 proclivi
2516 1291 2578 1349 in
2625 1289 2839 1369 lacum,

547 1396 704 1477 quod
753 1415 956 1477 saepe,
1010 1396 1114 1457 ubi
1160 1397 1467 1457 conditum
1514 1415 1729 1456 novum
1779 1398 2008 1477 vinum,
2066 1415 2239 1456 orcae
2287 1399 2348 1456 iu
2395 1396 2673 1474 Hispania
2723 1397 2837 1456 fer-

546 1522 686 1579 vore
743 1505 925 1563 musti
981 1513 1223 1585 ruptae,
1280 1523 1472 1583 neque
1532 1523 1652 1565 non
1710 1503 1877 1564 dolea
1935 1505 1996 1563 iu
2042 1503 2225 1563 Italia.
2319 1505 2462 1563 item
2517 1512 2717 1583 cetera
2774 1513 2840 1564 ut
2870 1515 2921 1553 10

546 1618 749 1671 essent
796 1613 856 1670 in
905 1610 1036 1670 villa
1079 1611 1330 1671 huiusce
1370 1611 1547 1691 modi,
1597 1629 1745 1689 quae
1785 1609 2015 1671 cultura
2056 1618 2387 1689 quaereret,
2432 1609 2841 1687 providebant.

493 1719 526 1775 7
552 1726 711 1779 'nunc
785 1724 992 1777 contra
1066 1717 1261 1777 villam
1326 1717 1611 1777 urbanam
1678 1736 1852 1797 quam
1919 1718 2229 1777 maximam
2295 1735 2362 1776 ac
2427 1717 2840 1794 politissimam

541 1825 819 1905 habeant,
875 1826 1018 1885 dant
1077 1843 1317 1902 operam
1380 1843 1446 1885 ac
1505 1822 1643 1884 cum
1688 1822 1910 1886 Metelli
1966 1842 2033 1884 ac
2079 1823 2315 1883 Luculli
2371 1822 2523 1883 villis
2580 1825 2840 1903 pessimo

547 1932 786 2011 publico
861 1932 1185 1993 aedificatis
1261 1939 1509 1994 certant.
1625 1950 1741 2011 quo
1806 1931 1869 1991 hi
1934 1928 2204 1991 laborant
2269 1940 2334 1991 ut
2400 1937 2671 2008 spectent
2735 1950 2843 1991 sua

545 2041 766 2101 aestiva
814 2036 1138 2102 triclinaria
1177 2039 1249 2099 ad
1290 2040 1478 2116 frigus
1517 2040 1783 2119 orientiS,
1831 2037 2080 2097 hiberna
2120 2037 2190 2097 ad
2233 2036 2416 2097 solem
2453 2037 2842 2119 occidentem,
2871 2048 2922 2087 15

546 2148 747 2226 potius
798 2165 996 2225 quam,
1046 2153 1113 2207 ut
1158 2147 1404 2226 antiqui,
1451 2148 1513 2205 in
1553 2164 1728 2224 quam
1767 2152 1995 2225 partem
2036 2144 2181 2205 cella
2221 2145 2445 2205 vinaria
2484 2152 2586 2204 aut
2622 2145 2844 2205 olearia

546 2255 837 2317 fenestras
900 2252 1174 2333 haberet,
1230 2271 1366 2312 cum
1434 2253 1669 2312 fructus
1726 2254 1787 2310 in
1846 2271 1912 2311 ea
1961 2253 2221 2312 vinarius
2274 2262 2522 2330 quaerat
2567 2251 2638 2311 ad
2688 2251 2844 2312 dolia

545 2378 681 2419 aera
739 2359 1139 2439 frigidiorem,
1196 2361 1337 2419 item
1395 2358 1612 2418 olearia
1672 2358 2033 2419 calidiorem.
2132 2360 2274 2417 item
2333 2358 2533 2418 videre
2591 2367 2842 2439 oportet,

549 2469 600 2527 si
645 2473 738 2526 est
785 2466 979 2547 collis,
1035 2467 1152 2526 nisi
1199 2465 1341 2544 quid
1388 2465 1663 2545 impedit,
1725 2472 1792 2525 ut
1837 2463 1921 2524 ibi
1966 2466 2341 2542 potissimum
2392 2473 2645 2544 ponatur
2693 2465 2843 2526 villa.

406 2565 532 2627 XIV
733 2571 905 2634 Nunc
961 2572 1034 2633 de
1081 2573 1329 2653 saeptiS,
1385 2589 1534 2651 quae
1582 2572 1814 2632 tutandi
1860 2590 2037 2632 causa
2086 2571 2254 2633 fundi
2302 2572 2636 2650 aut'partis
2684 2573 2843 2653 fiant,
2871 2582 2922 2622 20

548 2682 757 2742 dicam.
860 2698 1065 2740 earum
1132 2679 1450 2740 tutelarum
1509 2697 1725 2758 genera
1784 2694 1921 2759 1111,
1989 2698 2172 2740 unum
2230 2679 2525 2759 naturale,
2591 2659 2844 2739 alt-erum

551 2795 811 2866 agreste,
868 2789 1113 2848 tertium
1169 2786 1450 2868 militare,
1508 2794 1788 2865 quartum
1846 2785 2071 2847 fabrile.
2163 2787 2379 2848 horum
2425 2804 2611 2847 unum
2661 2787 2844 2864 quod-

581 2979 593 2992 ’
693 2984 725 3031 6
774 2976 895 3032 illie
938 2963 1279 3032 laudabatur
1315 2976 1463 3032 Non.
1494 2994 1555 3044 p.
1596 2981 1731 3042 218,
1769 2979 1807 3029 8
1950 2981 1981 3028 9
2031 2992 2196 3044 saepe
2233 2974 2333 3030 ubi
2371 2943 2658 3030 conditum
2694 2975 2845 3030 Non.

538 3084 600 3136 Ρ.
641 3071 767 3133 546,
804 3071 839 3121 3
2797 3087 2800 3096 .

695 3249 720 3295 1
779 3242 965 3311 inquit
1027 3243 1134 3297 VB
1180 3241 1377 3311 inquid
1413 3242 1470 3297 A
1613 3249 1644 3296 2
1693 3241 2006 3298 anticorum
2042 3241 2097 3295 A
2145 3242 2505 3311 antiquorum
2550 3242 2670 3297 VB
2816 3251 2849 3297 3

549 3330 773 3399 derigas
819 3332 933 3385 PA
1000 3331 1211 3401 dirigas
1258 3333 1314 3386 Β
1493 3323 1566 3387 ad
1630 3333 1911 3388 fructuum
1973 3332 2250 3387 rationem
2296 3331 2417 3386 AB
2472 3331 2545 3386 ad
2598 3332 2848 3387 fructum

548 3419 824 3474 rationem
866 3422 920 3474 P
964 3422 1036 3476 ad
1083 3422 1327 3476 fructum
1365 3437 1720 3476 communem
1757 3439 1789 3476 v
1934 3428 1968 3475 4
2004 3421 2066 3475 hi
2099 3421 2317 3475 faciunt
2352 3439 2384 3476 v
2422 3427 2472 3477 et
2506 3438 2626 3477 una
2662 3423 2850 3476 littera

541 3514 670 3578 post
723 3508 785 3563 hi
839 3511 1013 3566 deleta
1056 3511 1113 3565 A
1168 3509 1263 3564 hic
1307 3510 1524 3566 faciunt
1573 3511 1693 3566 PB
1746 3510 1831 3565 hii
1874 3509 2090 3565 faciunt
2137 3528 2191 3564 m
2336 3517 2367 3565 5
2423 3510 2593 3579 pretii
2639 3510 2847 3578 PAR,

549 3615 651 3653 mn.
688 3615 721 3654 v
867 3605 897 3654 '7
943 3600 1249 3670 praesepiis
1294 3600 1451 3654 laxas
1486 3600 1673 3653 PAB
1717 3583 2017 3670 praesepes
2052 3599 2209 3654 laxas
2246 3616 2278 3654 v
2315 3600 2632 3668 praesepim
2668 3600 2847 3655 latam

548 3687 773 3743 Nonius
798 3705 860 3757 p.
891 3694 1021 3758 218,
1061 3696 1097 3746 9
1239 3691 1527 3745 uin-aream
1553 3692 1609 3744 A
1755 3697 1787 3745 9
1826 3689 1975 3758 quod
2013 3706 2180 3758 saepe
2214 3706 2247 3742 v
2294 3692 2431 3756 quot
2468 3705 2632 3758 saepe
2664 3688 2848 3746 PAB

692 3777 791 3831 ubi
837 3781 1264 3849 superscriptum
1309 3778 1367 3833 in
1408 3781 1461 3833 A
1608 3777 1868 3848 hispania
1902 3794 1935 3833 v
1980 3776 2239 3847 hispania
2277 3778 2391 3831 PA
2438 3776 2755 3846 hispaniam
2791 3779 2848 3830 B

699 3872 764 3920 10
810 3871 1010 3936 ruptae
1059 3869 1191 3937 sunt
1227 3870 1283 3923 Β
1424 3886 1610 3938 neque
1655 3886 1767 3923 non
1812 3868 1978 3923 dolea
2014 3866 2194 3921 PAB
2240 3882 2344 3920 nee
2380 3883 2492 3920 non
2530 3869 2590 3921 et
2626 3864 2778 3921 dolia
2815 3885 2850 3921 v

695 3957 917 4011 caetera
954 3958 1007 4011 V
1146 3965 1210 4013 11
1250 3956 1471 4013 cultura
1506 3960 1801 4027 quaereret
1829 3957 2122 4036 Iracundus
2159 3956 2377 4011 cultura
2406 3957 2640 4025 quaeret
2667 3956 2849 4010 PAB

554 4083 762 4137 cultum
812 4086 1145 4155 quaererent
1189 4101 1223 4140 v
1365 4048 1706 4154 prouidd’ant
1741 4082 1798 4137 A
1941 4088 2007 4136 13
2056 4099 2122 4137 ac
2169 4099 2295 4136 cum
2332 4079 2549 4137 metelli
2585 4081 2744 4135 Amv
2783 4098 2849 4135 ac

554 4189 680 4228 cum
724 4172 944 4228 metalli
980 4175 1036 4228 P
1076 4189 1140 4228 ac
1187 4172 1408 4229 metalli
1442 4175 1501 4228 B
1645 4171 1820 4226 luculi
1856 4170 1974 4226 Am
2117 4169 2285 4224 uillas
2321 4171 2377 4224 Β
2523 4175 2592 4224 14
2641 4187 2752 4238 quo
2788 4169 2852 4222 hi

551 4260 814 4318 laborent
837 4263 960 4318 AB
989 4263 1138 4331 quod
1174 4261 1235 4316 hi
1263 4262 1544 4328 laborent,
1588 4261 1683 4317 sed
1720 4259 1762 4341 d·
1792 4265 1854 4316 ‘ut
1890 4261 2104 4316 videtur
2131 4261 2360 4315 deletum
2400 4260 2455 4315 P
2488 4258 2752 4327 quocirca
2787 4258 2851 4312 hi

551 4350 814 4404 laborant
849 4367 882 4405 v
1029 4357 1095 4406 15
1142 4349 1478 4416 tricliniaria
1513 4350 1569 4404 Β
1716 4355 1782 4404 16
1821 4348 2028 4419 cellam
2063 4348 2341 4418 uinariam
2378 4348 2433 4403 A
2581 4353 2645 4402 17
2684 4348 2743 4401 in
2782 4363 2852 4402 ea

552 4437 843 4500 Iucwndus
868 4439 927 4493 in
956 4456 1022 4494 eo
1062 4440 1240 4495 VAB
1387 4444 1451 4493 18
1491 4436 1815 4493 calidiorem
1849 4437 2031 4493 PAB
2060 4437 2365 4492 caldiorem
2391 4454 2424 4491 v
2564 4442 2629 4491 19
2669 4436 2849 4506 impe-

555 4530 644 4584 dit
679 4544 780 4584 om.
819 4531 938 4583 Am
1083 4529 1147 4581 ut
1182 4527 1262 4585 ibi
1298 4528 1409 4582 Am
1444 4530 1510 4582 ut
1545 4526 1644 4584 ubi
1681 4528 1799 4584 PB
1835 4526 1934 4583 ubi
1968 4544 2000 4582 v
2144 4532 2214 4580 20
2252 4525 2426 4594 septis
2465 4525 2644 4581 VAB
