3178 5185
604 382 734 446 244
1288 386 1672 444 COMMENT.
1709 388 1790 443 IN
1826 388 2202 444 VARRONIS

605 545 911 606 ordinatae
960 552 1117 606 sunt.
1194 561 1374 623 super
1418 543 1524 603 has
1568 562 1601 604 a
1649 562 1877 605 summa
1914 547 2168 606 macerie
2210 545 2279 605 ad
2319 544 2635 625 epistylum
2676 544 2890 607 colum-

603 671 814 713 narum
862 661 923 713 et
969 653 1126 712 inter
1173 652 1331 729 ipsas
1380 649 1686 711 columnas
1735 660 1827 711 est
1870 653 2019 712 retis
2067 652 2409 713 cannabina.
2658 724 2663 727 ,

791 760 1151 819 Cannabina
1206 757 1460 836 plurima
1517 757 1851 836 apographa
1922 767 1983 819 et
2037 757 2361 840 Victorius,
2417 761 2729 820 canabina
2778 758 2892 818 edi-

603 868 796 927 tiones
854 873 989 925 ante
1051 863 1400 942 Victorium,
1468 862 1624 941 quod
1682 862 2007 924 Politianus
2065 883 2185 924 non
2242 868 2526 947 correxit,
2594 873 2658 926 et
2713 865 2890 926 codex

606 973 915 1034 CaesenaS.

782 1080 1019 1139 Auibus
1069 1080 1420 1153 omniqenus
1468 1084 1527 1137 et
1574 1075 1787 1136 deinde
1850 1074 1932 1138 14
1978 1096 2126 1139 aues
2179 1085 2321 1139 sunt
2373 1082 2731 1155 omniqenus
2787 1079 2892 1139 fuit

601 1189 665 1247 in
712 1185 1052 1266 archetypo,
1091 1183 1201 1243 ‘sed
1248 1183 1271 1243 1
1313 1180 1418 1264 29,
1453 1180 1486 1243 1
1527 1186 1863 1244 seminaria
1901 1201 2074 1246 omne
2104 1203 2301 1261 qenus
2338 1195 2399 1267 et
2435 1184 2514 1245 111
2556 1183 2614 1266 6,
2648 1184 2690 1248 3
2727 1203 2892 1247 omne

597 1312 793 1370 qcnus
839 1295 1070 1354 obiecto
1109 1290 1439 1367 frumenta.

791 1401 971 1461 Cibus
1016 1402 1405 1459 ministratur
1451 1397 1784 1478 apographa
1832 1407 1893 1459 et
1938 1418 2008 1459 ex
2049 1401 2178 1479 ipso
2217 1399 2539 1480 archetypo
2578 1398 2889 1480 VictoriuS,

601 1508 776 1567 cibus
834 1508 1304 1567 administratur
1352 1524 1409 1565 m
1465 1513 1526 1565 et
1582 1505 1876 1566 editiones
1934 1514 2070 1567 ante
2119 1505 2471 1588 victorium,
2528 1506 2687 1585 quod
2741 1505 2884 1565 Poli-

603 1614 801 1675 tianus
848 1631 966 1673 non
1015 1614 1292 1675 correxit.

783 1718 865 1781 12
932 1718 1341 1780 Secundum
1388 1717 1786 1798 stylobatis
1833 1720 2275 1779 interiorem
2324 1727 2600 1799 partem
2648 1719 2890 1780 dextra

604 1836 671 1889 et
717 1829 1029 1887 sinistra
1077 1824 1157 1886 ad
1205 1843 1535 1886 summam
1578 1844 1810 1886 aream
1850 1825 2267 1905 quadratam
2307 1844 2338 1886 e
2379 1826 2608 1887 medio
2652 1827 2889 1887 diuer-

602 1953 716 1994 sae
766 1917 943 1994 duae
990 1951 1129 1993 non
1176 1931 1361 1992 latae
1398 1930 1749 2010 oblongae
1799 1940 1966 1992 sunt
2010 1930 2375 2010 piscinae]
2417 1935 2549 1995 Non
2589 1938 2755 1995 latae
2788 1935 2893 1994 sed

601 2042 896 2116 oblonqae
960 2041 1250 2118 impressa
1308 2037 1446 2099 inde
1505 2057 1536 2098 a
1601 2040 1871 2118 principe
1920 2038 2181 2099 editione
2236 2038 2609 2119 exemplaria.
2683 2058 2887 2101 secun·

601 2150 743 2209 dum
790 2148 1123 2224 stylobatas
1181 2147 1476 2206 interiore
1513 2151 1700 2220 parte
1759 2152 1819 2205 et
1865 2144 2078 2204 deinde
2136 2164 2170 2206 e
2214 2149 2416 2207 media
2461 2145 2736 2207 Ursinus,
2809 2148 2888 2206 in-

601 2256 883 2315 teriorem
932 2251 1236 2331 stylobatis
1283 2261 1514 2330 partem
1561 2251 1680 2312 dici
1726 2268 1856 2310 eam
1903 2269 2054 2330 quae
2102 2232 2300 2312 aream
2350 2253 2731 2334 interiorem,
2777 2270 2889 2312 non

602 2380 753 2441 quae
791 2361 1107 2422 maceriam
1146 2360 1521 2440 exteriorem,
1559 2359 1823 2440 respicit,
1861 2356 2122 2419 diversas
2170 2360 2429 2438 piscinas
2476 2366 2697 2440 autem,
2743 2376 2885 2438 quae

572 2465 710 2548 *per
749 2470 1018 2529 semitam
1064 2468 1222 2526 inter
1268 2472 1581 2544 utramque
1621 2473 2078 2545 procurrentem
2115 2465 2337 2526 divisae
2385 2475 2542 2548 sunt,
2595 2465 2889 2526 Gesnerus

600 2575 917 2637 adnotavit.
992 2594 1026 2636 e
1070 2576 1267 2635 medio
1306 2582 1398 2635 est
1438 2591 1508 2634 ex
1553 2571 1747 2634 media
1793 2573 2038 2651 regione
2086 2590 2285 2634 areae:
2331 2571 2354 2632 1
2396 2568 2501 2654 51,
2544 2570 2577 2634 1
2623 2592 2657 2635 e
2703 2575 2890 2635 medio

600 2684 687 2743 ad
730 2689 1087 2743 extremum.
1809 2746 1811 2749 Α

680 2808 687 2815 ·
780 2788 1004 2848 Extra
1052 2806 1171 2848 eas
1218 2786 1585 2848 columnas
1634 2794 1744 2848 est
1799 2786 1985 2847 silua
2033 2805 2238 2847 manu
2295 2793 2444 2848 sata
2500 2788 2893 2867 grandibus

600 2895 987 2957 arboribus
1035 2902 1229 2957 tecta
1276 2903 1352 2956 ut
1398 2895 1652 2955 infima
1697 2893 2081 2973 perluceat
2127 2900 2279 2955 tota
2318 2904 2519 2975 septa
2557 2898 2894 2957 maceriis

599 3001 799 3080 altis]
856 3003 1038 3063 Tecta
1085 3001 1157 3062 ab
1204 3002 1318 3063 hoc
1364 3001 1494 3062 loco
1534 3000 1791 3061 alienum
1832 3009 1941 3062 est.
2017 3019 2150 3061 nam
2199 3011 2366 3062 extra
2403 3000 2713 3063 columnas
2759 3004 2895 3064 silva

600 3116 692 3170 est
739 3128 914 3170 manu
966 3116 1089 3169 sata
1136 3108 1450 3169 arboribus
1506 3106 1854 3186 grandibuS,
1915 3109 1997 3167 ita
2045 3116 2112 3167 ut
2157 3109 2218 3166 in
2278 3108 2478 3168 infima
2533 3117 2708 3189 parte
2766 3129 2894 3190 per·

599 3216 821 3296 luceat,
880 3234 1029 3296 quae
1076 3222 1197 3277 tota
1256 3215 1389 3276 altis
1448 3215 1723 3275 maceriis
1781 3222 1980 3293 saepta
2039 3222 2147 3275 est.
2222 3213 2324 3273 sed
2384 3233 2450 3275 ea
2501 3233 2617 3294 qua
2665 3220 2893 3277 ratione

598 3322 914 3384 arboribus
952 3330 1107 3384 tecta
1146 3323 1397 3404 dicatur,
1445 3341 1565 3383 non
1604 3321 1988 3400 intellegitur.
2061 3339 2246 3400 quare
2294 3320 2486 3382 delevi
2512 3309 2894 3406 vocabulum,

598 3429 757 3510 quod
806 3449 875 3490 ex
922 3448 1102 3509 prava
1150 3432 1445 3511 scriptura
1495 3431 1625 3491 eius
1675 3429 1831 3509 quod
1881 3429 2154 3508 sequitur
2202 3434 2327 3489 tota
2364 3428 2483 3489 huc
2524 3428 2763 3492 videtur
2809 3432 2893 3492 in·

597 3537 781 3598 latum
828 3556 976 3598 esse.
2902 3531 2911 3540 ’

777 3641 859 3706 13
925 3643 1131 3705 Inter
1178 3644 1545 3706 columnas
1604 3644 2012 3704 exteriores
2068 3660 2195 3721 pro
2252 3631 2532 3721 pariete
2590 3645 2897 3707 reticuli

598 3753 895 3813 eueruis
944 3760 1112 3812 sunt
1159 3760 1234 3812 ut
1277 3753 1621 3831 perspici·
1652 3752 1722 3811 in
1770 3748 1955 3836 silua
1992 3751 2228 3828 possit
2266 3756 2334 3809 et
2373 3768 2548 3829 quae
2586 3750 2687 3812 ibi
2729 3761 2897 3813 sunt

597 3877 829 3939 neque
895 3860 1050 3919 auis
1116 3877 1193 3919 ea
1261 3855 1621 3934 transire]
1682 3858 1964 3934 Perspice·
2017 3862 2078 3915 et
2132 3855 2345 3916 deinde
2400 3873 2560 3931 quae
2614 3859 2706 3918 ibi
2758 3857 2895 3919 libri

597 3985 775 4026 manu
841 3967 1050 4045 scripti
1114 3982 1337 4025 omnes,
1415 3965 1607 4025 errori
1662 3962 1938 4024 Politiani
2005 3962 2241 4023 videtur
2300 3962 2685 4024 tribuendum
2743 3983 2891 4046 esse,

598 4072 754 4152 quod
801 4074 864 4132 in
911 4073 1183 4152 principe
1231 4071 1490 4132 editione
1532 4074 1813 4148 prospici
1855 4088 1975 4131 non
2024 4071 2285 4130 correxit
2330 4072 2535 4159 etqui
2576 4089 2686 4149 pro
2734 4089 2890 4146 quac
2976 4061 2981 4066 ’

596 4199 630 4240 e
678 4179 881 4240 codice
930 4179 1244 4240 adnotavit.
1335 4181 1584 4239 reticuli
1637 4197 1672 4239 e
1726 4180 1928 4238 nervis
1976 4176 2132 4237 edita
2177 4175 2315 4237 inde
2362 4194 2395 4236 a
2448 4178 2722 4256 principe
2770 4177 2889 4237 edi-

595 4289 759 4347 tione
818 4284 1189 4365 exemplaria.
1274 4287 1553 4362 perspici
1606 4288 1669 4345 in
1723 4288 1933 4346 silvam
1991 4282 2307 4343 Turnebus
2363 4282 2591 4343 advers.
2632 4281 2747 4366 21,
2781 4280 2887 4343 23.

583 4412 703 4456 eas
749 4396 1020 4454 transire
1066 4411 1139 4453 ex
1187 4391 1447 4453 secunda
1487 4391 1747 4453 editione
1787 4390 2032 4451 Victorii
2070 4399 2380 4468 receptum
2418 4398 2566 4471 erat,
2605 4409 2680 4451 ea
2718 4397 2886 4451 tran·

595 4504 721 4561 sire
759 4498 1161 4561 Schneiderus
1189 4501 1471 4560 restituit.
1547 4498 1832 4560 reticulos
1865 4516 1896 4557 e
1932 4498 2131 4557 nervis
2161 4495 2435 4557 Kellerus
2465 4496 2642 4557 annal
2688 4495 2884 4578 philol.
