3178 5185
582 403 712 466 268
1566 402 1938 457 VARRONIS

581 572 844 629 universi
908 569 1141 648 populi,
1204 568 1301 629 illa
1369 568 1551 628 solius
1620 577 1749 649 tua3
1814 569 1961 630 haec
2028 588 2146 647 quo
2206 568 2528 629 succedant
2584 588 2618 628 e
2677 588 2905 649 campo

584 678 743 736 cives
791 685 850 735 et
896 676 1113 754 reliqui
1162 675 1452 755 homineS,
1500 674 1599 734 illa
1649 694 1764 753 quo
1813 693 1999 753 equae
2050 684 2109 734 et
2156 676 2335 755 asini3
2391 683 2700 753 praeterea
2749 695 2907 736 cum

584 783 654 842 ad
724 801 849 842 rem
914 781 1213 862 publicam
1269 782 1793 842 administrandam
1851 781 1997 842 haec
2054 783 2132 841 sit
2187 782 2378 861 utilis,
2443 782 2546 842 ubi
2606 783 2905 844 cohortes

586 890 658 949 ad
707 890 992 950 dilectum
1040 889 1271 950 consuli
1320 890 1607 949 adductae
1657 889 1995 970 considant,
2041 888 2147 949 ubi
2192 908 2354 949 arma
2402 889 2736 971 ostendant,
2792 890 2908 950 ubi

536 1000 875 1057 5censores
932 1016 1117 1057 censu
1174 997 1485 1057 admittant
1540 996 1843 1075 populum.
1946 996 2070 1056 Tua
2128 996 2379 1076 scilicet,
2435 998 2629 1075 inquit
2686 998 2906 1076 AxiuS‚

583 1104 728 1164 haec
776 1106 836 1165 in
886 1123 1091 1182 campo
1141 1103 1350 1164 Martio
1401 1111 1665 1163 extremo
1715 1103 1878 1163 utilis
1926 1110 1986 1162 et
2030 1121 2147 1163 non
2198 1102 2426 1163 deliciis
2475 1107 2906 1182 sumptuosior

586 1231 760 1290 quam
819 1229 1023 1271 omnes
1080 1213 1344 1271 omnium
1401 1212 1709 1270 universae
1770 1206 2095 1270 Reatinae?
2188 1219 2287 1270 tua
2346 1212 2502 1270 enim
2567 1210 2754 1271 oblita
2808 1220 2908 1271 est

586 1318 802 1378 tabulis
848 1320 1025 1396 pictis
1074 1337 1183 1378 nec
1231 1319 1427 1378 minus
1476 1319 1689 1399 signi83
1738 1325 1796 1377 at
1843 1335 1991 1398 mea,
2039 1318 2354 1393 vestigium
2392 1317 2498 1377 ubi
2537 1319 2612 1377 sit
2654 1318 2903 1379 nullum

584 1425 829 1504 Lysippi
875 1432 976 1484 aut
1014 1424 1317 1503 Antiphili,
1366 1431 1425 1484 at
1472 1423 1682 1484 crebra
1730 1425 1978 1483 sartoris
2026 1431 2084 1483 et
2132 1426 2402 1501 pastoris
2469 1434 2528 1484 et
2575 1443 2718 1485 cum
2760 1426 2906 1486 villa

589 1551 706 1592 non
765 1534 842 1591 sit
900 1533 1028 1591 sine
1079 1531 1260 1591 fundo
1308 1549 1547 1611 magn0,
1608 1538 1666 1590 et
1715 1549 1784 1591 eo
1830 1530 2013 1609 polito
2062 1530 2323 1610 cultura,
2380 1539 2479 1593 tua
2530 1534 2641 1592 ista
2693 1552 2902 1612 neque

540 1644 805 1717 Gagrum
869 1637 1047 1698 habet
1101 1635 1286 1698 ullum
1343 1657 1454 1698 nec
1510 1637 1720 1697 bovem
1776 1656 1887 1698 nec
1943 1656 2171 1717 equam.
2275 1638 2530 1718 denique
2589 1640 2738 1719 quid
2800 1648 2907 1701 tua

590 1745 767 1806 habet
823 1745 1012 1805 simile
1069 1744 1237 1804 villae
1295 1744 1483 1823 illius,
1541 1762 1718 1822 quam
1776 1752 1916 1804 tuus
1973 1763 2112 1805 avos
2169 1764 2235 1805 ac
2294 1762 2544 1823 proavos
2592 1743 2904 1810 habebat?

592 1872 702 1913 nec
751 1855 925 1932 enim,
974 1859 1040 1911 ut
1086 1850 1202 1930 illa,
1251 1851 1552 1911 faenisicia
1600 1851 1746 1913 vidit
1785 1851 1948 1911 arida
1986 1853 2046 1911 in
2086 1837 2347 1913 tabulato
2387 1871 2495 1913 nec
2534 1852 2904 1914 vindemiam

736 2051 762 2097 1
812 2060 842 2097 e
891 2059 1090 2111 campo
1140 2042 1252 2096 VB
1299 2043 1358 2095 et
1403 2058 1603 2110 campo
1642 2040 1760 2094 Am
1913 2047 1944 2093 2
1992 2041 2271 2112 homines]
2333 2028 2757 2097 omnes'VAB

591 2137 650 2188 et
686 2132 828 2187 asini
877 2133 930 2186 V
971 2135 1029 2187 et
1067 2131 1174 2185 sini
1213 2130 1331 2183 AB
1479 2137 1509 2183 3
1559 2131 1633 2184 ad
1669 2146 1787 2183 rem
1825 2130 2112 2198 publicam
2161 2130 2276 2185 VB
2315 2132 2383 2184 ad
2423 2148 2660 2200 rem.p.
2704 2132 2767 2185 A

592 2224 850 2277 cohortes
899 2220 1009 2274 VB
1050 2220 1270 2273 chortes
1299 2221 1354 2272 A
1468 2223 1500 2272 5
1541 2218 1849 2272 admittant
1887 2218 1999 2271 VA
2039 2220 2365 2274 ammittant
2393 2220 2447 2275 Β
2553 2223 2654 2275 tua
2692 2218 2906 2287 inquid

592 2311 810 2365 scilicet
835 2308 1048 2363 Anxius
1078 2309 1135 2361 P
1156 2310 1254 2362 tua
1282 2305 1477 2375 inquid
1507 2306 1694 2362 silicet
1721 2306 1918 2361 auxius
1949 2308 2004 2361 A
2035 2310 2135 2361 tua
2162 2306 2347 2377 inquit
2375 2310 2591 2365 scilicet
2620 2311 2828 2363 auxius
2848 2311 2905 2364 Β

591 2403 692 2455 tua
728 2398 915 2466 inquit
951 2397 1108 2451 axius
1144 2414 1198 2450 m
1236 2397 1336 2450 tua
1372 2396 1558 2466 inquit
1597 2414 1638 2450 s.
1676 2396 1850 2450 Axius
1888 2415 1935 2451 v.
2016 2396 2156 2451 ‘Tua
2191 2398 2377 2466 inquit
2411 2400 2553 2453 haec
2589 2399 2649 2452 in
2686 2416 2899 2467 campo

595 2488 818 2543 Martio.
902 2487 979 2541 In
1024 2487 1237 2540 emensis
1284 2491 1472 2540 antea:
1516 2485 1643 2540 Tua
1688 2487 1871 2555 inquit
1917 2485 2116 2542 Axius.
2190 2489 2253 2542 id
2298 2504 2491 2542 nomen
2534 2492 2870 2547 sustulimus
2888 2514 2904 2545 .-

595 2611 662 2620 —
701 2577 958 2633 Scholion
995 2576 1271 2646 qnondam
1307 2576 1450 2630 illud
1485 2576 1675 2643 fuisse,
1713 2592 1780 2630 ex
1816 2577 2017 2646 optimo
2046 2578 2346 2646 exemplari
2373 2580 2621 2649 coynosei
2649 2583 2905 2649 apertius

585 2673 763 2738 potest
790 2688 806 2719 .-
834 2667 914 2720 sie
951 2667 1093 2720 enim
1129 2667 1192 2719 in
1228 2666 1342 2730 ἱῖῑο,
1380 2657 1500 2718 Tua
1535 2665 1753 2734 inquid,
1794 2664 2011 2720 scilicet
2039 2667 2269 2736 Auxius,
2309 2667 2448 2722 haec
2487 2670 2593 2722 etc.
2671 2671 2758 2724 In
2795 2687 2901 2740 quo

595 2760 693 2813 hoc
728 2757 890 2812 etiam
928 2755 1492 2821 animaduertendum,
1530 2771 1682 2809 nunc
1712 2755 1898 2809 Axius
1925 2757 1988 2809 in
2018 2758 2405 2811 uetustissimis
2434 2758 2608 2824 libris,
2647 2762 2901 2828 quando-

598 2864 698 2917 que
734 2846 962 2901 Aaoeins
1008 2846 1114 2914 leyi
1141 2865 1156 2897 :
1185 2861 1315 2898 nam
1361 2849 1411 2897 et
1444 2845 1563 2911 hie,
1611 2849 1660 2898 et
1699 2860 1872 2913 supra
1908 2844 2150 2900 Anxius.
2226 2847 2453 2901 Anxius
2488 2849 2681 2916 Appio
2716 2850 2900 2905 sulm·-

597 2936 749 2992 dens’
801 2935 1079 2989 Victorius
1206 2940 1237 2987 6
1277 2932 1658 3002 sumptuosior
1708 2932 1822 2986 VB
1859 2933 2142 3003 suptusior
2178 2935 2230 2988 A
2356 2941 2385 2988 7
2427 2937 2606 2990 omnis
2646 2940 2901 2992 omnium

596 3024 890 3081 uniuersae
922 3023 1172 3078 reatinae
1211 3022 1392 3076 VAB
1417 3064 1428 3076 .
1449 3022 1685 3076 ‘Omnes
1715 3022 1965 3076 omnium
1992 3023 2279 3079 Reatinae.
2341 3025 2579 3094 Aliquae
2605 3027 2713 3081 hae
2738 3033 2901 3097 parte

596 3118 842 3171 maculae
886 3115 950 3169 in
994 3114 1195 3183 optimo
1242 3113 1538 3181 exemplari
1565 3133 1582 3165 .-
1610 3129 1769 3180 nam,
1822 3112 2025 3168 Omnes
2076 3114 2323 3168 omnium
2366 3114 2679 3169 uniuersae.
2757 3117 2899 3170 Rea·

597 3206 776 3272 tinae,
820 3220 1106 3276 perperam
1159 3203 1224 3256 in
1278 3203 1402 3269 illo,
1451 3218 1518 3256 ac
1577 3203 1863 3257 nonnullis
1917 3203 2049 3257 aliis
2096 3203 2314 3272 leyitur’
2374 3203 2654 3258 Victorius
2801 3207 2900 3258 tua

600 3292 775 3364 enim]
822 3296 945 3347 tum
992 3291 1141 3346 enim
1197 3291 1373 3345 VAB
1518 3290 1696 3345 oblita
1743 3291 1853 3362 est]
1904 3291 2113 3347 oblitae
2155 3292 2274 3347 PB
2324 3293 2500 3347 oblite
2536 3292 2593 3345 A
2640 3293 2830 3348 oblita
2864 3310 2895 3346 v

705 3389 738 3437 8
773 3383 844 3435 ad
872 3399 1001 3436 mea
1028 3382 1151 3436 AB
1179 3383 1238 3435 at
1264 3381 1324 3434 in
1353 3396 1419 3434 ea
1455 3379 1509 3433 V
1529 3383 1589 3434 at
1617 3397 1802 3434 meam
1833 3381 2127 3436 Incundns
2235 3388 2266 3435 9
2296 3381 2505 3451 lisyppi
2526 3382 2597 3435 Β.
2641 3381 2898 3451 ‘Lysippi
2979 3444 2982 3449 y

601 3474 700 3526 aut
746 3469 1040 3541 Antiphili.
1124 3471 1198 3524 Et
1243 3470 1455 3526 crebra.
1542 3469 1726 3525 Antea
1770 3471 1833 3524 in
1878 3473 2120 3538 emensis,
2167 3472 2289 3525 Aut
2332 3469 2619 3541 Antiphili
2663 3473 2894 3527 uidebis.

599 3561 661 3614 id
705 3560 930 3614 uerbum
977 3560 1042 3614 in
1076 3561 1230 3615 nullo
1267 3560 1494 3628 antiquo
1532 3577 1569 3613 a
1607 3576 1687 3614 me
1723 3565 1993 3628 repertum
2030 3565 2121 3614 est.
2194 3577 2370 3630 supra
2405 3562 2569 3615 etiam
2605 3561 2671 3615 in
2708 3563 2899 3617 iisdem

600 3648 746 3716 Mea,
782 3664 896 3702 non
926 3649 1115 3703 Meam
1143 3671 1157 3704 ε
1186 3650 1331 3718 qnod
1365 3650 1495 3703 huic
1529 3650 1838 3718 scripturae
1873 3650 2173 3718 respondet.
2251 3651 2330 3703 In
2363 3651 2566 3719 optimo
2594 3650 2899 3720 exemplari

599 3744 732 3793 nota
769 3739 844 3792 ad
879 3739 1025 3792 hunc
1061 3740 1236 3794 locum
1273 3739 1531 3807 adposita
1565 3743 1687 3793 erat
1698 3780 1716 3806 ,
1756 3756 1820 3792 ea
1856 3739 1921 3793 cle
1958 3755 2127 3792 causa
2154 3745 2322 3807 puto,
2359 3741 2493 3808 quia
2530 3740 2897 3808 depranam

600 3829 719 3883 illic
744 3843 940 3883 nomen
958 3829 1283 3898 posterioris
1312 3829 1558 3896 artificis.
1618 3826 1765 3892 Ante
1793 3827 1971 3896 philu,
2002 3829 2146 3882 enim
2164 3830 2430 3898 seriptum
2447 3829 2587 3883 erat’
2620 3827 2897 3884 Victorius

586 3916 592 3921 ⁴
745 3920 876 3972 ante
934 3916 1099 3987 philii
1155 3919 1212 3972 et
1267 3919 1463 3972 crebra
1508 3918 1635 3972 AB
1688 3916 2002 3986 antephylii
2057 3919 2116 3971 et
2162 3918 2356 3973 crebra
2402 3918 2459 3971 P
2496 3918 2801 3988 antephyli
2843 3918 2898 3971 et

603 3996 800 4062 crebra
846 4024 878 4061 v
923 4006 1218 4077 Antiphyli
1267 4007 1486 4062 uidebis
1537 4008 1636 4061 sed
1683 4007 1937 4061 crebrum
1982 4005 2275 4061 Iucundus
2426 4007 2656 4062 sartoris
2714 4007 2896 4062 ΡΑΒ

603 4096 802 4151 satoris
838 4113 871 4150 v
991 4113 1116 4150 cum
1152 4097 1292 4151 uilla
1330 4097 1448 4151 Am
1484 4113 1611 4150 cum
1646 4103 1672 4150 'i
1708 4096 1809 4150 illa
1857 4096 1908 4149 V
1940 4113 2068 4149 cum
2104 4094 2207 4148 illa
2240 4094 2297 4147 Β
2407 4100 2467 4147 11
2509 4095 2685 4150 habet
2719 4098 2893 4151 ullum

603 4186 897 4240 Iucunda-s
932 4186 1142 4240 habeat
1177 4185 1355 4239 ullum
1394 4185 1570 4239 VAB
1717 4184 1850 4253 quid
1885 4185 1986 4238 tua
2020 4185 2192 4238 habet
2220 4183 2336 4237 PB
2372 4184 2508 4253 quid
2545 4188 2612 4239 tu
2639 4185 2816 4241 habet
2844 4184 2896 4237 A

603 4275 739 4342 quid
776 4277 839 4329 tu
876 4274 1046 4329 habes
1082 4292 1137 4329 m
1173 4274 1309 4344 quid
1345 4278 1445 4329 tua
1483 4291 1514 4328 υ
1631 4280 1695 4327 12
1736 4290 1870 4328 auos
1907 4290 1973 4327 ac
2009 4289 2251 4343 proauos
2282 4273 2464 4327 ΡΑΒ
2498 4292 2639 4329 auus
2678 4279 2738 4330 et
2774 4290 2894 4345 pro-

604 4379 742 4416 auus
771 4380 802 4417 v
909 4364 1160 4418 habebat
1200 4364 1250 4416 V
1271 4364 1482 4417 habeat
1510 4379 1647 4417 corr.
1677 4361 1923 4417 habebat
1949 4363 2003 4416 Β
2032 4363 2241 4417 habeat
2269 4362 2323 4414 A
2435 4368 2500 4415 13
2533 4364 2641 4418 hec
2669 4365 2817 4418 enim
2842 4362 2893 4416 A

604 4453 744 4506 haec
783 4451 932 4506 enim
980 4453 1094 4507 VB
1131 4468 1234 4505 nec
1274 4451 1424 4506 enim
1461 4451 1603 4506 haec
1639 4453 1934 4507 Ineundus
2076 4450 2336 4506 fenisicia
2361 4451 2417 4505 A
2452 4451 2748 4509 foenisicia
2786 4452 2892 4506 VB

747 4541 891 4594 uidit
927 4541 1107 4595 ΡΑΒ
1143 4541 1299 4595 uidet
1333 4559 1364 4595 v

2934 1541 2982 1579 10
