3178 5185
609 400 736 464 162
1021 445 1028 451 .
1588 397 1960 455 VARRONIS

605 584 842 644 quoque
880 565 1173 646 legumen,
1211 574 1279 625 ut
1318 575 1515 627 cetera
1545 585 1696 645 quae
1727 566 2026 627 velluntur
2057 585 2089 626 e
2117 574 2295 646 terra,
2334 584 2453 625 non
2484 565 2900 642 subsecantur,

606 691 773 753 quae,
822 672 979 750 qnod
1026 674 1106 732 ita
1153 672 1450 754 leguntur,
1496 673 1794 752 legumina
1842 674 2013 734 dicta.
2106 675 2168 732 in
2207 674 2415 751 pingui
2453 675 2697 753 rectiuS,
2747 691 2898 752 quae

552 778 733 840 3cibi
788 786 928 840 sunt
983 781 1249 860 maioris,
1314 787 1382 840 ut
1435 780 1635 861 holuS,
1702 783 1993 861 triticum,
2048 780 2247 860 siligo,
2302 780 2505 840 linum.
2607 780 2896 859 quaedam

604 888 777 946 etiam
847 886 1097 946 serenda
1162 906 1281 946 non
1348 895 1466 947 tam
1532 896 1778 967 propter
1842 897 2213 966 praesentem
2282 888 2542 947 fructum
2601 905 2775 966 quam
2834 889 2894 947 in

601 1011 821 1053 annum
885 995 1379 1075 prospicientem,
1445 994 1603 1073 quod
1669 994 1753 1055 ibi
1819 988 2092 1055 subsecta
2158 1003 2335 1074 atque
2400 994 2605 1054 relicta
2671 1002 2891 1053 terram
2949 1002 2982 1042 5

602 1099 826 1161 faciunt
872 1084 1195 1161 meliorem.
1287 1103 1485 1179 itaque
1533 1101 1821 1183 lupinum,
1869 1121 2005 1162 cum
2052 1103 2245 1162 minus
2285 1100 2574 1161 siliculam
2614 1104 2788 1182 cepit,
2837 1110 2896 1161 et

603 1226 721 1267 non
770 1225 1090 1287 numquam
1137 1207 1373 1290 fabalia,
1432 1211 1482 1269 si
1530 1209 1601 1295 ad
1651 1208 1895 1288 siliquas
1943 1228 2060 1269 non
2110 1211 2186 1269 ita
2235 1210 2535 1288 pervenit,
2593 1216 2658 1268 ut
2705 1208 2897 1269 sabam

602 1314 800 1393 legere
849 1315 1147 1396 expediat,
1196 1317 1247 1375 si
1294 1333 1433 1394 ager
1480 1318 1736 1376 macrior
1783 1325 1891 1398 est,
1938 1334 2046 1394 pro
2096 1323 2358 1376 stercore
2405 1317 2636 1376 inarare
2686 1315 2895 1376 solent.

548 1426 721 1482 4nec
776 1424 973 1482 minus
1030 1442 1097 1483 ea
1153 1423 1612 1484 discriminanda
1659 1426 1721 1483 in
1768 1423 2136 1484 conserendo
2186 1441 2334 1502 quae
2384 1432 2524 1483 sunt
2571 1423 2895 1504 fructuosa,

602 1536 849 1608 propter
895 1528 1273 1610 voluptatem,
1320 1538 1385 1590 ut
1434 1549 1583 1609 quae
1631 1531 1892 1610 pomaria
1941 1520 2010 1590 ac
2054 1529 2276 1590 floralia
2317 1530 2706 1610 appellantur,
2754 1532 2897 1590 item
2924 1537 2982 1578 1⁰

602 1636 699 1696 illa
757 1655 906 1715 quae
961 1636 1033 1696 ad
1090 1637 1395 1698 homiuum
1451 1639 1674 1698 victum
1731 1657 1797 1697 ac
1856 1654 2098 1698 sensum
2158 1637 2727 1717 delectationemque
2779 1657 2896 1698 non

601 1744 906 1822 pertinent
970 1761 1162 1822 neque
1219 1743 1292 1803 ab
1349 1747 1476 1823 agri
1531 1744 1787 1805 utilitate
1846 1752 1986 1806 sunt
2040 1745 2318 1805 diiuncta.
2419 1745 2670 1806 idoneus
2727 1745 2897 1807 locus

602 1850 936 1932 eligenduS,
1002 1848 1105 1910 ubi
1169 1851 1350 1911 facias
1418 1852 1692 1914 salictum
1757 1859 1817 1912 et
1880 1852 2369 1932 harundinetum,
2434 1854 2519 1912 sic
2576 1852 2684 1913 alia
2744 1872 2895 1932 quae

549 1957 876 2018 5umidum
937 1957 1134 2018 locum
1190 1969 1509 2041 quaerunt,
1574 1968 1778 2020 contra
1836 1957 1942 2019 ubi
1997 1967 2228 2037 segetes
2283 1959 2726 2040 frumentariaS,
2794 1959 2897 2020 ubi

602 2063 794 2124 fabam
839 2066 1216 2144 potissimum
1264 2083 1454 2148 seras,
1509 2067 1653 2126 item
1700 2065 1811 2126 alia
1858 2084 2007 2144 quae
2055 2066 2218 2126 arida
2263 2065 2389 2126 loca
2438 2074 2751 2126 secuntur:
2808 2069 2894 2127 sic
2921 2067 2972 2109 ¹5

602 2178 668 2231 ut
705 2171 1003 2232 umbrosis
1041 2172 1187 2233 locis
1225 2172 1334 2232 alia
1374 2191 1555 2254 seraS,
1594 2179 1661 2233 ut
1698 2172 2032 2252 corrudam,
2070 2173 2228 2251 quod
2257 2175 2338 2233 ita
2367 2176 2516 2251 petit
2545 2191 2894 2255 asparagus;

601 2281 825 2360 aprica,
882 2287 949 2340 ut
994 2278 1080 2339 ibi
1127 2297 1291 2339 seras
1339 2279 1550 2340 violam
1599 2288 1660 2339 et
1705 2280 1912 2340 hortos
1960 2279 2165 2361 faciaS,
2214 2280 2370 2358 quod
2420 2298 2487 2340 ea
2534 2279 2657 2340 sole
2706 2283 2895 2342 nutri·

600 2393 830 2466 cantur,
877 2387 963 2447 sic
1010 2386 1138 2447 alia.
1229 2393 1290 2446 et
1336 2385 1448 2447 alio
1495 2387 1626 2448 loco
1680 2405 1716 2444 *
1763 2387 2031 2468 serenda,
2078 2394 2145 2447 ut
2189 2385 2407 2447 habeas
2453 2389 2688 2469 vimina,
2737 2388 2894 2449 unde

746 2582 773 2630 1
823 2577 1012 2632 cetera
1057 2592 1203 2646 quae
1249 2576 1533 2633 velluntur
1579 2576 1727 2633 Non.
1764 2595 1821 2647 p.
1861 2582 1952 2645 61,
1991 2581 2061 2631 14
2207 2582 2274 2632 18
2318 2579 2383 2632 ut
2426 2575 2638 2632 habeas
2682 2577 2897 2635 vimina

598 2664 748 2721 Non.
776 2683 839 2735 p.
879 2671 1008 2736 189,
1046 2672 1118 2722 16

744 2850 772 2897 1
795 2848 1018 2900 caetera
1043 2844 1097 2899 V
1162 2850 1193 2898 2
1217 2861 1361 2914 quae
1384 2845 1495 2901 cibi
1514 2848 1646 2900 sunt
1668 2845 1898 2900 Plinius
1910 2844 2155 2913 XVIII,
2176 2849 2285 2900 165
2304 2862 2447 2915 quae
2468 2845 2548 2899 ibi
2568 2848 2698 2899 sunt
2725 2845 2895 2901 VAB

599 2950 745 3004 qnae
795 2934 944 2988 succi
991 2936 1120 2988 sunt
1157 2936 1466 2989 Iucundus.
1526 2935 1630 2988 ‘In
1676 2936 1888 2988 excusis
1942 2940 2105 2989 antea
2150 2936 2333 3003 libris,
2380 2934 2544 2989 Succi
2573 2936 2678 2989 :in
2722 2953 2896 2991 mann

597 3023 820 3091 seriptis
867 3024 1117 3077 omnibus
1153 3021 1268 3091 Ibi,
1314 3025 1578 3093 scriptum
1624 3024 1818 3078 inueni
1847 3046 1859 3078 :
1888 3040 2059 3093 quare
2102 3041 2220 3078 nna
2268 3025 2465 3078 addita
2510 3024 2700 3092 litera,
2751 3025 2891 3092 Cibi,

597 3112 903 3181 castiyani’
956 3112 1234 3167 Victorius
1375 3119 1407 3166 3
1456 3114 1621 3167 holus
1659 3112 1839 3167 PAB
1876 3113 1998 3167 olus
2032 3130 2065 3166 v
2212 3119 2245 3166 4
2280 3129 2392 3166 non
2430 3114 2549 3165 tam
2584 3112 2745 3167 Amv
2782 3131 2895 3167 non

597 3200 712 3255 iam
780 3202 901 3255 PB
1088 3206 1120 3255 5
1185 3201 1658 3271 propspicientem
1723 3219 1862 3258 corr.
1927 3219 2112 3272 prosp.
2169 3201 2225 3254 A
2403 3200 2663 3254 subsecta.
2721 3203 2893 3271 atque

596 3288 798 3344 relicta
860 3289 1045 3344 A²mv
1110 3291 1426 3345 subsectam
1491 3294 1665 3361 atque
1727 3290 1985 3347 relictam
2041 3289 2219 3344 PAR
2392 3294 2424 3342 6
2489 3304 2615 3342 cum
2680 3289 2890 3361 minus]

599 3396 726 3433 oum
773 3377 1033 3433 dominus
1080 3378 1191 3434 VB
1241 3397 1368 3435 cum
1414 3380 1519 3435 dfis
1556 3381 1614 3436 A
1661 3400 1787 3437 cum
1831 3398 1934 3435 nec
1982 3381 2113 3434 dum
2162 3378 2456 3433 Iucundus
2486 3420 2497 3431 .
2532 3377 2636 3431 ‘In
2682 3381 2895 3434 cunctis

596 3484 771 3522 manu
823 3469 1072 3538 scriptiS,
1136 3467 1273 3523 Cum
1330 3468 1586 3525 dominus
1646 3470 1950 3538 siliculam‚
2014 3467 2237 3523 inneni'
2295 3467 2586 3522 Victoriae.
2666 3468 2892 3536 quando

596 3558 778 3611 minus
826 3557 1134 3613 Salmasius
1179 3557 1331 3614 Plin.
1381 3576 1548 3615 exerc.
1584 3578 1642 3629 p.
1682 3564 1791 3617 172
1935 3557 2087 3627 cepit
2123 3556 2178 3610 A
2225 3562 2274 3611 et
2317 3557 2382 3611 in
2425 3556 2674 3625 maryine
2718 3559 2891 3627 scrip-

596 3652 711 3702 tum
748 3647 806 3700 B
842 3645 1031 3716 coepit
1073 3647 1127 3702 V
1266 3654 1297 3701 7
1343 3664 1744 3718 nonnunquam
1780 3648 1836 3702 B
1979 3645 2193 3701 fabalia
2228 3645 2412 3701 A²mv
2458 3642 2675 3698 fabalia
2711 3645 2894 3701 PAB

596 3736 802 3790 codices
845 3735 1077 3790 Victorii
1113 3736 1157 3788 I
1178 3741 1268 3805 31,
1297 3742 1333 3792 4
1475 3745 1506 3792 9
1544 3739 1776 3805 fortasse
1812 3737 2100 3792 fructuosa
2136 3736 2237 3789 aut
2272 3736 2503 3804 propter
2539 3735 2891 3805 uoluptatem

743 3830 806 3877 11
859 3824 984 3895 illa]
1033 3825 1167 3880 illae
1204 3827 1259 3880 B
1408 3833 1472 3881 12
1521 3828 1776 3882 diiuncta
1818 3826 1995 3880 VAB
2040 3824 2324 3879 disiuncta
2359 3821 2501 3877 A'm
2648 3829 2715 3878 14
2751 3825 2891 3879 umi-

597 3915 729 3968 dum
763 3912 882 3967 PA
917 3913 1210 3970 humidum
1239 3916 1335 3971 Bv
1443 3917 1542 3971 ubi
1577 3916 1771 3971 fabam
1800 3913 1981 3969 PAB
2017 3914 2099 3968 ibi
2129 3913 2319 3968 fabam
2346 3930 2378 3966 v
2492 3919 2557 3967 16
2598 3912 2715 3967 alia
2742 3932 2891 3969 seras

598 4004 891 4058 Incundns
927 4002 1048 4058 alta
1084 4020 1237 4059 seras
1273 4005 1449 4061 VAB
1560 4006 1796 4061 corruda
1823 4003 2002 4059 PAB
2033 4006 2239 4058 coruda
2267 4020 2298 4057 v
2406 4001 2552 4071 petit
2581 4019 2891 4073 asparagus

598 4090 829 4161 (petitas
857 4110 1102 4164 paragus
1122 4095 1200 4163 B)
1232 4094 1422 4164 aprica
1451 4096 1516 4149 ut
1541 4094 1622 4148 ibi
1652 4111 1801 4149 seras
1820 4093 1941 4148 AB
1967 4092 2116 4163 petit
2144 4108 2449 4162 asparagus
2478 4090 2543 4144 ut
2560 4090 2643 4145 ibi
2662 4108 2816 4148 seras
2841 4093 2896 4146 P

595 4180 741 4249 petit
777 4197 1084 4253 asparagus
1123 4185 1180 4238 et
1214 4184 1406 4253 aprica
1443 4184 1518 4238 sit
1552 4186 1705 4238 terra
1733 4183 1830 4237 ubi
1859 4200 2010 4238 seras
2036 4199 2070 4237 v
2177 4187 2256 4251 Ι17
2285 4180 2488 4251 apricis
2517 4180 2787 4251 Anyelius

596 4270 746 4324 ortos
774 4268 830 4323 A
937 4270 1146 4327 faciam
1183 4289 1317 4328 corr.
1349 4303 1418 4313 —
1448 4290 1508 4327 as
1537 4270 1595 4326 A
1704 4277 1769 4326 18
1797 4272 2028 4338 sortasse
2056 4274 2114 4327 et
2140 4271 2252 4326 alio
2279 4270 2403 4326 loco
2432 4269 2632 4324 salicta
2658 4271 2895 4327 serenda

739 4358 888 4414 unde
934 4361 1145 4415 utendo
1176 4403 1188 4415 .
1220 4361 1263 4414 L
1296 4405 1308 4416 .
1339 4360 1475 4430 quid
1512 4361 1570 4414 P
1609 4360 1753 4415 unde
1802 4361 2009 4416 utendo
2042 4403 2053 4415 .
2083 4362 2105 4414 1
2135 4400 2149 4415 .
2180 4361 2317 4430 quid
2354 4361 2410 4415 A
2445 4359 2845 4427 undeuntendo
2876 4404 2888 4415 .

595 4447 637 4500 L
674 4492 685 4503 .
715 4446 851 4516 quid
879 4448 936 4501 B
971 4450 1119 4503 unde
1156 4449 1367 4505 utendo
1405 4448 1622 4519 aliquid
1646 4467 1715 4505 v.
1740 4450 1759 4477 ‘
1779 4448 2003 4518 Viendo,
2042 4451 2149 4519 leyi
2183 4452 2368 4506 debere
2403 4449 2638 4505 ostendit
2666 4447 2893 4505 Nonius

594 4537 682 4607 [p.
723 4542 853 4604 189,
891 4538 999 4608 16]
1008 4579 1027 4604 ,
1073 4540 1170 4608 qui
1214 4540 1330 4594 uim
1374 4540 1542 4595 huius
1576 4540 1735 4594 uerbi
1770 4540 2083 4607 declarans,
2130 4542 2457 4596 anctoritate
2494 4541 2577 4594 M.
2624 4537 2892 4598 Varronis
