3178 5185
578 375 706 438 110
1255 380 1639 436 COMMENT.
1677 380 1758 434 IN
1795 379 2170 435 VARRONIS

567 541 938 612 summittite,
996 536 1219 598 Colum.
1259 535 1336 596 XI
1378 535 1451 618 2,
1496 531 1579 597 15
1631 555 1748 613 per
1804 537 1986 597 hosce
2041 538 2170 597 dies
2224 537 2372 596 locis
2427 537 2740 595 maritimis
2795 541 2852 595 et

571 648 789 706 calidis
836 662 913 704 ac
957 645 1138 704 siccis
1177 650 1368 720 prata
1426 646 1720 703 vel-arva
1760 650 2118 719 purqantur
2174 650 2231 703 et
2287 646 2349 703 in
2390 641 2644 717 faenum
2700 659 2851 702 sum·

571 755 908 825 mittuntur,
955 748 1031 810 ib.
1072 747 1152 810 27
1204 768 1243 810 a
1300 747 1772 826 quinquatribus
1826 757 2017 827 prata
2063 758 2230 811 recte
2274 753 2749 821 summittuntur,
2802 746 2852 806 II

575 855 674 934 17,
704 856 745 918 2
791 860 1195 933 summittique
1233 875 1352 934 pro
1401 864 1629 918 natura
1677 861 1945 918 locorum
1985 866 2094 919 aut
2131 861 2456 935 temperius
2496 864 2607 917 aut
2642 859 2851 916 serius,

746 971 789 1024 L
835 962 867 1025 l
935 963 1192 1025 Messis
1239 967 1537 1043 proprio
1588 966 1875 1025 nomine
1924 964 2198 1025 dicitur
2244 967 2313 1025 in
2350 964 2461 1025 his
2506 982 2681 1043 quae
2721 981 2853 1023 me-

570 1075 791 1134 timur
839 1074 1132 1132 maxime
1181 1073 1249 1131 in
1298 1072 1660 1132 frumento
1721 1080 1790 1132 et
1846 1070 1926 1131 ab
1984 1091 2062 1132 eo
2111 1090 2270 1133 esse
2326 1070 2681 1132 uocabulo
2740 1068 2855 1129 de-

571 1178 871 1258 clinata]
945 1182 1115 1252 Quae
1179 1186 1486 1241 metuntur
1540 1177 1792 1258 Merula,
1860 1197 2018 1254 quae
2073 1182 2351 1240 metimur
2409 1197 2480 1239 ex
2526 1175 2856 1257 'archetypo

574 1288 870 1349 Victorius
908 1288 1186 1347 restituit.
1261 1294 1350 1347 est
1384 1304 1493 1365 pro
1533 1305 1662 1347 esse
1700 1304 1770 1346 ex
1818 1281 2049 1347 ‘vetere
2097 1282 2332 1348 codice'
2381 1286 2650 1347 Ursinus,
2726 1302 2858 1364 pro-

574 1398 760 1475 priam
830 1396 1085 1455 nominis
1150 1395 1638 1472 significationem
1707 1411 1821 1453 una
1889 1412 2025 1453 cum
2090 1396 2317 1472 origine
2383 1395 2542 1453 vocis
2607 1391 2860 1452 indicari

572 1501 866 1563 Victorius
906 1501 1221 1562 adnotavit.
1296 1519 1427 1561 nam
1470 1520 1498 1561 a
1534 1500 1833 1561 metiendo
1873 1502 2082 1561 messis
2120 1500 2411 1561 declinata
2450 1518 2581 1560 esse
2621 1498 2858 1559 dicitur.

573 1609 710 1670 huic
767 1618 963 1669 autem
1021 1608 1396 1688 explicationi
1452 1627 1585 1668 mox
1647 1608 1884 1669 additur
1940 1609 2074 1690 alia,
2133 1610 2304 1688 quasi
2358 1627 2387 1669 a
2451 1607 2643 1668 medio
2706 1591 2859 1667 dicta

573 1722 732 1776 esset
779 1716 1006 1796 messiS‚
1055 1716 1210 1793 quod
1259 1714 1371 1776 sibi
1420 1715 1653 1794 placere
1704 1717 1783 1776 ait
1822 1715 2006 1776 Stolo,
2098 1716 2240 1776 lusit
2279 1717 2435 1776 enim
2475 1715 2599 1774 fere
2638 1715 2705 1773 in
2750 1713 2861 1773 hoc

573 1840 792 1901 genere
839 1822 1268 1882 derivationum
1318 1820 1529 1902 Varro,
1585 1841 1779 1901 neque
1843 1822 2167 1901 quid'ipse
2226 1822 2565 1902 probaverit
2609 1813 2862 1902 sscimUS.

574 1929 985 2009 imprudenter
1031 1928 1190 1997 haec⁸
1227 1928 1628 1990 Schneiderus
1675 1932 1989 2010 pervertit,
2043 1947 2176 1989 cum
2235 1937 2474 2009 recepta
2522 1929 2861 2006 antiquissi-

574 2055 802 2098 marum
853 2027 1179 2097 editionum
1218 2034 1474 2096 lectione
1521 2043 1830 2097 metuntur
1868 2043 1927 2096 et
1966 2038 2307 2096 coniectura
2346 2034 2546 2096 Ursini
2585 2042 2677 2096 est
2718 2036 2858 2095 scri-

575 2143 744 2205 beret
782 2146 988 2205 messis
1019 2146 1275 2220 proprio
1313 2146 1551 2203 nomine
1581 2145 1812 2203 dicitur
1850 2146 1912 2203 in
1945 2146 2018 2203 iis
2056 2161 2215 2218 quae
2241 2150 2564 2218 metuntur,
2595 2146 2872 2203 maxime

578 2256 641 2312 in
682 2250 1008 2326 frumenta,
1057 2257 1117 2311 et
1161 2252 1238 2310 ab
1286 2268 1355 2311 eo
1404 2258 1493 2311 est
1536 2252 1829 2311 vocabulo
1878 2253 2201 2310 declinata.

750 2357 1085 2419 Coiciunt
1113 2359 1182 2417 in
1213 2356 1532 2433 corbem]
1574 2359 1852 2418 Coiciunt
1883 2359 1943 2417 in
1978 2356 2297 2437 archetypo
2338 2359 2626 2436 scriptum
2657 2356 2863 2439 fuisse,

575 2485 692 2526 non
743 2468 1078 2545 coniciunt,
1130 2466 1488 2543 optimorum
1546 2464 2018 2543 apographorum
2078 2482 2373 2524 consensu
2421 2463 2862 2542 comprobatur,

572 2581 631 2633 et
697 2572 810 2633 hoc
880 2574 1073 2652 ipsum
1139 2570 1397 2633 voluisse
1462 2571 1699 2632 videtur
1752 2570 2107 2652 PolitianuS‚
2173 2573 2274 2650 qui
2330 2574 2528 2632 miuus
2584 2581 2861 2633 accurate

573 2679 792 2740 codicis
831 2680 1184 2758 scripturam
1218 2680 1582 2759 significavit.
1659 2679 1864 2740 eodem
1907 2679 2080 2739 modo
2111 2681 2171 2739 in
2211 2678 2459 2758 reliquis
2489 2678 2634 2739 locis
2673 2682 2860 2759 scrip·

572 2796 699 2847 tum
747 2795 875 2847 erat
921 2788 1216 2847 constanti
1261 2789 1321 2846 in
1370 2786 1482 2847 hoc
1530 2785 1709 2846 verbo
1759 2805 1898 2869 usu,
1955 2785 1980 2844 I
2019 2783 2086 2868 2,
2124 2782 2220 2847 16.
2270 2782 2381 2868 54,
2412 2783 2469 2847 3.
2517 2781 2633 2865 59,
2662 2784 2724 2847 3.
2785 2784 2861 2845 IlI

572 2890 630 2975 5,
662 2892 719 2954 8.
771 2891 871 2975 14,
900 2890 958 2953 4.
1014 2891 1112 2974 17,
1145 2891 1200 2955 7.

748 2998 788 3061 2
851 3000 1187 3079 Ligneum
1244 3000 1511 3061 habent
1578 3002 1963 3061 incuruum
2030 2999 2367 3069 bacillum
2426 3002 2498 3061 in
2565 3019 2703 3080 quo
2773 3003 2865 3061 sit

572 3118 888 3169 extrema
946 3108 1226 3168 serrula
1289 3105 1565 3184 ferrea]
1634 3109 1921 3169 Batillum
1977 3126 2061 3186 m,
2128 3116 2194 3169 ut
2249 3108 2509 3187 videtur,
2576 3111 2862 3170 bacillum

575 3216 786 3294 reliqui
816 3233 1038 3276 omnes,
1106 3223 1376 3276 extremo
1408 3234 1477 3275 ex
1509 3217 1774 3295 principe
1805 3215 2063 3276 editione
2093 3194 2420 3296 receptum,
2456 3217 2556 3276 sed
2589 3218 2861 3277 batillum

572 3342 642 3382 ex
692 3321 895 3381 Aldina
944 3321 1216 3382 relictum
1266 3332 1419 3399 erat,
1478 3340 1829 3401 quamquam
1880 3326 2163 3384 bacillum
2213 3325 2272 3383 in
2324 3322 2552 3384 Iuntina
2601 3323 2859 3384 editione

573 3428 851 3507 Angelius
897 3431 1256 3490 restituerat.
1336 3434 1558 3491 vallum
1611 3430 1922 3509 legendum
1974 3432 2231 3491 coniecit
2279 3429 2683 3491 Schneiderus
2732 3429 2859 3491 coll.

574 3535 717 3595 Plin.
740 3534 919 3594 XVIII
941 3533 1070 3596 296
1108 3539 1444 3598 Galliarum
1475 3537 1820 3613 latifundiis
1851 3541 1997 3599 valli
2019 3540 2448 3614 praeqrandes
2489 3540 2771 3598 dentibus
2799 3541 2859 3598 in

571 3645 849 3717 marqine
896 3642 1131 3718 infestis
1188 3647 1425 3705 duabus
1482 3647 1633 3705 rotis
1684 3664 1800 3720 per
1854 3652 2112 3720 seqetem
2170 3648 2542 3722 inpelluntur
2599 3648 2859 3705 iumento

573 3754 634 3810 in
701 3753 1080 3811 contrarium
1148 3755 1377 3813 iuncto:
1439 3756 1525 3812 ita
1585 3755 1875 3828 dereptae
1940 3755 2001 3812 in
2061 3756 2285 3813 vallum
2341 3754 2574 3812 cadunt
2635 3755 2857 3828 spicae.

572 3857 726 3916 idem
775 3866 971 3917 tamen
1018 3845 1180 3917 recte
1231 3856 1494 3917 defendit
1534 3859 1837 3918 bacillum.
1913 3856 2272 3919 describitur
2310 3859 2466 3918 enim
2505 3860 2557 3918 is
2598 3858 2858 3919 metendi

572 3963 807 4044 modu3‚
870 3952 1005 4024 cum
1074 3966 1271 4043 spicae
1317 3962 1528 4024 bacillo
1576 3964 1771 4042 ligneo
1833 3966 2080 4025 incurvo
2149 3964 2739 4044 comprehenduntur
2800 3976 2857 4024 et

571 4069 798 4129 serrula
861 4071 1080 4153 ferrea,
1147 4089 1294 4149 quae
1352 4073 1413 4131 in
1471 4083 1736 4131 extremo
1794 4069 2003 4131 bacillo
2065 4071 2233 4131 affixa
2301 4077 2419 4152 est,
2483 4071 2855 4133 desecantur.

570 4177 709 4237 huic
765 4176 954 4238 simile
1012 4187 1101 4238 est
1158 4177 1301 4238 illud
1359 4196 1573 4258 genuS,
1634 4176 1789 4256 quod
1847 4176 2172 4238 Columella
2219 4174 2420 4253 1120,
2462 4175 2502 4238 3
2560 4178 2854 4259 indicavit,

574 4287 772 4345 multis
817 4288 1041 4360 merqis
1087 4290 1183 4346 vel
1217 4287 1562 4362 pectinibus
1607 4288 1839 4361 spicam
1888 4288 2079 4360 ipsam
2125 4289 2346 4359 lequnt.

748 4390 820 4450 In
880 4394 1111 4470 segeti
1168 4390 1632 4470 relinquunt]
1683 4393 1890 4466 Seqeti
1932 4390 2182 4469 plurima
2243 4390 2604 4471 apographa,
2658 4337 2853 4467 seqete

572 4501 631 4559 in
678 4499 947 4578 principe
996 4498 1254 4559 editione
1300 4498 1626 4559 Politianus
1674 4517 1791 4559 non
1840 4500 2115 4559 correxit.
